{"gold_per_floor":[116,116,41,54,70,70,105,105,105,116,126,138,158,168,168,246,246,264,164,164,181,198,198,2,2,2,19,19,39,53,73,73,73],"floor_reached":33,"playtime":2090,"items_purged":["Pain","Grand Finale","Dagger Spray"],"score":462,"play_id":"e3889e9e-f526-443f-b3f3-d770fc4a7636","local_time":"20191020220102","is_ascension_mode":true,"campfire_choices":[{"data":"Neutralize","floor":6,"key":"SMITH"},{"data":"Prepared","floor":8,"key":"SMITH"},{"floor":15,"key":"REST"},{"data":"Tactician","floor":23,"key":"SMITH"},{"floor":32,"key":"REST"}],"neow_cost":"CURSE","seed_source_timestamp":113644273070400,"circlet_count":0,"master_deck":["AscendersBane","Survivor","Neutralize+1","Clumsy","Eviscerate","Unload","Prepared+1","Dagger Throw","Adrenaline","Well Laid Plans","Dodge and Roll","Doppelganger","Eviscerate","Noxious Fumes","Corpse Explosion","Tactician+1","Leg Sweep","Bouncing Flask","Reflex","Blur","Predator","Sucker Punch+1"],"relics":["Ring of the Snake","WarpedTongs","Anchor","White Beast Statue","Pandora\u0027s Box","Blood Vial","Nunchaku"],"potions_floor_usage":[22,27,31],"damage_taken":[{"damage":0,"enemies":"Small Slimes","floor":1,"turns":4},{"damage":2,"enemies":"Cultist","floor":4,"turns":5},{"damage":0,"enemies":"Jaw Worm","floor":5,"turns":4},{"damage":18,"enemies":"Lagavulin","floor":7,"turns":7},{"damage":5,"enemies":"Gremlin Gang","floor":10,"turns":4},{"damage":6,"enemies":"3 Louse","floor":11,"turns":3},{"damage":0,"enemies":"Lots of Slimes","floor":12,"turns":5},{"damage":15,"enemies":"Gremlin Gang","floor":13,"turns":6},{"damage":0,"enemies":"Large Slime","floor":14,"turns":5},{"damage":15,"enemies":"Hexaghost","floor":16,"turns":13},{"damage":16,"enemies":"Shell Parasite","floor":18,"turns":4},{"damage":0,"enemies":"Chosen","floor":21,"turns":3},{"damage":4,"enemies":"3 Cultists","floor":22,"turns":3},{"damage":11,"enemies":"Snecko","floor":27,"turns":5},{"damage":9,"enemies":"Snake Plant","floor":29,"turns":4},{"damage":8,"enemies":"Centurion and Healer","floor":30,"turns":3},{"damage":9,"enemies":"Snecko","floor":31,"turns":5},{"damage":56,"enemies":"Champ","floor":33,"turns":10}],"seed_played":"-10841522622871108","potions_obtained":[{"floor":1,"key":"EssenceOfSteel"},{"floor":7,"key":"PowerPotion"},{"floor":14,"key":"Block Potion"},{"floor":20,"key":"Regen Potion"},{"floor":22,"key":"SpeedPotion"},{"floor":27,"key":"Fruit Juice"},{"floor":29,"key":"Explosive Potion"},{"floor":31,"key":"Strength Potion"}],"is_trial":false,"path_per_floor":["M","?","$","M","M","R","E","R","T","M","M","M","M","M","R","B",null,"M","$","?","M","M","R","$","?","T","M","?","M","M","M","R","B"],"character_chosen":"THE_SILENT","items_purchased":["Blur"],"campfire_rested":2,"item_purchase_floors":[24],"current_hp_per_floor":[63,63,63,61,61,61,43,43,43,38,32,32,17,17,38,23,58,42,42,42,42,38,38,38,38,38,34,34,27,21,28,50,0],"gold":73,"neow_bonus":"TRANSFORM_TWO_CARDS","is_prod":false,"is_daily":false,"chose_seed":false,"campfire_upgraded":3,"win_rate":0,"timestamp":1571576462,"path_taken":["M","?","?","?","M","R","E","R","T","M","M","M","M","M","R","BOSS","M","$","?","M","?","R","$","?","T","M","?","?","M","M","R","BOSS"],"build_version":"2019-10-18","purchased_purges":3,"victory":false,"max_hp_per_floor":[70,70,70,70,70,70,70,70,70,70,70,70,70,70,70,70,70,70,70,70,70,70,70,70,70,70,75,75,75,75,75,75,75],"card_choices":[{"not_picked":["Blade Dance","Dagger Spray"],"picked":"Prepared","floor":1},{"not_picked":["Slice","Skewer"],"picked":"Dagger Throw","floor":4},{"not_picked":["Sucker Punch","Poisoned Stab"],"picked":"Adrenaline","floor":5},{"not_picked":["Escape Plan","Expertise"],"picked":"Well Laid Plans","floor":7},{"not_picked":["Bouncing Flask","Skewer"],"picked":"Dodge and Roll","floor":10},{"not_picked":["Deflect","Prepared","PiercingWail"],"picked":"SKIP","floor":11},{"not_picked":["Flying Knee","Dagger Spray","Finisher"],"picked":"SKIP","floor":12},{"not_picked":["Concentrate","Accuracy","Die Die Die"],"picked":"SKIP","floor":13},{"not_picked":["Poisoned Stab","Cloak And Dagger","Outmaneuver"],"picked":"SKIP","floor":14},{"not_picked":["Bullet Time","Phantasmal Killer"],"picked":"Doppelganger","floor":16},{"not_picked":["Escape Plan","Outmaneuver","Deadly Poison"],"picked":"SKIP","floor":18},{"not_picked":["Eviscerate","Acrobatics"],"picked":"Reflex","floor":21},{"not_picked":["Poisoned Stab","Backflip","Malaise"],"picked":"SKIP","floor":22},{"not_picked":["Cloak And Dagger+1","Well Laid Plans"],"picked":"Predator","floor":27},{"not_picked":["Flying Knee","Prepared","All Out Attack"],"picked":"SKIP","floor":29},{"not_picked":["Dagger Throw","Footwork","Prepared"],"picked":"SKIP","floor":30},{"not_picked":["Backstab","Underhanded Strike"],"picked":"Sucker Punch+1","floor":31}],"player_experience":707037,"relics_obtained":[{"floor":7,"key":"Anchor"},{"floor":9,"key":"White Beast Statue"},{"floor":26,"key":"Blood Vial"},{"floor":28,"key":"Nunchaku"}],"event_choices":[{"damage_healed":0,"gold_gain":0,"player_choice":"Rummage","damage_taken":0,"relics_obtained":["WarpedTongs"],"max_hp_gain":0,"max_hp_loss":0,"event_name":"Accursed Blacksmith","floor":2,"gold_loss":0,"cards_obtained":["Pain"]},{"damage_healed":0,"gold_gain":0,"player_choice":"Got Potions","damage_taken":0,"max_hp_gain":0,"max_hp_loss":0,"event_name":"Lab","floor":20,"gold_loss":0},{"damage_healed":0,"gold_gain":0,"player_choice":"Relic","damage_taken":0,"max_hp_gain":0,"max_hp_loss":0,"event_name":"Wheel of Change","floor":28,"gold_loss":0}],"is_beta":true,"boss_relics":[{"not_picked":["SlaversCollar","Astrolabe"],"picked":"Pandora\u0027s Box"}],"items_purged_floors":[3,19,24],"is_endless":false,"potions_floor_spawned":[1,7,10,11,12,13,14,16,18,21,22,27,29,30,31],"killed_by":"Champ","ascension_level":13}