{"gold_per_floor":[217,232,247,261,278,278,310,272,296,296],"floor_reached":10,"playtime":617,"items_purged":[],"score":91,"play_id":"e3b8f5fd-7cec-415b-9777-6f8fd8595453","local_time":"20191011005106","is_ascension_mode":true,"campfire_choices":[{"data":"Neutralize","floor":6.0,"key":"SMITH"}],"neow_cost":"NONE","seed_source_timestamp":0,"circlet_count":0,"master_deck":["Strike_G","Strike_G","Strike_G","Strike_G","Strike_G","Defend_G","Defend_G","Defend_G","Defend_G","Defend_G","Survivor","Neutralize+1","Backflip","Infinite Blades","Infinite Blades","Cloak And Dagger","Caltrops"],"special_seed":0,"relics":["Ring of the Snake","Sundial","Omamori"],"potions_floor_usage":[7],"damage_taken":[{"damage":0.0,"enemies":"Jaw Worm","floor":1.0,"turns":5.0},{"damage":9.0,"enemies":"Cultist","floor":2.0,"turns":5.0},{"damage":12.0,"enemies":"Small Slimes","floor":3.0,"turns":4.0},{"damage":10.0,"enemies":"2 Fungi Beasts","floor":4.0,"turns":4.0},{"damage":7.0,"enemies":"Large Slime","floor":5.0,"turns":8.0},{"damage":19,"enemies":"3 Sentries","floor":7,"turns":7},{"damage":11,"enemies":"Lagavulin","floor":10,"turns":8}],"seed_played":"-8872276932489730569","potions_obtained":[{"floor":3.0,"key":"Poison Potion"},{"floor":5.0,"key":"FearPotion"},{"floor":7,"key":"SpeedPotion"}],"is_trial":false,"path_per_floor":["M","M","M","M","M","R","E","?","T","E"],"character_chosen":"THE_SILENT","items_purchased":[],"campfire_rested":0,"item_purchase_floors":[],"current_hp_per_floor":[63,54,42,32,25,25,6,6,6,0],"gold":296,"neow_bonus":"HUNDRED_GOLD","is_prod":false,"is_daily":false,"chose_seed":false,"campfire_upgraded":1,"win_rate":0,"timestamp":1570722666,"path_taken":["M","M","M","M","M","R","E","?","T","E"],"build_version":"2019-10-09","purchased_purges":0,"victory":false,"max_hp_per_floor":[70,70,70,70,70,70,70,70,70,70],"card_choices":[{"not_picked":["Expertise","Prepared"],"picked":"Backflip","floor":1.0},{"not_picked":["Calculated Gamble","Bane"],"picked":"Infinite Blades","floor":2.0},{"not_picked":["Acrobatics","Heel Hook"],"picked":"Infinite Blades","floor":3.0},{"not_picked":["Flying Knee","Poisoned Stab","All Out Attack"],"picked":"SKIP","floor":4.0},{"not_picked":["Quick Slash","Outmaneuver"],"picked":"Cloak And Dagger","floor":5.0},{"not_picked":["Bane","Cloak And Dagger"],"picked":"Caltrops","floor":7}],"player_experience":631568,"relics_obtained":[{"floor":7,"key":"Sundial"},{"floor":9,"key":"Omamori"}],"event_choices":[{"damage_healed":0,"gold_gain":0,"player_choice":"Left Gold","damage_taken":0,"max_hp_gain":0,"max_hp_loss":0,"event_name":"World of Goop","floor":8,"gold_loss":38}],"is_beta":true,"boss_relics":[],"items_purged_floors":[],"is_endless":false,"potions_floor_spawned":[3,5,7],"killed_by":"Lagavulin","ascension_level":6}