{"gold_per_floor":[109,109,109,122,142,142,200,200,250,283,293,293,303,303,303,402,402,413,429,429,449,464,464,477,495,495,512,512,522,522,550,550,550],"floor_reached":33,"playtime":1507,"items_purged":[],"score":422,"play_id":"7f6fbfa1-9e75-492b-9400-aa5cc0fc2ba4","local_time":"20191023231720","is_ascension_mode":true,"campfire_choices":[{"data":"Cloak And Dagger","floor":6,"key":"SMITH"},{"data":"Poisoned Stab","floor":8,"key":"SMITH"},{"data":"Cloak And Dagger","floor":15,"key":"SMITH"},{"floor":23,"key":"REST"},{"floor":30,"key":"REST"},{"floor":32,"key":"REST"}],"neow_cost":"NONE","seed_source_timestamp":3466576273439400,"circlet_count":0,"master_deck":["AscendersBane","Strike_G","Strike_G","Strike_G","Strike_G","Strike_G","Defend_G","Defend_G","Defend_G","Defend_G","Defend_G","Survivor","Neutralize+1","Sucker Punch","Flying Knee","Cloak And Dagger+1","Poisoned Stab+1","Bane","Cloak And Dagger+1","Masterful Stab","Glass Knife","Bouncing Flask","Eviscerate","Calculated Gamble","Dash"],"relics":["Ring of the Snake","Tiny Chest","Blood Vial","Pen Nib","Pantograph","Snecko Eye","Tough Bandages","Omamori","Gremlin Horn"],"potions_floor_usage":[16,16,16,16,18,24,25,29,31],"damage_taken":[{"damage":0,"enemies":"Small Slimes","floor":1,"turns":3},{"damage":0,"enemies":"2 Louse","floor":4,"turns":3},{"damage":2,"enemies":"Jaw Worm","floor":5,"turns":4},{"damage":18,"enemies":"Gremlin Nob","floor":7,"turns":5},{"damage":24,"enemies":"3 Sentries","floor":10,"turns":9},{"damage":0,"enemies":"Blue Slaver","floor":11,"turns":4},{"damage":5,"enemies":"Lots of Slimes","floor":13,"turns":3},{"damage":40,"enemies":"Slime Boss","floor":16,"turns":15},{"damage":2,"enemies":"2 Thieves","floor":18,"turns":4},{"damage":5,"enemies":"Chosen","floor":19,"turns":5},{"damage":32,"enemies":"Centurion and Healer","floor":21,"turns":9},{"damage":25,"enemies":"Shelled Parasite and Fungi","floor":22,"turns":6},{"damage":15,"enemies":"Cultist and Chosen","floor":24,"turns":5},{"damage":5,"enemies":"3 Cultists","floor":25,"turns":4},{"damage":8,"enemies":"Snake Plant","floor":27,"turns":3},{"damage":10,"enemies":"Centurion and Healer","floor":29,"turns":7},{"damage":7,"enemies":"Book of Stabbing","floor":31,"turns":3},{"damage":72,"enemies":"Champ","floor":33,"turns":14}],"seed_played":"-4998627510555988319","potions_obtained":[{"floor":7,"key":"EssenceOfSteel"},{"floor":10,"key":"GamblersBrew"},{"floor":11,"key":"EntropicBrew"},{"floor":16,"key":"Energy Potion"},{"floor":22,"key":"SkillPotion"},{"floor":24,"key":"GamblersBrew"},{"floor":25,"key":"Strength Potion"},{"floor":31,"key":"LiquidMemories"}],"is_trial":false,"path_per_floor":["M","?","?","M","M","R","E","R","T","E","M","?","M","?","R","B",null,"M","M","?","M","M","R","M","M","T","M","T","M","R","E","R","B"],"character_chosen":"THE_SILENT","items_purchased":[],"campfire_rested":3,"item_purchase_floors":[],"current_hp_per_floor":[70,75,75,75,73,73,55,55,55,33,35,23,20,20,20,7,63,63,60,60,30,7,31,18,15,15,9,9,1,25,20,44,0],"gold":550,"neow_bonus":"TEN_PERCENT_HP_BONUS","is_prod":false,"is_daily":false,"chose_seed":false,"campfire_upgraded":3,"win_rate":0,"timestamp":1571865440,"path_taken":["M","?","?","M","M","R","E","R","T","E","M","?","M","?","R","BOSS","M","M","?","M","M","R","M","M","T","M","?","M","R","E","R","BOSS"],"build_version":"2019-10-23","purchased_purges":0,"victory":false,"max_hp_per_floor":[77,82,82,82,82,82,82,82,82,82,82,82,82,82,82,82,82,82,82,82,82,82,82,82,82,82,82,82,82,82,82,82,82],"card_choices":[{"not_picked":["Backflip","PiercingWail"],"picked":"Sucker Punch","floor":1},{"not_picked":["Calculated Gamble","Prepared"],"picked":"Flying Knee","floor":4},{"not_picked":["Dagger Throw","Sucker Punch"],"picked":"Cloak And Dagger","floor":5},{"not_picked":["Blade Dance","Dagger Spray"],"picked":"Poisoned Stab","floor":7},{"not_picked":["Sucker Punch","Tools of the Trade"],"picked":"Bane","floor":10},{"not_picked":["Bane","Infinite Blades"],"picked":"Cloak And Dagger","floor":11},{"not_picked":["Deadly Poison","Distraction"],"picked":"Masterful Stab","floor":13},{"not_picked":["Phantasmal Killer","Doppelganger"],"picked":"Glass Knife","floor":16},{"not_picked":["Dodge and Roll+1","Deflect"],"picked":"Bouncing Flask","floor":18},{"not_picked":["Deflect+1","Endless Agony+1","Distraction"],"picked":"SKIP","floor":19},{"not_picked":["Dagger Spray","All Out Attack"],"picked":"Eviscerate","floor":21},{"not_picked":["Deadly Poison+1","Poisoned Stab"],"picked":"Calculated Gamble","floor":22},{"not_picked":["Slice","Poisoned Stab+1","Catalyst"],"picked":"SKIP","floor":24},{"not_picked":["Infinite Blades","Tactician+1","Bane+1"],"picked":"SKIP","floor":25},{"not_picked":["Dagger Throw","Slice","Adrenaline"],"picked":"SKIP","floor":27},{"not_picked":["Deadly Poison+1","Flying Knee","Infinite Blades+1"],"picked":"SKIP","floor":29},{"not_picked":["Catalyst","Sucker Punch"],"picked":"Dash","floor":31}],"player_experience":502458,"relics_obtained":[{"floor":7,"key":"Tiny Chest"},{"floor":9,"key":"Blood Vial"},{"floor":10,"key":"Pen Nib"},{"floor":26,"key":"Tough Bandages"},{"floor":28,"key":"Omamori"},{"floor":31,"key":"Gremlin Horn"}],"event_choices":[{"damage_healed":0,"gold_gain":0,"player_choice":"Donut","damage_taken":0,"max_hp_gain":5,"max_hp_loss":0,"event_name":"Big Fish","floor":2,"gold_loss":0},{"damage_healed":0,"gold_gain":0,"player_choice":"Grow","damage_taken":0,"max_hp_gain":0,"max_hp_loss":0,"event_name":"Living Wall","floor":3,"gold_loss":0,"cards_upgraded":["Neutralize"]},{"damage_healed":0,"gold_gain":0,"player_choice":"Success","damage_taken":12,"relics_obtained":["Pantograph"],"max_hp_gain":0,"max_hp_loss":0,"event_name":"Scrap Ooze","floor":12,"gold_loss":0},{"damage_healed":0,"gold_gain":0,"player_choice":"Ignored","damage_taken":0,"max_hp_gain":0,"max_hp_loss":0,"event_name":"Golden Idol","floor":14,"gold_loss":0},{"damage_healed":0,"gold_gain":0,"player_choice":"Ignored","damage_taken":0,"max_hp_gain":0,"max_hp_loss":0,"event_name":"The Mausoleum","floor":20,"gold_loss":0}],"is_beta":true,"boss_relics":[{"not_picked":["Runic Dome","Runic Pyramid"],"picked":"Snecko Eye"}],"items_purged_floors":[],"is_endless":false,"potions_floor_spawned":[7,10,11,16,22,24,25,31],"killed_by":"Champ","ascension_level":10}