{"gold_per_floor":[111,111,127,147,99,125,125,138,138,138,163,179,179,194,194,289,289,309,323,598,218,229,229,242,242,265,282,197,232,87,87,87,187,187,200,200,0,14,34,34,67,79,79,79,129,32,44,64,64,64],"floor_reached":51,"playtime":1682,"items_purged":["Regret"],"score":784,"play_id":"f148d064-bc04-4792-a964-c1754c527979","local_time":"20191023122002","is_ascension_mode":false,"campfire_choices":[{"data":"Armaments","floor":7.0,"key":"SMITH"},{"floor":10.0,"key":"REST"},{"data":"True Grit","floor":15.0,"key":"SMITH"},{"floor":23.0,"key":"REST"},{"data":"Clothesline","floor":25.0,"key":"SMITH"},{"data":"Sword Boomerang","floor":32.0,"key":"SMITH"},{"floor":40.0,"key":"REST"},{"floor":44.0,"key":"REST"},{"floor":49,"key":"REST"}],"neow_cost":"NONE","seed_source_timestamp":338211007437800,"circlet_count":0,"master_deck":["Strike_R","Strike_R","Strike_R","Strike_R","Strike_R","Defend_R","Defend_R","Defend_R","Defend_R","Bash","Cleave","Anger","Armaments+1","True Grit+1","Clothesline+1","Sword Boomerang+1","Thunderclap","Sword Boomerang+1","Heavy Blade+1","Flash of Steel"],"special_seed":0,"relics":["Black Blood","Shuriken","Vajra","Self Forming Clay","Bottled Lightning","FaceOfCleric","Mark of Pain","Sling","Anchor","Akabeko","Ginger","Juzu Bracelet","Lee\u0027s Waffle","MutagenicStrength","Red Mask","Pen Nib","Red Skull","Torii"],"potions_floor_usage":[50],"damage_taken":[{"damage":1.0,"enemies":"2 Louse","floor":1.0,"turns":2.0},{"damage":1.0,"enemies":"Jaw Worm","floor":3.0,"turns":3.0},{"damage":6.0,"enemies":"Cultist","floor":4.0,"turns":3.0},{"damage":35.0,"enemies":"3 Sentries","floor":6.0,"turns":6.0},{"damage":7.0,"enemies":"Exordium Wildlife","floor":8.0,"turns":4.0},{"damage":25.0,"enemies":"Gremlin Nob","floor":11.0,"turns":4.0},{"damage":1.0,"enemies":"Red Slaver","floor":12.0,"turns":4.0},{"damage":0.0,"enemies":"Large Slime","floor":14.0,"turns":3.0},{"damage":16.0,"enemies":"Slime Boss","floor":16.0,"turns":6.0},{"damage":10.0,"enemies":"3 Byrds","floor":18.0,"turns":7.0},{"damage":14.0,"enemies":"Spheric Guardian","floor":19.0,"turns":5.0},{"damage":33.0,"enemies":"Snake Plant","floor":22.0,"turns":6.0},{"damage":11.0,"enemies":"Snecko","floor":24.0,"turns":4.0},{"damage":22.0,"enemies":"3 Cultists","floor":27.0,"turns":5.0},{"damage":44.0,"enemies":"Gremlin Leader","floor":29.0,"turns":6.0},{"damage":69.0,"enemies":"Collector","floor":33.0,"turns":7.0},{"damage":0.0,"enemies":"Orb Walker","floor":35.0,"turns":2.0},{"damage":18.0,"enemies":"3 Darklings","floor":38.0,"turns":3.0},{"damage":28.0,"enemies":"Spire Growth","floor":39.0,"turns":5.0},{"damage":54.0,"enemies":"Nemesis","floor":41.0,"turns":9.0},{"damage":8.0,"enemies":"Jaw Worm Horde","floor":42.0,"turns":3.0},{"damage":44.0,"enemies":"Mind Bloom Boss Battle","floor":45.0,"turns":5.0},{"damage":6.0,"enemies":"Sphere and 2 Shapes","floor":47.0,"turns":6.0},{"damage":0.0,"enemies":"4 Shapes","floor":48.0,"turns":1.0},{"damage":95,"enemies":"Awakened One","floor":50,"turns":11}],"seed_played":"-4782202168857018616","potions_obtained":[{"floor":3.0,"key":"Dexterity Potion"},{"floor":6.0,"key":"Energy Potion"},{"floor":11.0,"key":"AttackPotion"},{"floor":16.0,"key":"FearPotion"},{"floor":29.0,"key":"FairyPotion"},{"floor":36.0,"key":"Fire Potion"}],"is_trial":false,"path_per_floor":["M","?","M","M","$","E","R","M","T","R","E","M","?","M","R","B",null,"M","M","?","$","M","R","M","R","T","M","?","E","$","?","R","B",null,"M","?","?","M","M","R","E","M","T","R","?","$","M","M","R","B",null],"character_chosen":"IRONCLAD","items_purchased":["Armaments","Sling","Anchor","Lee\u0027s Waffle","Flash of Steel"],"campfire_rested":5,"item_purchase_floors":[5,21,21,30,46],"current_hp_per_floor":[80,73,78,78,78,49,49,48,48,72,53,58,58,65,65,56,82,79,72,72,72,46,71,67,67,67,52,52,15,95,95,95,33,96,97,97,97,92,77,99,58,63,63,93,62,62,69,82,104,22],"gold":64,"neow_bonus":"THREE_CARDS","is_prod":false,"is_daily":false,"chose_seed":false,"campfire_upgraded":4,"win_rate":0,"timestamp":1571800802,"path_taken":["M","?","M","M","$","E","R","M","T","R","E","M","?","M","R","BOSS","M","?","?","$","M","R","?","R","T","M","?","E","$","?","R","BOSS","M","?","?","M","M","R","E","M","T","R","?","?","M","M","R","BOSS"],"build_version":"2019-10-22","purchased_purges":1,"victory":true,"max_hp_per_floor":[80,80,80,80,80,80,80,80,80,80,80,80,80,81,81,82,82,83,84,84,84,85,85,86,86,86,87,87,88,95,95,95,96,96,97,97,97,98,99,99,100,101,101,101,102,102,103,104,104,105],"card_choices":[{"not_picked":["Shrug It Off","Clash"],"picked":"Cleave","floor":0.0},{"not_picked":["Body Slam","Pummel","Dual Wield"],"picked":"SKIP","floor":1.0},{"not_picked":["Clash","Cleave"],"picked":"Anger","floor":3.0},{"not_picked":["Metallicize","Anger","Clash"],"picked":"SKIP","floor":4.0},{"not_picked":["Body Slam","Carnage"],"picked":"True Grit","floor":6.0},{"not_picked":["Cleave","Entrench","Body Slam"],"picked":"SKIP","floor":8.0},{"not_picked":["Clash","Twin Strike","Sword Boomerang"],"picked":"SKIP","floor":11.0},{"not_picked":["Iron Wave","Body Slam","Intimidate"],"picked":"SKIP","floor":12.0},{"not_picked":["Spot Weakness","Brutality","Sentinel"],"picked":"SKIP","floor":14.0},{"not_picked":["Heavy Blade","Shrug It Off"],"picked":"Clothesline","floor":18.0},{"not_picked":["Blood for Blood+1","Infernal Blade+1","Metallicize+1"],"picked":"SKIP","floor":19.0},{"not_picked":["Blood for Blood+1","Infernal Blade+1","Metallicize+1"],"picked":"SKIP","floor":19.0},{"not_picked":["Metallicize","Heavy Blade"],"picked":"Sword Boomerang+1","floor":22.0},{"not_picked":["Iron Wave","Heavy Blade+1","Warcry"],"picked":"SKIP","floor":24.0},{"not_picked":["Sentinel","Reckless Charge+1"],"picked":"Thunderclap","floor":27.0},{"not_picked":["Second Wind","Juggernaut"],"picked":"Sword Boomerang","floor":29.0},{"not_picked":["Burning Pact","Havoc"],"picked":"Heavy Blade+1","floor":35.0},{"not_picked":["Evolve+1","Cleave+1","Havoc"],"picked":"SKIP","floor":38.0},{"not_picked":["Cleave","Pommel Strike","Warcry"],"picked":"SKIP","floor":39.0},{"not_picked":["Corruption","Hemokinesis","Clash"],"picked":"SKIP","floor":41.0},{"not_picked":["Havoc+1","Clash","Iron Wave"],"picked":"SKIP","floor":42.0},{"not_picked":["Havoc","Battle Trance","Evolve"],"picked":"SKIP","floor":47.0},{"not_picked":["Fire Breathing","Warcry+1","Armaments"],"picked":"SKIP","floor":48.0}],"player_experience":737717,"relics_obtained":[{"floor":6.0,"key":"Vajra"},{"floor":9.0,"key":"Self Forming Clay"},{"floor":11.0,"key":"Bottled Lightning"},{"floor":26.0,"key":"Akabeko"},{"floor":29.0,"key":"Juzu Bracelet"},{"floor":41.0,"key":"Pen Nib"},{"floor":43.0,"key":"Red Skull"},{"floor":45.0,"key":"Torii"}],"event_choices":[{"damage_healed":0.0,"max_hp_gain":0.0,"max_hp_loss":0.0,"gold_gain":0.0,"event_name":"Scrap Ooze","player_choice":"Success","floor":2.0,"gold_loss":0.0,"damage_taken":7.0,"relics_obtained":["Shuriken"]},{"damage_healed":0.0,"max_hp_gain":0.0,"max_hp_loss":0.0,"gold_gain":0.0,"event_name":"FaceTrader","player_choice":"Trade","floor":13.0,"gold_loss":0.0,"damage_taken":0.0,"relics_obtained":["FaceOfCleric"]},{"damage_healed":0.0,"max_hp_gain":0.0,"max_hp_loss":0.0,"gold_gain":275.0,"event_name":"Golden Shrine","player_choice":"Desecrate","floor":20.0,"gold_loss":0.0,"damage_taken":0.0,"cards_obtained":["Regret"]},{"damage_healed":0.0,"max_hp_gain":0.0,"max_hp_loss":0.0,"gold_gain":0.0,"event_name":"Addict","player_choice":"Obtained Relic","floor":28.0,"gold_loss":85.0,"damage_taken":0.0,"relics_obtained":["Ginger"]},{"damage_healed":0.0,"max_hp_gain":0.0,"max_hp_loss":0.0,"gold_gain":0.0,"event_name":"Drug Dealer","player_choice":"Inject Mutagens","floor":31.0,"gold_loss":0.0,"damage_taken":0.0,"relics_obtained":["MutagenicStrength"]},{"damage_healed":0.0,"max_hp_gain":0.0,"max_hp_loss":0.0,"gold_gain":0.0,"event_name":"Lab","player_choice":"Got Potions","floor":36.0,"gold_loss":0.0,"damage_taken":0.0},{"damage_healed":0.0,"max_hp_gain":0.0,"max_hp_loss":0.0,"gold_gain":0.0,"event_name":"Tomb of Lord Red Mask","player_choice":"Paid","floor":37.0,"gold_loss":200.0,"damage_taken":0.0,"relics_obtained":["Red Mask"]},{"damage_healed":0.0,"max_hp_gain":0.0,"max_hp_loss":0.0,"gold_gain":0.0,"event_name":"MindBloom","player_choice":"Fight","floor":45.0,"gold_loss":0.0,"damage_taken":0.0}],"is_beta":true,"boss_relics":[{"not_picked":["Philosopher\u0027s Stone","Ectoplasm"],"picked":"Mark of Pain"},{"not_picked":["Velvet Choker","Tiny House"],"picked":"Black Blood"}],"items_purged_floors":[21],"is_endless":false,"potions_floor_spawned":[3,6,11,16,19,22,29,35,38,41,48],"ascension_level":0}