{"gold_per_floor":[115,126,140,73,90,90,116,116,116,145,145,145,145,145,145,249,249,263,276,276,201,213,213,226,226,226,226,111,122,122,134,134,237,237,254,254,86,101,112,112,212,212,212,224,224,224],"floor_reached":46,"playtime":1738,"items_purged":["Strike_G","Strike_G+1"],"score":642,"play_id":"a621588a-c9bb-4828-afe0-145671e65a7e","local_time":"20190419130651","is_ascension_mode":true,"campfire_choices":[{"data":"Cloak And Dagger","floor":6.0,"key":"SMITH"},{"data":"A Thousand Cuts","floor":8.0,"key":"SMITH"},{"floor":15.0,"key":"REST"},{"floor":23,"key":"REST"},{"floor":25,"key":"REST"},{"floor":32,"key":"REST"},{"floor":40,"key":"REST"},{"data":"Survivor","floor":42,"key":"SMITH"}],"neow_cost":"NONE","seed_source_timestamp":756311071363073,"circlet_count":0,"master_deck":["AscendersBane","Defend_G","Defend_G","Defend_G","Defend_G","Strike_G+1","Survivor+1","Neutralize+1","Cloak And Dagger+1","Noxious Fumes","A Thousand Cuts+1","Burst+1","Noxious Fumes","Blur+1","Accuracy","Cloak And Dagger+1"],"special_seed":0,"relics":["Ring of the Snake","Regal Pillow","Toxic Egg 2","Kunai","Ornamental Fan","Busted Crown","Whetstone","Question Card","Empty Cage","Nunchaku","Ginger","Meat on the Bone"],"potions_floor_usage":[38],"damage_taken":[{"damage":0.0,"enemies":"Jaw Worm","floor":1.0,"turns":6.0},{"damage":0.0,"enemies":"2 Louse","floor":2.0,"turns":4.0},{"damage":0.0,"enemies":"Small Slimes","floor":3.0,"turns":5.0},{"damage":13.0,"enemies":"3 Louse","floor":5.0,"turns":7.0},{"damage":17.0,"enemies":"Gremlin Nob","floor":7.0,"turns":5.0},{"damage":22.0,"enemies":"Lagavulin","floor":10.0,"turns":8.0},{"damage":14.0,"enemies":"Hexaghost","floor":16.0,"turns":13.0},{"damage":10,"enemies":"2 Thieves","floor":18,"turns":4},{"damage":15,"enemies":"Shell Parasite","floor":19,"turns":8},{"damage":29,"enemies":"Chosen and Byrds","floor":22,"turns":8},{"damage":15,"enemies":"Snake Plant","floor":24,"turns":6},{"damage":8,"enemies":"Centurion and Healer","floor":29,"turns":6},{"damage":18,"enemies":"Sentry and Sphere","floor":31,"turns":6},{"damage":29,"enemies":"Automaton","floor":33,"turns":14},{"damage":28,"enemies":"3 Darklings","floor":35,"turns":5},{"damage":2,"enemies":"Orb Walker","floor":38,"turns":6},{"damage":19,"enemies":"4 Shapes","floor":39,"turns":5},{"damage":15,"enemies":"Mind Bloom Boss Battle","floor":41,"turns":8},{"damage":18,"enemies":"Jaw Worm Horde","floor":44,"turns":4},{"damage":28,"enemies":"Sphere and 2 Shapes","floor":46,"turns":5}],"seed_played":"8081885241693271963","potions_obtained":[{"floor":2.0,"key":"EssenceOfSteel"},{"floor":5.0,"key":"Ancient Potion"},{"floor":24,"key":"FairyPotion"},{"floor":31,"key":"Poison Potion"},{"floor":33,"key":"LiquidBronze"},{"floor":35,"key":"AttackPotion"}],"is_trial":false,"path_per_floor":["M","M","M","$","M","R","E","R","T","E","?","?","?","?","R","B",null,"M","M","?","?","M","R","M","R","T","T","$","M","$","M","R","B",null,"M","?","$","M","M","R","?","R","T","M","T","M"],"character_chosen":"THE_SILENT","items_purchased":["Noxious Fumes","Noxious Fumes","Accuracy"],"campfire_rested":5,"item_purchase_floors":[4,28,37],"current_hp_per_floor":[63,63,63,63,50,50,33,33,33,11,4,4,21,21,57,43,63,53,38,38,38,9,45,30,66,66,66,66,58,58,40,70,41,61,33,33,33,31,12,47,32,32,32,14,14,0],"gold":224,"neow_bonus":"UPGRADE_CARD","is_prod":false,"is_daily":false,"chose_seed":false,"campfire_upgraded":3,"win_rate":0,"timestamp":1555672011,"path_taken":["M","M","M","$","M","R","E","R","T","E","?","?","?","?","R","BOSS","M","?","?","?","M","R","M","R","T","?","$","M","$","M","R","BOSS","M","?","$","M","M","R","?","R","T","M","?","?"],"build_version":"2019-01-23","purchased_purges":2,"victory":false,"max_hp_per_floor":[70,70,70,70,70,70,70,70,70,70,70,70,70,70,70,70,70,70,70,70,70,70,70,70,70,70,70,70,70,70,70,70,70,67,67,67,67,67,67,67,67,67,67,67,67,67],"card_choices":[{"not_picked":["Quick Slash","Deflect","Backflip"],"picked":"SKIP","floor":1.0},{"not_picked":["Sucker Punch","Slice","Blade Dance"],"picked":"SKIP","floor":2.0},{"not_picked":["Masterful Stab","Slice"],"picked":"Cloak And Dagger","floor":3.0},{"not_picked":["Deflect","Prepared"],"picked":"A Thousand Cuts","floor":5.0},{"not_picked":["Bane","Backflip","Dagger Spray"],"picked":"SKIP","floor":7.0},{"not_picked":["Bane","Wraith Form v2","Deflect+1"],"picked":"SKIP","floor":10.0},{"not_picked":["Bullet Time+1","Doppelganger+1"],"picked":"Burst+1","floor":16.0},{"not_picked":["Poisoned Stab"],"picked":"SKIP","floor":18},{"not_picked":["Deflect+1"],"picked":"SKIP","floor":19},{"not_picked":["Slice"],"picked":"SKIP","floor":22},{"not_picked":["Well Laid Plans"],"picked":"SKIP","floor":24},{"not_picked":["Deflect+1","All Out Attack"],"picked":"SKIP","floor":29},{"not_picked":["Escape Plan+1"],"picked":"Blur+1","floor":31},{"not_picked":["Dagger Throw","Distraction+1"],"picked":"SKIP","floor":35},{"not_picked":["Bane+1","Flying Knee"],"picked":"SKIP","floor":38},{"not_picked":["Heel Hook+1","Deflect+1"],"picked":"SKIP","floor":39},{"not_picked":["Masterful Stab+1"],"picked":"Cloak And Dagger+1","floor":41},{"not_picked":["Leg Sweep+1","Calculated Gamble+1"],"picked":"SKIP","floor":44}],"player_experience":425011,"relics_obtained":[{"floor":7.0,"key":"Regal Pillow"},{"floor":9.0,"key":"Toxic Egg 2"},{"floor":10.0,"key":"Kunai"},{"floor":26,"key":"Whetstone"},{"floor":27,"key":"Question Card"},{"floor":41,"key":"Nunchaku"},{"floor":43,"key":"Ginger"},{"floor":45,"key":"Meat on the Bone"}],"event_choices":[{"cards_removed":["Strike_G"],"damage_healed":0.0,"max_hp_gain":0.0,"max_hp_loss":0.0,"gold_gain":0.0,"event_name":"Golden Wing","player_choice":"Card Removal","floor":11.0,"gold_loss":0.0,"damage_taken":7.0},{"damage_healed":0.0,"max_hp_gain":0.0,"max_hp_loss":0.0,"gold_gain":0.0,"event_name":"Dead Adventurer","player_choice":"Searched \u00271\u0027 times","floor":12.0,"gold_loss":0.0,"damage_taken":0.0,"relics_obtained":["Ornamental Fan"]},{"damage_healed":17.0,"max_hp_gain":0.0,"max_hp_loss":0.0,"gold_gain":0.0,"event_name":"Mushrooms","player_choice":"Healed and dodged fight","floor":13.0,"gold_loss":0.0,"damage_taken":0.0,"cards_obtained":["Parasite"]},{"damage_healed":0.0,"max_hp_gain":0.0,"max_hp_loss":0.0,"gold_gain":0.0,"event_name":"Match and Keep!","player_choice":"0 cards matched","floor":14.0,"gold_loss":0.0,"damage_taken":0.0,"cards_obtained":[]},{"damage_healed":0,"gold_gain":0,"player_choice":"Ignored","damage_taken":0,"max_hp_gain":0,"max_hp_loss":0,"event_name":"The Mausoleum","floor":20,"gold_loss":0},{"cards_removed":["Strike_G"],"damage_healed":0,"gold_gain":0,"player_choice":"Gave Gold","damage_taken":0,"max_hp_gain":0,"max_hp_loss":0,"event_name":"Beggar","floor":21,"gold_loss":75},{"damage_healed":0,"gold_gain":0,"player_choice":"Memory 1","damage_taken":0,"max_hp_gain":0,"max_hp_loss":0,"event_name":"SensoryStone","floor":36,"gold_loss":0},{"damage_healed":0,"gold_gain":0,"player_choice":"Fight","damage_taken":0,"max_hp_gain":0,"max_hp_loss":0,"event_name":"MindBloom","floor":41,"gold_loss":0}],"is_beta":false,"boss_relics":[{"not_picked":["Runic Dome","Pandora\u0027s Box"],"picked":"Busted Crown"},{"not_picked":["Snecko Eye","Orrery"],"picked":"Empty Cage"}],"items_purged_floors":[28,37],"is_endless":false,"potions_floor_spawned":[2,5,24,31,33,35],"killed_by":"Sphere and 2 Shapes","ascension_level":10}