{"gold_per_floor":[115,128,128,128,146,146,185,199,223,99,99,117,141,160,160,256,256,276,113,131,131,144,144,188,207,207,207,207,226,226],"floor_reached":30,"playtime":1408,"items_purged":["Concentrate"],"score":457,"play_id":"92eb14d0-8cb0-4513-a9f2-275dec21c908","local_time":"20191022144803","is_ascension_mode":true,"campfire_choices":[{"floor":6,"key":"REST"},{"floor":11,"key":"REST"},{"data":"Neutralize","floor":15,"key":"SMITH"},{"data":"Apotheosis","floor":23,"key":"SMITH"},{"floor":27,"key":"REST"}],"neow_cost":"PERCENT_DAMAGE","seed_source_timestamp":261146028447800,"circlet_count":0,"master_deck":["AscendersBane","Strike_G+1","Defend_G","Defend_G+1","Defend_G","Defend_G","Survivor","Neutralize+1","Backstab","Caltrops","Dodge and Roll","Infinite Blades","Footwork","Deadly Poison","All Out Attack","Dash","Footwork","Envenom","Phantasmal Killer+1","Prepared+1","Unload+1","Dodge and Roll","Apotheosis+1","Ghostly","Ghostly","Ghostly","Ghostly","Ghostly","Backflip","Catalyst"],"relics":["Ring of the Snake","Golden Idol","Smiling Mask","Regal Pillow","Astrolabe","Dream Catcher","Singing Bowl","Bird Faced Urn"],"potions_floor_usage":[7,16,24,29],"damage_taken":[{"damage":0,"enemies":"2 Louse","floor":1,"turns":4},{"damage":3,"enemies":"Jaw Worm","floor":2,"turns":4},{"damage":0,"enemies":"Cultist","floor":5,"turns":5},{"damage":14,"enemies":"3 Sentries","floor":7,"turns":9},{"damage":0,"enemies":"Blue Slaver","floor":8,"turns":6},{"damage":9,"enemies":"Exordium Wildlife","floor":12,"turns":6},{"damage":0,"enemies":"Looter","floor":13,"turns":4},{"damage":1,"enemies":"Blue Slaver","floor":14,"turns":4},{"damage":20,"enemies":"Slime Boss","floor":16,"turns":13},{"damage":0,"enemies":"Shell Parasite","floor":18,"turns":7},{"damage":10,"enemies":"Chosen","floor":20,"turns":7},{"damage":1,"enemies":"Centurion and Healer","floor":22,"turns":10},{"damage":6,"enemies":"Slavers","floor":24,"turns":9},{"damage":15,"enemies":"Shelled Parasite and Fungi","floor":25,"turns":9},{"damage":19,"enemies":"Sentry and Sphere","floor":29,"turns":11},{"damage":28,"enemies":"3 Cultists","floor":30,"turns":5}],"seed_played":"2449376067336821298","potions_obtained":[{"floor":5,"key":"LiquidBronze"},{"floor":7,"key":"CunningPotion"},{"floor":8,"key":"Explosive Potion"},{"floor":18,"key":"Ancient Potion"},{"floor":25,"key":"GhostInAJar"}],"is_trial":false,"path_per_floor":["M","M","?","?","M","R","E","M","T","$","R","M","M","M","R","B",null,"M","$","M","?","M","R","E","M","T","R","?","M","M"],"character_chosen":"THE_SILENT","items_purchased":["Regen Potion","Apotheosis"],"campfire_rested":3,"item_purchase_floors":[10,19],"current_hp_per_floor":[44,41,25,12,12,31,17,17,17,17,51,42,42,41,41,36,59,59,59,49,33,32,32,26,11,11,35,35,16,0],"gold":226,"neow_bonus":"TRANSFORM_TWO_CARDS","is_prod":false,"is_daily":false,"chose_seed":false,"campfire_upgraded":2,"win_rate":0,"timestamp":1571723283,"path_taken":["M","M","?","?","?","R","E","M","T","$","R","M","M","M","R","BOSS","M","$","M","?","M","R","E","M","T","R","?","M","?"],"build_version":"2019-10-21","purchased_purges":1,"victory":false,"max_hp_per_floor":[66,66,66,66,66,66,66,66,66,66,66,66,66,66,66,66,66,66,66,66,33,33,33,33,33,33,35,35,35,35],"card_choices":[{"not_picked":["Backflip","Prepared"],"picked":"Caltrops","floor":1},{"not_picked":["Masterful Stab","Well Laid Plans"],"picked":"Dodge and Roll","floor":2},{"not_picked":["Accuracy","Tactician"],"picked":"Infinite Blades","floor":5},{"not_picked":["Slice","Deadly Poison"],"picked":"Footwork","floor":7},{"not_picked":["Endless Agony","Blade Dance"],"picked":"Deadly Poison","floor":8},{"not_picked":["Heel Hook","Acrobatics"],"picked":"All Out Attack","floor":12},{"not_picked":["PiercingWail","Backstab"],"picked":"Dash","floor":13},{"not_picked":["Deadly Poison","Acrobatics"],"picked":"Footwork","floor":14},{"not_picked":["Tools of the Trade","Unload"],"picked":"Envenom","floor":16},{"not_picked":["Slice","Predator"],"picked":"Dodge and Roll","floor":18},{"not_picked":["Accuracy","Eviscerate","Dagger Throw"],"picked":"SKIP","floor":20},{"not_picked":["Tactician","Outmaneuver"],"picked":"Backflip","floor":22},{"not_picked":["Sucker Punch","Finisher","Poisoned Stab"],"picked":"SKIP","floor":24},{"not_picked":["Bane","Venomology","Acrobatics"],"picked":"SKIP","floor":25},{"not_picked":["Sucker Punch","Skewer","Backstab"],"picked":"Singing Bowl","floor":27},{"not_picked":["Heel Hook","Underhanded Strike"],"picked":"Catalyst","floor":29}],"player_experience":716354,"relics_obtained":[{"floor":7,"key":"Smiling Mask"},{"floor":9,"key":"Regal Pillow"},{"floor":24,"key":"Dream Catcher"},{"floor":26,"key":"Singing Bowl"},{"floor":28,"key":"Bird Faced Urn"}],"event_choices":[{"damage_healed":0,"gold_gain":0,"player_choice":"Take Damage","damage_taken":16,"relics_obtained":["Golden Idol"],"max_hp_gain":0,"max_hp_loss":0,"event_name":"Golden Idol","floor":3,"gold_loss":0},{"damage_healed":0,"gold_gain":0,"player_choice":"Entered Light","damage_taken":13,"max_hp_gain":0,"max_hp_loss":0,"event_name":"Shining Light","floor":4,"gold_loss":0,"cards_upgraded":["Strike_G","Defend_G"]},{"damage_healed":0,"gold_gain":0,"player_choice":"Became a Ghost","damage_taken":0,"max_hp_gain":0,"max_hp_loss":33,"event_name":"Ghosts","floor":21,"gold_loss":0,"cards_obtained":["Ghostly","Ghostly","Ghostly","Ghostly","Ghostly"]},{"damage_healed":0,"gold_gain":0,"player_choice":"Relic","damage_taken":0,"max_hp_gain":0,"max_hp_loss":0,"event_name":"Wheel of Change","floor":28,"gold_loss":0}],"is_beta":true,"boss_relics":[{"not_picked":["Black Star","Philosopher\u0027s Stone"],"picked":"Astrolabe"}],"items_purged_floors":[10],"is_endless":false,"potions_floor_spawned":[5,7,8,13,14,18,25],"killed_by":"3 Cultists","ascension_level":14}