{"gold_per_floor":[111,111,126,136,136,171,171,182,239,239,189,189,202,277,277,277],"floor_reached":16,"playtime":397,"items_purged":[],"score":150,"play_id":"0ee7fb33-c791-4c86-9429-78b9765b5106","local_time":"20190421114412","is_ascension_mode":true,"campfire_choices":[{"floor":7,"key":"REST"},{"floor":10,"key":"REST"},{"data":"Neutralize","floor":12,"key":"SMITH"},{"floor":15,"key":"REST"}],"neow_cost":"NONE","seed_source_timestamp":925558865005511,"circlet_count":0,"master_deck":["AscendersBane","Defend_G","Defend_G","Defend_G","Defend_G","Defend_G","Strike_G","Strike_G","Strike_G","Survivor","Neutralize+1","Deadly Poison","Dagger Spray"],"special_seed":0,"relics":["Ring of the Snake","NeowsBlessing","Boot","Tiny Chest"],"potions_floor_usage":[16],"damage_taken":[{"damage":0,"enemies":"Cultist","floor":1,"turns":1},{"damage":0,"enemies":"Small Slimes","floor":3,"turns":1},{"damage":0,"enemies":"2 Louse","floor":4,"turns":1},{"damage":57,"enemies":"3 Sentries","floor":6,"turns":17},{"damage":1,"enemies":"Blue Slaver","floor":8,"turns":4},{"damage":0,"enemies":"Exordium Thugs","floor":13,"turns":6},{"damage":66,"enemies":"Slime Boss","floor":16,"turns":8}],"seed_played":"5806053932572479852","potions_obtained":[{"floor":6,"key":"Strength Potion"},{"floor":13,"key":"Explosive Potion"}],"is_trial":false,"path_per_floor":["M","$","M","M","?","E","R","M","T","R","?","R","M","?","R","B"],"character_chosen":"THE_SILENT","items_purchased":[],"campfire_rested":3,"item_purchase_floors":[],"current_hp_per_floor":[63,63,63,63,63,6,27,26,26,47,47,47,47,36,57,0],"gold":277,"neow_bonus":"THREE_ENEMY_KILL","is_prod":false,"is_daily":false,"chose_seed":false,"campfire_upgraded":1,"win_rate":0,"timestamp":1555839852,"path_taken":["M","$","M","M","?","E","R","?","T","R","?","R","M","?","R","BOSS"],"build_version":"2019-01-23","purchased_purges":0,"victory":false,"max_hp_per_floor":[70,70,70,70,70,70,70,70,70,70,70,70,70,70,70,70],"card_choices":[{"not_picked":["Dodge and Roll","Deflect","Eviscerate"],"picked":"SKIP","floor":1},{"not_picked":["Deflect","Blade Dance","Eviscerate"],"picked":"SKIP","floor":3},{"not_picked":["Bane","Sucker Punch"],"picked":"Deadly Poison","floor":4},{"not_picked":["Prepared","Phantasmal Killer"],"picked":"Dagger Spray","floor":6},{"not_picked":["Deflect","PiercingWail","Terror"],"picked":"SKIP","floor":8},{"not_picked":["All Out Attack","Finisher","PiercingWail"],"picked":"SKIP","floor":13}],"player_experience":438876,"relics_obtained":[{"floor":6,"key":"Boot"},{"floor":9,"key":"Tiny Chest"}],"event_choices":[{"cards_removed":["Strike_G"],"damage_healed":0,"gold_gain":0,"player_choice":"Card Removal","damage_taken":0,"max_hp_gain":0,"max_hp_loss":0,"event_name":"Wheel of Change","floor":5,"gold_loss":0},{"cards_removed":["Strike_G"],"damage_healed":0,"gold_gain":0,"player_choice":"Card Removal","damage_taken":0,"max_hp_gain":0,"max_hp_loss":0,"event_name":"The Cleric","floor":11,"gold_loss":50},{"damage_healed":0,"gold_gain":75,"player_choice":"Gather Gold","damage_taken":11,"max_hp_gain":0,"max_hp_loss":0,"event_name":"World of Goop","floor":14,"gold_loss":0}],"is_beta":false,"boss_relics":[],"items_purged_floors":[],"is_endless":false,"potions_floor_spawned":[6,13],"killed_by":"Slime Boss","ascension_level":10}