{"gold_per_floor":[119,136,148,48,65,97,97,126,126,143,153,153,186,205,205,283,283,298,298,82,82,30,30,30,59,83,96,116,116,116,132,132,203,203,223,223,572,587,602,602,192,192,192,206,236,236,251,261,261,261],"floor_reached":50,"playtime":2749,"items_purged":[],"score":1052,"play_id":"021a0f54-3c2d-459e-9811-4308be8fe30b","local_time":"20191002002900","is_ascension_mode":true,"campfire_choices":[{"floor":7.0,"key":"REST"},{"floor":12.0,"key":"REST"},{"floor":15.0,"key":"REST"},{"data":"Sunder","floor":23.0,"key":"SMITH"},{"data":"Beam Cell","floor":29.0,"key":"SMITH"},{"data":"Loop","floor":32.0,"key":"SMITH"},{"data":"Go for the Eyes","floor":40.0,"key":"SMITH"},{"data":"Darkness","floor":46.0,"key":"SMITH"},{"data":"Biased Cognition","floor":49.0,"key":"SMITH"}],"neow_cost":"NONE","seed_source_timestamp":800821359677300,"circlet_count":0,"master_deck":["AscendersBane","Defend_B","Defend_B+1","Defend_B","Defend_B","Zap+1","Dualcast+1","Compile Driver","Beam Cell+1","Sunder+1","Go for the Eyes+1","Sweeping Beam","Conserve Battery","Coolheaded","Self Repair","Loop+1","Steam","Biased Cognition+1","Ball Lightning","Bite","Bite","Bite","Bite","Bite","Cold Snap","Steam","Self Repair","Self Repair","Darkness+1","Echo Form","Madness","Madness","Force Field","Barrage+1","Storm","Coolheaded","Glacier+1"],"special_seed":0,"relics":["Cracked Core","Happy Flower","War Paint","Cables","Unceasing Top","Sozu","Runic Capacitor","MutagenicStrength","Nunchaku","Mummified Hand","Centennial Puzzle","Cursed Key","Old Coin","Ornamental Fan"],"potions_floor_usage":[],"damage_taken":[{"damage":0.0,"enemies":"Cultist","floor":1.0,"turns":3.0},{"damage":12.0,"enemies":"Small Slimes","floor":2.0,"turns":3.0},{"damage":7.0,"enemies":"Jaw Worm","floor":3.0,"turns":2.0},{"damage":22.0,"enemies":"Exordium Wildlife","floor":5.0,"turns":5.0},{"damage":8.0,"enemies":"Gremlin Nob","floor":6.0,"turns":3.0},{"damage":35.0,"enemies":"3 Sentries","floor":8.0,"turns":8.0},{"damage":0.0,"enemies":"Blue Slaver","floor":10.0,"turns":3.0},{"damage":0.0,"enemies":"Looter","floor":11.0,"turns":2.0},{"damage":21.0,"enemies":"Lagavulin","floor":13.0,"turns":6.0},{"damage":6.0,"enemies":"2 Fungi Beasts","floor":14.0,"turns":3.0},{"damage":23.0,"enemies":"Hexaghost","floor":16.0,"turns":9.0},{"damage":22.0,"enemies":"Shell Parasite","floor":18.0,"turns":5.0},{"damage":40.0,"enemies":"Slavers","floor":25.0,"turns":4.0},{"damage":0.0,"enemies":"Chosen","floor":27.0,"turns":3.0},{"damage":6.0,"enemies":"Snake Plant","floor":28.0,"turns":3.0},{"damage":10.0,"enemies":"Chosen and Byrds","floor":31.0,"turns":5.0},{"damage":22.0,"enemies":"Champ","floor":33.0,"turns":11.0},{"damage":9.0,"enemies":"Orb Walker","floor":35.0,"turns":2.0},{"damage":29.0,"enemies":"2 Orb Walkers","floor":37.0,"turns":4.0},{"damage":25.0,"enemies":"3 Shapes","floor":38.0,"turns":5.0},{"damage":23.0,"enemies":"3 Darklings","floor":39.0,"turns":5.0},{"damage":0.0,"enemies":"Jaw Worm Horde","floor":44.0,"turns":4.0},{"damage":36.0,"enemies":"Reptomancer","floor":45.0,"turns":7.0},{"damage":18.0,"enemies":"Writhing Mass","floor":47.0,"turns":5.0},{"damage":0.0,"enemies":"3 Darklings","floor":48.0,"turns":5.0},{"damage":77,"enemies":"Time Eater","floor":50,"turns":12}],"seed_played":"3290113579962129534","potions_obtained":[{"floor":1.0,"key":"SteroidPotion"},{"floor":8.0,"key":"Energy Potion"},{"floor":10.0,"key":"Weak Potion"},{"floor":13.0,"key":"PowerPotion"},{"floor":14.0,"key":"LiquidBronze"}],"is_trial":false,"path_per_floor":["M","M","M","$","M","E","R","E","T","M","M","R","E","M","R","B",null,"M","?","$","?","$","R","T","E","T","M","M","R","$","M","R","B",null,"M","?","?","M","M","R","$","?","T","M","E","R","M","M","R","B"],"character_chosen":"DEFECT","items_purchased":["Sunder","Go for the Eyes","Runic Capacitor","Cold Snap","Ornamental Fan","Storm","Coolheaded"],"campfire_rested":3,"item_purchase_floors":[4,4,20,22,41,41,41],"current_hp_per_floor":[64,52,45,45,23,15,36,1,1,1,1,22,8,9,30,14,57,42,42,42,42,42,42,42,17,17,30,46,46,46,47,47,49,49,47,38,31,30,40,40,40,40,40,49,40,40,46,49,49,0],"gold":261,"neow_bonus":"UPGRADE_CARD","is_prod":false,"is_daily":false,"chose_seed":false,"campfire_upgraded":6,"win_rate":0,"timestamp":1569943740,"path_taken":["M","M","M","?","M","E","R","E","T","?","M","R","E","M","R","BOSS","M","?","$","?","?","R","?","E","T","M","M","R","$","M","R","BOSS","M","?","?","M","M","R","$","?","T","M","E","R","M","M","R","BOSS"],"build_version":"2019-07-17","purchased_purges":0,"victory":false,"max_hp_per_floor":[71,71,71,71,71,71,71,71,71,71,71,71,71,71,71,71,71,71,49,49,49,49,49,49,49,49,49,49,49,49,49,49,49,49,49,49,49,49,49,49,49,49,49,49,49,49,49,49,49,49],"card_choices":[{"not_picked":["Redo","Consume"],"picked":"Compile Driver","floor":1.0},{"not_picked":["Streamline","Coolheaded"],"picked":"Beam Cell","floor":2.0},{"not_picked":["Aggregate","Hologram","Reprogram"],"picked":"SKIP","floor":3.0},{"not_picked":["Double Energy","Reinforced Body"],"picked":"Sweeping Beam","floor":5.0},{"not_picked":["Static Discharge","Leap"],"picked":"Conserve Battery","floor":6.0},{"not_picked":["Go for the Eyes","Double Energy"],"picked":"Coolheaded","floor":8.0},{"not_picked":["Turbo","Ball Lightning"],"picked":"Self Repair","floor":10.0},{"not_picked":["Go for the Eyes","Streamline"],"picked":"Loop","floor":11.0},{"not_picked":["Darkness","Blizzard","Reprogram"],"picked":"SKIP","floor":13.0},{"not_picked":["Turbo","Ball Lightning"],"picked":"Steam","floor":14.0},{"not_picked":["Amplify","Hyperbeam"],"picked":"Biased Cognition","floor":16.0},{"not_picked":["Coolheaded","White Noise"],"picked":"Ball Lightning","floor":18.0},{"not_picked":["Ball Lightning","Sweeping Beam"],"picked":"Steam","floor":25.0},{"not_picked":["Rebound","Go for the Eyes"],"picked":"Self Repair","floor":27.0},{"not_picked":["Gash","Hologram"],"picked":"Self Repair","floor":28.0},{"not_picked":["Turbo","Beam Cell"],"picked":"Darkness","floor":31.0},{"not_picked":["Multi-Cast","Biased Cognition"],"picked":"Echo Form","floor":33.0},{"not_picked":["Loop","Leap"],"picked":"Cold Snap","floor":35.0},{"not_picked":["Gash+1","Streamline"],"picked":"Force Field","floor":37.0},{"not_picked":["Sunder","Hologram","Streamline"],"picked":"SKIP","floor":38.0},{"not_picked":["Leap","Compile Driver"],"picked":"Barrage+1","floor":39.0},{"not_picked":["Hologram","Go for the Eyes","Rebound"],"picked":"SKIP","floor":44.0},{"not_picked":["Doom and Gloom+1","Darkness","Biased Cognition"],"picked":"SKIP","floor":45.0},{"not_picked":["Blizzard+1","Rebound","Ball Lightning"],"picked":"SKIP","floor":47.0},{"not_picked":["Redo","Rebound"],"picked":"Glacier+1","floor":48.0}],"player_experience":549683,"relics_obtained":[{"floor":6.0,"key":"Happy Flower"},{"floor":8.0,"key":"War Paint"},{"floor":9.0,"key":"Cables"},{"floor":13.0,"key":"Unceasing Top"},{"floor":24.0,"key":"Nunchaku"},{"floor":25.0,"key":"Mummified Hand"},{"floor":26.0,"key":"Centennial Puzzle"},{"floor":37.0,"key":"Old Coin"}],"event_choices":[{"damage_healed":0.0,"max_hp_gain":0.0,"max_hp_loss":22.0,"gold_gain":0.0,"event_name":"Vampires","player_choice":"Became a vampire","floor":19.0,"gold_loss":0.0,"damage_taken":0.0,"cards_obtained":["Bite","Bite","Bite","Bite","Bite"]},{"damage_healed":0.0,"max_hp_gain":0.0,"max_hp_loss":0.0,"gold_gain":0.0,"event_name":"Drug Dealer","player_choice":"Inject Mutagens","floor":21.0,"gold_loss":0.0,"damage_taken":0.0,"relics_obtained":["MutagenicStrength"]},{"damage_healed":0.0,"max_hp_gain":0.0,"max_hp_loss":0.0,"gold_gain":0.0,"event_name":"Winding Halls","player_choice":"Embrace Madness","floor":36.0,"gold_loss":0.0,"damage_taken":9.0,"cards_obtained":["Madness","Madness"]},{"damage_healed":0.0,"max_hp_gain":0.0,"max_hp_loss":0.0,"gold_gain":0.0,"event_name":"Mysterious Sphere","player_choice":"Fight","floor":37.0,"gold_loss":0.0,"damage_taken":0.0},{"cards_removed":["Cold Snap"],"damage_healed":0.0,"max_hp_gain":0.0,"max_hp_loss":0.0,"gold_gain":0.0,"event_name":"Falling","player_choice":"Removed Attack","floor":42.0,"gold_loss":0.0,"damage_taken":0.0}],"is_beta":false,"boss_relics":[{"not_picked":["FrozenCore","Nuclear Battery"],"picked":"Sozu"},{"not_picked":["Runic Dome","Fusion Hammer"],"picked":"Cursed Key"}],"items_purged_floors":[],"is_endless":false,"potions_floor_spawned":[1,8,10,13,14,27,33,37,44],"killed_by":"Time Eater","ascension_level":19}