{"gold_per_floor":[115,126,126,301,321,321,332,347,374,374,134,151,226,240,240,240],"floor_reached":16,"playtime":222,"items_purged":[],"score":94,"play_id":"c41d1350-2b8e-4310-b39d-a019a518a75e","local_time":"20191023002701","is_ascension_mode":false,"campfire_choices":[{"data":"Whirlwind","floor":6,"key":"SMITH"},{"data":"Apotheosis","floor":15,"key":"SMITH"}],"neow_cost":"NONE","seed_source_timestamp":297070203352300,"circlet_count":0,"master_deck":["Strike_R","Strike_R","Strike_R","Strike_R","Strike_R","Defend_R","Defend_R","Defend_R","Defend_R","Bash","Whirlwind+1","Armaments+1","Doubt","Impervious","Apotheosis+1","True Grit"],"relics":["Burning Blood","Centennial Puzzle"],"potions_floor_usage":[],"damage_taken":[{"damage":14,"enemies":"2 Louse","floor":1,"turns":3},{"damage":11,"enemies":"Jaw Worm","floor":2,"turns":2},{"damage":0,"enemies":"Small Slimes","floor":5,"turns":3},{"damage":0,"enemies":"3 Louse","floor":7,"turns":1},{"damage":16,"enemies":"Large Slime","floor":8,"turns":5},{"damage":16,"enemies":"Blue Slaver","floor":12,"turns":5},{"damage":1,"enemies":"2 Fungi Beasts","floor":14,"turns":2},{"damage":0,"enemies":"Slime Boss","floor":16,"turns":1}],"seed_played":"-7550988799672628570","potions_obtained":[{"floor":1,"key":"ElixirPotion"},{"floor":5,"key":"SkillPotion"},{"floor":8,"key":"BloodPotion"}],"is_trial":false,"path_per_floor":["M","M","?","?","M","R","M","M","T","?","$","M","?","M","R","B"],"character_chosen":"IRONCLAD","items_purchased":["Apotheosis","True Grit"],"campfire_rested":0,"item_purchase_floors":[11,11],"current_hp_per_floor":[80,75,80,80,86,86,92,82,82,82,82,72,61,66,66,66],"gold":240,"neow_bonus":"TEN_PERCENT_HP_BONUS","is_prod":false,"is_daily":false,"chose_seed":false,"campfire_upgraded":2,"win_rate":0,"timestamp":1571758021,"path_taken":["M","M","?","?","M","R","M","M","T","?","$","M","?","M","R","BOSS"],"build_version":"2019-10-21","purchased_purges":0,"victory":false,"max_hp_per_floor":[88,88,93,93,93,93,93,93,93,93,93,93,93,93,93,93],"card_choices":[{"not_picked":["Entrench","Wild Strike"],"picked":"Whirlwind","floor":1},{"not_picked":["Clothesline","Thunderclap"],"picked":"Armaments","floor":2},{"not_picked":["Perfected Strike","Dark Embrace","Reckless Charge"],"picked":"SKIP","floor":5},{"not_picked":["Rupture","Clash"],"picked":"Impervious","floor":7},{"not_picked":["Intimidate","Thunderclap","Sentinel"],"picked":"SKIP","floor":8},{"not_picked":["Havoc","Anger","Rampage"],"picked":"SKIP","floor":12},{"not_picked":["Iron Wave","Armaments","Fire Breathing"],"picked":"SKIP","floor":14}],"player_experience":731772,"relics_obtained":[{"floor":9,"key":"Centennial Puzzle"}],"event_choices":[{"damage_healed":0,"gold_gain":0,"player_choice":"Donut","damage_taken":0,"max_hp_gain":5,"max_hp_loss":0,"event_name":"Big Fish","floor":3,"gold_loss":0},{"damage_healed":0,"gold_gain":175,"player_choice":"AGREE","damage_taken":0,"max_hp_gain":0,"max_hp_loss":0,"event_name":"Liars Game","floor":4,"gold_loss":0,"cards_obtained":["Doubt"]},{"damage_healed":0,"gold_gain":0,"player_choice":"Grow","damage_taken":0,"max_hp_gain":0,"max_hp_loss":0,"event_name":"Living Wall","floor":10,"gold_loss":0,"cards_upgraded":["Armaments"]},{"damage_healed":0,"gold_gain":75,"player_choice":"Gather Gold","damage_taken":11,"max_hp_gain":0,"max_hp_loss":0,"event_name":"World of Goop","floor":13,"gold_loss":0}],"is_beta":true,"boss_relics":[],"items_purged_floors":[],"is_endless":false,"potions_floor_spawned":[1,5,8],"killed_by":"Slime Boss","ascension_level":0}