{"gold_per_floor":[113,127,127,141,141,141,316,316,367,367,383,408,423,437,437,437],"floor_reached":16,"playtime":1092,"items_purged":[],"score":102,"play_id":"a10012f2-ab60-4ee6-a84d-bd9626814b1a","local_time":"20180908163008","is_ascension_mode":false,"campfire_choices":[{"data":"Loop","floor":6,"key":"SMITH"},{"data":"Dualcast","floor":8,"key":"SMITH"},{"data":"Coolheaded","floor":10,"key":"SMITH"},{"floor":15,"key":"REST"}],"neow_cost":"","seed_source_timestamp":144623200791906,"circlet_count":0,"master_deck":["Strike_B","Strike_B","Strike_B","Strike_B","Defend_B","Defend_B","Defend_B","Zap","Dualcast+1","Coolheaded+1","Loop+1","Chill+1","Doubt","Melter","Blizzard","Redo","Barrage"],"relics":["Cracked Core","Bag of Preparation","Boot"],"potions_floor_usage":[11],"damage_taken":[{"damage":6,"enemies":"Jaw Worm","floor":1,"turns":4},{"damage":6,"enemies":"2 Louse","floor":2,"turns":3},{"damage":9,"enemies":"Small Slimes","floor":4,"turns":3},{"damage":5,"enemies":"Blue Slaver","floor":11,"turns":5},{"damage":18,"enemies":"Lagavulin","floor":12,"turns":8},{"damage":15,"enemies":"Large Slime","floor":13,"turns":6},{"damage":0,"enemies":"Lots of Slimes","floor":14,"turns":1},{"damage":38,"enemies":"Hexaghost","floor":16,"turns":11}],"seed_played":"8919812808769389989","potions_obtained":[{"floor":2,"key":"GamblersBrew"},{"floor":4,"key":"Fruit Juice"},{"floor":13,"key":"Swift Potion"},{"floor":14,"key":"Strength Potion"}],"is_trial":false,"path_per_floor":["M","M","?","M","?","R","?","R","T","R","M","E","M","M","R"],"character_chosen":"DEFECT","items_purchased":[],"campfire_rested":1,"item_purchase_floors":[],"current_hp_per_floor":[69,63,56,47,47,47,47,47,47,47,47,29,14,14,38,0],"gold":437,"neow_bonus":"","is_prod":false,"is_daily":false,"chose_seed":false,"campfire_upgraded":3,"win_rate":0.0,"timestamp":1536417008,"path_taken":["M","M","?","M","?","R","?","R","T","R","M","E","M","M","R","BOSS"],"build_version":"2018-09-06","purchased_purges":0,"victory":false,"max_hp_per_floor":[75,75,75,75,75,75,75,75,75,75,80,80,80,80,80,80],"card_choices":[{"not_picked":["Streamline","Consume"],"picked":"Coolheaded","floor":1},{"not_picked":["Streamline","Steam"],"picked":"Loop","floor":2},{"not_picked":["Go for the Eyes","Cold Snap"],"picked":"Chill","floor":4},{"not_picked":["Conserve Battery","Steam"],"picked":"Melter","floor":11},{"not_picked":["Redo","Compile Driver"],"picked":"Blizzard","floor":12},{"not_picked":["BootSequence","Coolheaded"],"picked":"Redo","floor":13},{"not_picked":["Redo","Conserve Battery"],"picked":"Barrage","floor":14}],"player_experience":112347,"relics_obtained":[{"floor":9,"key":"Bag of Preparation"},{"floor":12,"key":"Boot"}],"event_choices":[{"event_name":"Golden Wing","player_choice":"Card Removal","floor":3,"damage_taken":0},{"event_name":"Living Wall","player_choice":"Grow","floor":5,"damage_taken":0},{"event_name":"Liars Game","player_choice":"agreed","floor":7,"damage_taken":0}],"is_beta":false,"boss_relics":[],"items_purged_floors":[],"is_endless":false,"potions_floor_spawned":[2,4,13,14],"killed_by":"Hexaghost","ascension_level":0}