{"gold_per_floor":[111,111,128,128,128,128,161,178,201,234,253,273,203,218,218,322,322,322,322,322],"floor_reached":20,"playtime":678,"items_purged":[],"score":342,"play_id":"0f579fec-2738-427b-877e-29b6bd7a858a","local_time":"20190419123605","is_ascension_mode":true,"campfire_choices":[{"data":"Noxious Fumes","floor":6,"key":"SMITH"},{"floor":15,"key":"REST"}],"neow_cost":"NONE","seed_source_timestamp":755619949859074,"circlet_count":0,"master_deck":["AscendersBane","Defend_G","Defend_G","Defend_G","Defend_G","Defend_G","Strike_G","Strike_G","Strike_G","Strike_G","Strike_G","Survivor","Neutralize","Noxious Fumes+1","Noxious Fumes","Burst+1","Deadly Poison+1"],"relics":["Ring of the Snake","NeowsBlessing","Ancient Tea Set","Pear","Art of War","Toxic Egg 2","Ectoplasm"],"potions_floor_usage":[10,16,16],"damage_taken":[{"damage":0,"enemies":"Small Slimes","floor":1,"turns":1},{"damage":0,"enemies":"2 Louse","floor":3,"turns":1},{"damage":0,"enemies":"Lagavulin","floor":7,"turns":1},{"damage":0,"enemies":"Cultist","floor":8,"turns":4},{"damage":6,"enemies":"3 Sentries","floor":10,"turns":7},{"damage":6,"enemies":"Exordium Thugs","floor":11,"turns":4},{"damage":20,"enemies":"Lots of Slimes","floor":12,"turns":4},{"damage":0,"enemies":"Blue Slaver","floor":14,"turns":5},{"damage":61,"enemies":"Slime Boss","floor":16,"turns":13},{"damage":19,"enemies":"Shell Parasite","floor":18,"turns":7},{"damage":39,"enemies":"Chosen","floor":19,"turns":7},{"damage":15,"enemies":"Snake Plant","floor":20,"turns":2}],"seed_played":"3284718190029241031","potions_obtained":[{"floor":1,"key":"Dexterity Potion"},{"floor":3,"key":"FearPotion"},{"floor":8,"key":"Regen Potion"},{"floor":12,"key":"SkillPotion"}],"is_trial":false,"path_per_floor":["M","?","M","?","?","R","E","M","T","E","M","M","$","M","R","B",null,"M","M","M"],"character_chosen":"THE_SILENT","items_purchased":["Noxious Fumes"],"campfire_rested":1,"item_purchase_floors":[13],"current_hp_per_floor":[63,68,68,68,68,68,78,78,78,72,66,46,46,46,71,25,70,51,12,0],"gold":322,"neow_bonus":"THREE_ENEMY_KILL","is_prod":false,"is_daily":false,"chose_seed":false,"campfire_upgraded":1,"win_rate":0,"timestamp":1555670165,"path_taken":["M","?","M","?","?","R","E","M","T","E","M","M","$","M","R","BOSS","M","M","M"],"build_version":"2019-01-23","purchased_purges":0,"victory":false,"max_hp_per_floor":[70,75,75,75,75,75,85,85,85,85,85,85,85,85,85,85,85,85,85,85],"card_choices":[{"not_picked":["Deadly Poison","Catalyst"],"picked":"Noxious Fumes","floor":1},{"not_picked":["Dagger Spray","Prepared","Backflip"],"picked":"SKIP","floor":3},{"not_picked":["Sucker Punch","Prepared","Concentrate"],"picked":"SKIP","floor":7},{"not_picked":["Dagger Throw","Blade Dance","Prepared"],"picked":"SKIP","floor":8},{"not_picked":["Reflex","Finisher","Infinite Blades"],"picked":"SKIP","floor":10},{"not_picked":["PiercingWail+1","Masterful Stab","Blade Dance+1"],"picked":"SKIP","floor":11},{"not_picked":["Malaise+1","Concentrate+1","Underhanded Strike"],"picked":"SKIP","floor":12},{"not_picked":["Malaise+1","Concentrate+1","Underhanded Strike"],"picked":"SKIP","floor":12},{"not_picked":["Outmaneuver+1","Tactician+1","Backflip+1"],"picked":"SKIP","floor":14},{"not_picked":["Glass Knife","Unload"],"picked":"Burst+1","floor":16},{"not_picked":["Terror+1","Bane"],"picked":"Deadly Poison+1","floor":18},{"not_picked":["Dodge and Roll+1","Setup+1","Acrobatics+1"],"picked":"SKIP","floor":19}],"player_experience":424333,"relics_obtained":[{"floor":7,"key":"Pear"},{"floor":9,"key":"Art of War"},{"floor":10,"key":"Toxic Egg 2"}],"event_choices":[{"damage_healed":0,"gold_gain":0,"player_choice":"Donut","damage_taken":0,"max_hp_gain":5,"max_hp_loss":0,"event_name":"Big Fish","floor":2,"gold_loss":0},{"damage_healed":0,"gold_gain":0,"player_choice":"Ignored","damage_taken":0,"max_hp_gain":0,"max_hp_loss":0,"event_name":"Liars Game","floor":4,"gold_loss":0},{"damage_healed":0,"gold_gain":0,"player_choice":"Gave Potion","damage_taken":0,"relics_obtained":["Ancient Tea Set"],"max_hp_gain":0,"max_hp_loss":0,"event_name":"WeMeetAgain","floor":5,"gold_loss":0}],"is_beta":false,"boss_relics":[{"not_picked":["Lizard Tail","White Beast Statue"],"picked":"Ectoplasm"}],"items_purged_floors":[],"is_endless":false,"potions_floor_spawned":[1,3,8,12],"killed_by":"Snake Plant","ascension_level":10}