{"gold_per_floor":[115,129,32,42,59,91,91,125,125,125,101,135,135,135,135,236,236,255,255,268,217,235,261,261,261,311,344,167,202,46,61,61,61],"floor_reached":33,"playtime":2118,"items_purged":[],"score":507,"play_id":"49ba4154-d461-4312-b4c5-933a12609bff","local_time":"20190629152422","is_ascension_mode":true,"campfire_choices":[{"data":"Bash","floor":7.0,"key":"SMITH"},{"data":"Clothesline","floor":10.0,"key":"SMITH"},{"floor":15.0,"key":"REST"},{"floor":25,"key":"REST"},{"floor":32,"key":"REST"}],"neow_cost":"NONE","seed_source_timestamp":278947429283916,"circlet_count":0,"master_deck":["AscendersBane","Defend_R","Defend_R","Defend_R+1","Defend_R","Bash+1","Twin Strike","Iron Wave","Clothesline+1","Shrug It Off","Thunderclap","Metallicize+1","Flex+1","Flame Barrier","True Grit","Anger","Feed","Armaments+1","Warcry+1","True Grit+1","Shrug It Off+1","Disarm+1","Bite","Bite","Bite","Bite","Bite","Ghostly Armor+1","Shockwave+1","Reaper","Shrug It Off+1","Double Tap+1"],"special_seed":0,"relics":["Burning Blood","Ancient Tea Set","Frozen Egg 2","Letter Opener","Bottled Tornado","Toxic Egg 2","Fusion Hammer","War Paint","Red Skull","Dodecahedron","Red Mask"],"potions_floor_usage":[23,29],"damage_taken":[{"damage":6.0,"enemies":"Cultist","floor":1.0,"turns":4.0},{"damage":7.0,"enemies":"Jaw Worm","floor":2.0,"turns":3.0},{"damage":3.0,"enemies":"2 Louse","floor":4.0,"turns":3.0},{"damage":10.0,"enemies":"2 Fungi Beasts","floor":5.0,"turns":3.0},{"damage":25.0,"enemies":"3 Sentries","floor":6.0,"turns":10.0},{"damage":14.0,"enemies":"Lagavulin","floor":8.0,"turns":6.0},{"damage":24.0,"enemies":"3 Sentries","floor":12.0,"turns":8.0},{"damage":31.0,"enemies":"Hexaghost","floor":16.0,"turns":13.0},{"damage":15.0,"enemies":"3 Byrds","floor":18.0,"turns":6.0},{"damage":0.0,"enemies":"Chosen","floor":20.0,"turns":6.0},{"damage":21,"enemies":"Snake Plant","floor":22,"turns":6},{"damage":33,"enemies":"Slavers","floor":23,"turns":10},{"damage":41,"enemies":"Gremlin Leader","floor":27,"turns":10},{"damage":45,"enemies":"Masked Bandits","floor":29,"turns":7},{"damage":21,"enemies":"Cultist and Chosen","floor":31,"turns":8},{"damage":81,"enemies":"Automaton","floor":33,"turns":10}],"seed_played":"4582618026486387655","potions_obtained":[{"floor":1.0,"key":"Poison Potion"},{"floor":6.0,"key":"SpeedPotion"},{"floor":12.0,"key":"Poison Potion"},{"floor":18.0,"key":"Weak Potion"},{"floor":22,"key":"EssenceOfSteel"}],"is_trial":false,"path_per_floor":["M","M","$","M","M","E","R","E","T","R","$","E","?","T","R","B",null,"M","?","M","$","M","E","?","R","T","E","$","?","$","M","R","B"],"character_chosen":"IRONCLAD","items_purchased":["Shrug It Off","Block Potion","True Grit","True Grit+1","Shockwave+1","Reaper","Double Tap+1"],"campfire_rested":3,"item_purchase_floors":[3,3,11,21,28,28,30],"current_hp_per_floor":[72,71,71,74,70,51,51,43,43,43,43,25,25,25,49,24,66,60,60,70,70,58,34,34,53,53,43,43,21,21,31,51,0],"gold":61,"neow_bonus":"THREE_CARDS","is_prod":false,"is_daily":false,"chose_seed":false,"campfire_upgraded":2,"win_rate":0,"timestamp":1561814662,"path_taken":["M","M","$","M","?","E","R","E","T","R","$","E","?","?","R","BOSS","M","?","M","$","M","E","?","R","T","E","$","?","$","M","R","BOSS"],"build_version":"2019-01-23","purchased_purges":0,"victory":false,"max_hp_per_floor":[80,80,80,80,80,80,80,80,80,80,80,80,80,80,80,80,80,83,83,87,87,90,93,65,65,65,68,68,68,68,68,68,68],"card_choices":[{"not_picked":["Wild Strike","Bloodletting"],"picked":"Twin Strike","floor":0.0},{"not_picked":["Second Wind","Pommel Strike"],"picked":"Iron Wave","floor":1.0},{"not_picked":["Thunderclap","Perfected Strike"],"picked":"Clothesline","floor":2.0},{"not_picked":["Cleave","Clash"],"picked":"Thunderclap","floor":4.0},{"not_picked":["Twin Strike","Feel No Pain"],"picked":"Metallicize","floor":5.0},{"not_picked":["Body Slam","Heavy Blade"],"picked":"Flex","floor":6.0},{"not_picked":["Clash","Sword Boomerang"],"picked":"Flame Barrier","floor":8.0},{"not_picked":["True Grit","Juggernaut+1"],"picked":"Anger","floor":12.0},{"not_picked":["Exhume+1","Impervious+1"],"picked":"Feed","floor":16.0},{"not_picked":["Bloodletting+1","Metallicize+1"],"picked":"Armaments+1","floor":18.0},{"not_picked":["Carnage","Metallicize+1"],"picked":"Warcry+1","floor":20},{"not_picked":["Cleave+1","Armaments+1"],"picked":"Shrug It Off+1","floor":22},{"not_picked":["Flame Barrier+1","Twin Strike"],"picked":"Disarm+1","floor":23},{"not_picked":["Clothesline","Pummel"],"picked":"Ghostly Armor+1","floor":27},{"not_picked":["Wild Strike","Bloodletting+1"],"picked":"Shrug It Off+1","floor":29},{"not_picked":["Armaments+1","Anger","Flex+1"],"picked":"SKIP","floor":31}],"player_experience":241804,"relics_obtained":[{"floor":6.0,"key":"Ancient Tea Set"},{"floor":8.0,"key":"Frozen Egg 2"},{"floor":9.0,"key":"Letter Opener"},{"floor":12.0,"key":"Bottled Tornado"},{"floor":14.0,"key":"Toxic Egg 2"},{"floor":23,"key":"War Paint"},{"floor":26,"key":"Red Skull"},{"floor":27,"key":"Dodecahedron"},{"floor":29,"key":"Red Mask"}],"event_choices":[{"damage_healed":0.0,"max_hp_gain":0.0,"max_hp_loss":0.0,"gold_gain":0.0,"event_name":"Living Wall","player_choice":"Grow","floor":13.0,"gold_loss":0.0,"damage_taken":0.0,"cards_upgraded":["Metallicize"]},{"damage_healed":0.0,"max_hp_gain":0.0,"max_hp_loss":0.0,"gold_gain":0.0,"event_name":"Ghosts","player_choice":"Ignored","floor":19.0,"gold_loss":0.0,"damage_taken":0.0},{"damage_healed":0,"gold_gain":0,"player_choice":"Became a vampire","damage_taken":0,"max_hp_gain":0,"max_hp_loss":28,"event_name":"Vampires","floor":24,"gold_loss":0,"cards_obtained":["Bite","Bite","Bite","Bite","Bite"]},{"damage_healed":0,"gold_gain":0,"player_choice":"Fought Bandits","damage_taken":0,"max_hp_gain":0,"max_hp_loss":0,"event_name":"Masked Bandits","floor":29,"gold_loss":0}],"is_beta":false,"boss_relics":[{"not_picked":["Black Star","Eternal Feather"],"picked":"Fusion Hammer"}],"items_purged_floors":[],"is_endless":false,"potions_floor_spawned":[1,6,12,18,22],"killed_by":"Automaton","ascension_level":12}