{"gold_per_floor":[111,61,61,74,74,104,104,118,191,201,218,228,228,228,228,330,330,301,318,338,356,356,356,391,88,114,133,58,78,78,93,93,190,190,201,216,438,118,131,131,131,156,183,203,220,239,255,270,270,270],"floor_reached":51,"playtime":3456,"items_purged":["Strike_G","Grand Finale+1"],"score":1065,"play_id":"4ef17848-db78-415d-a31f-fb0ed24f7a5d","local_time":"20191010141634","is_ascension_mode":true,"campfire_choices":[{"data":"Neutralize","floor":7,"key":"SMITH"},{"data":"Footwork","floor":13,"key":"SMITH"},{"data":"Cloak And Dagger","floor":15,"key":"SMITH"},{"data":"Well Laid Plans","floor":23,"key":"SMITH"},{"floor":32,"key":"REST"},{"data":"Backflip","floor":40,"key":"SMITH"},{"floor":49,"key":"REST"}],"neow_cost":"NONE","seed_source_timestamp":451224414479100,"circlet_count":0,"master_deck":["Defend_G","Defend_G","Defend_G","Defend_G","Defend_G","Survivor+1","Neutralize+1","Flying Knee","Blur","Terror","Footwork+1","PiercingWail","Blur","Cloak And Dagger+1","After Image","Bouncing Flask","Acrobatics","Backflip","Dodge and Roll","Well Laid Plans+1","Dodge and Roll","Crippling Poison","PiercingWail","Noxious Fumes","Backflip+1","Bullet Time","Cloak And Dagger+1","Corpse Explosion+1","Mayhem","Backflip","Apotheosis","Blur+1","Malaise"],"relics":["Ring of the Snake","NeowsBlessing","Happy Flower","Unceasing Top","Question Card","Sozu","Red Mask","Snake Skull","Anchor","Astrolabe","HornCleat","Dream Catcher"],"potions_floor_usage":[27,29],"damage_taken":[{"damage":0,"enemies":"Jaw Worm","floor":1,"turns":1},{"damage":0,"enemies":"2 Louse","floor":4,"turns":1},{"damage":0,"enemies":"3 Sentries","floor":6,"turns":1},{"damage":0,"enemies":"Cultist","floor":8,"turns":2},{"damage":2,"enemies":"Exordium Wildlife","floor":10,"turns":8},{"damage":6,"enemies":"Looter","floor":11,"turns":4},{"damage":0,"enemies":"2 Fungi Beasts","floor":12,"turns":5},{"damage":0,"enemies":"The Guardian","floor":16,"turns":15},{"damage":14,"enemies":"2 Thieves","floor":18,"turns":5},{"damage":4,"enemies":"3 Byrds","floor":19,"turns":7},{"damage":0,"enemies":"Snecko","floor":20,"turns":6},{"damage":1,"enemies":"Snake Plant","floor":21,"turns":6},{"damage":27,"enemies":"Masked Bandits","floor":24,"turns":8},{"damage":5,"enemies":"Cultist and Chosen","floor":27,"turns":8},{"damage":0,"enemies":"Centurion and Healer","floor":29,"turns":8},{"damage":0,"enemies":"Snake Plant","floor":31,"turns":6},{"damage":2,"enemies":"Automaton","floor":33,"turns":15},{"damage":4,"enemies":"3 Darklings","floor":35,"turns":3},{"damage":0,"enemies":"Orb Walker","floor":36,"turns":5},{"damage":1,"enemies":"Sphere and 2 Shapes","floor":39,"turns":6},{"damage":0,"enemies":"Giant Head","floor":42,"turns":10},{"damage":0,"enemies":"Maw","floor":44,"turns":7},{"damage":14,"enemies":"Jaw Worm Horde","floor":45,"turns":4},{"damage":2,"enemies":"Spire Growth","floor":46,"turns":7},{"damage":8,"enemies":"Sphere and 2 Shapes","floor":47,"turns":5},{"damage":0,"enemies":"Writhing Mass","floor":48,"turns":6},{"damage":0,"enemies":"Donu and Deca","floor":50,"turns":10}],"seed_played":"-7890181754527577672","potions_obtained":[{"floor":1,"key":"Explosive Potion"},{"floor":6,"key":"Regen Potion"},{"floor":10,"key":"SteroidPotion"}],"is_trial":false,"path_per_floor":["M","?","?","M","?","E","R","M","T","M","M","M","R","?","R","B",null,"M","M","M","M","?","R","?","$","T","M","$","M","?","M","R","B",null,"M","M","?","$","M","R","?","E","T","M","M","M","M","M","R","B",null],"character_chosen":"THE_SILENT","items_purchased":["Snake Skull","Crippling Poison","Noxious Fumes","Mayhem","Backflip"],"campfire_rested":2,"item_purchase_floors":[25,25,28,38,38],"current_hp_per_floor":[70,70,58,58,58,58,58,58,58,56,50,50,50,50,50,50,65,51,47,47,46,46,46,19,19,19,14,14,29,29,29,50,48,65,61,61,61,61,60,60,60,60,60,60,46,44,36,36,57,57],"gold":270,"neow_bonus":"THREE_ENEMY_KILL","is_prod":false,"is_daily":false,"chose_seed":false,"campfire_upgraded":5,"win_rate":0,"timestamp":1570684594,"path_taken":["M","?","?","M","?","E","R","?","T","M","M","M","R","?","R","BOSS","M","M","M","M","?","R","?","$","T","M","$","M","?","M","R","BOSS","M","M","?","$","M","R","?","E","T","M","M","M","M","M","R","BOSS"],"build_version":"2019-10-09","purchased_purges":2,"victory":true,"max_hp_per_floor":[70,70,70,70,70,70,70,70,70,70,70,70,70,70,70,70,70,70,70,70,70,70,70,70,70,70,70,70,70,70,70,70,70,70,70,70,70,70,70,70,70,70,70,70,70,70,70,70,70,70],"card_choices":[{"not_picked":["Finisher","Deflect"],"picked":"Flying Knee","floor":1},{"not_picked":["Accuracy","Riddle With Holes"],"picked":"Blur","floor":4},{"not_picked":["Choke","Dagger Spray"],"picked":"Terror","floor":6},{"not_picked":["Backflip","Deadly Poison"],"picked":"Footwork","floor":8},{"not_picked":["Slice","Escape Plan","Underhanded Strike"],"picked":"PiercingWail","floor":10},{"not_picked":["Bane","Blade Dance","Deflect"],"picked":"Blur","floor":11},{"not_picked":["Underhanded Strike","Deadly Poison","Deflect"],"picked":"Cloak And Dagger","floor":12},{"not_picked":["Die Die Die","Wraith Form v2","Unload"],"picked":"After Image","floor":16},{"not_picked":["All Out Attack+1","Poisoned Stab","Crippling Poison"],"picked":"Bouncing Flask","floor":18},{"not_picked":["PiercingWail","Sucker Punch","Infinite Blades+1"],"picked":"Acrobatics","floor":19},{"not_picked":["Dodge and Roll","Distraction","Heel Hook"],"picked":"Backflip","floor":20},{"not_picked":["Calculated Gamble+1","Deadly Poison","Outmaneuver"],"picked":"Dodge and Roll","floor":21},{"not_picked":["Poisoned Stab","Slice","Underhanded Strike"],"picked":"Dodge and Roll","floor":24},{"not_picked":["Poisoned Stab+1","Deadly Poison","Riddle With Holes"],"picked":"PiercingWail","floor":27},{"not_picked":["Slice","Reflex+1","Storm of Steel","Quick Slash"],"picked":"SKIP","floor":29},{"not_picked":["Dagger Spray","Sucker Punch+1","Deadly Poison+1"],"picked":"Backflip","floor":31},{"not_picked":["Unload","Night Terror","Phantasmal Killer"],"picked":"Bullet Time","floor":33},{"not_picked":["Acrobatics+1","PiercingWail","Deflect+1","Setup"],"picked":"SKIP","floor":35},{"not_picked":["Flying Knee","Dagger Spray+1","Cloak And Dagger","Deflect"],"picked":"SKIP","floor":36},{"not_picked":["Prepared+1","Dagger Throw","Bane","Setup"],"picked":"SKIP","floor":39},{"not_picked":["Good Instincts","Dark Shackles","Dramatic Entrance"],"picked":"Apotheosis","floor":41},{"not_picked":["Blade Dance+1","Flying Knee","Riddle With Holes+1","Dash+1"],"picked":"SKIP","floor":42},{"not_picked":["Reflex+1","Bane","Infinite Blades+1","Flying Knee"],"picked":"SKIP","floor":44},{"not_picked":["Dagger Throw+1","Predator","Noxious Fumes","Poisoned Stab+1"],"picked":"SKIP","floor":45},{"not_picked":["Blade Dance+1","All Out Attack","Poisoned Stab","Bane"],"picked":"SKIP","floor":46},{"not_picked":["Quick Slash","Well Laid Plans+1","Flying Knee+1"],"picked":"Blur+1","floor":47},{"not_picked":["Quick Slash","Slice+1","Caltrops+1","Flying Knee+1"],"picked":"SKIP","floor":48},{"not_picked":["Bane","Flechettes+1","Setup+1"],"picked":"Malaise","floor":49}],"player_experience":628112,"relics_obtained":[{"floor":6,"key":"Unceasing Top"},{"floor":9,"key":"Question Card"},{"floor":24,"key":"Red Mask"},{"floor":26,"key":"Anchor"},{"floor":42,"key":"HornCleat"},{"floor":43,"key":"Dream Catcher"}],"event_choices":[{"cards_removed":["Strike_G"],"damage_healed":0,"gold_gain":0,"player_choice":"Card Removal","damage_taken":0,"max_hp_gain":0,"max_hp_loss":0,"event_name":"The Cleric","floor":2,"gold_loss":50},{"damage_healed":0,"gold_gain":0,"player_choice":"Success","damage_taken":12,"relics_obtained":["Happy Flower"],"max_hp_gain":0,"max_hp_loss":0,"event_name":"Scrap Ooze","floor":3,"gold_loss":0},{"damage_healed":0,"gold_gain":0,"player_choice":"Ignored","damage_taken":0,"max_hp_gain":0,"max_hp_loss":0,"event_name":"Liars Game","floor":5,"gold_loss":0},{"damage_healed":0,"gold_gain":0,"player_choice":"Upgraded","damage_taken":0,"max_hp_gain":0,"max_hp_loss":0,"event_name":"Upgrade Shrine","floor":14,"gold_loss":0,"cards_upgraded":["Survivor"]},{"damage_healed":0,"gold_gain":0,"player_choice":"Read","damage_taken":0,"max_hp_gain":0,"max_hp_loss":0,"event_name":"The Library","floor":22,"gold_loss":0,"cards_obtained":["Well Laid Plans"]},{"damage_healed":0,"gold_gain":0,"player_choice":"Fought Bandits","damage_taken":0,"max_hp_gain":0,"max_hp_loss":0,"event_name":"Masked Bandits","floor":24,"gold_loss":0},{"damage_healed":0,"gold_gain":222,"player_choice":"Wore Mask","damage_taken":0,"max_hp_gain":0,"max_hp_loss":0,"event_name":"Tomb of Lord Red Mask","floor":37,"gold_loss":0},{"damage_healed":0,"gold_gain":0,"player_choice":"Memory 1","damage_taken":0,"max_hp_gain":0,"max_hp_loss":0,"event_name":"SensoryStone","floor":41,"gold_loss":0}],"is_beta":true,"boss_relics":[{"not_picked":["Philosopher\u0027s Stone","Tiny House"],"picked":"Sozu"},{"not_picked":["SacredBark","Coffee Dripper"],"picked":"Astrolabe"}],"items_purged_floors":[25,38],"is_endless":false,"potions_floor_spawned":[1,6,10,12,16,18,24,29,33,36,45,46],"ascension_level":5}