{"gold_per_floor":[116,136,149,161,177,177,206,217,241,241,257,112,129,154,154,258,258,269,214,214,214,233,233,258,61,61,78,78,88,99,99,99,200,200,211,86,97,107,107,107,107,0,0,27,27,41,54,54,54,54],"floor_reached":51,"playtime":3001,"items_purged":["Strike_G","Strike_G","Defend_G"],"score":1113,"play_id":"45ed0671-df3f-486c-8be7-e48e068322ed","local_time":"20191020030245","is_ascension_mode":true,"campfire_choices":[{"data":"Crippling Poison","floor":6.0,"key":"SMITH"},{"floor":10.0,"key":"REST"},{"floor":15.0,"key":"REST"},{"floor":23.0,"key":"REST"},{"floor":32.0,"key":"REST"},{"data":"Well Laid Plans","floor":40.0,"key":"SMITH"},{"data":"Noxious Fumes","floor":45.0,"key":"SMITH"},{"floor":49.0,"key":"REST"}],"neow_cost":"TEN_PERCENT_HP_LOSS","seed_source_timestamp":44395821933400,"circlet_count":0,"master_deck":["AscendersBane","Strike_G","Defend_G","Defend_G","Defend_G","Defend_G","Survivor","Neutralize","Well Laid Plans+1","Cloak And Dagger","Crippling Poison+1","Poisoned Stab","Backflip","Leg Sweep","Malaise","Blur","Dash","Noxious Fumes+1","Catalyst","Skewer","Leg Sweep","Footwork","Purity","Footwork+1","Blur","Footwork+1","Predator","Blur","Parasite","Writhe","Dodge and Roll","Blur","Impatience"],"special_seed":0,"relics":["Ring of the Snake","Prayer Wheel","InkBottle","Bag of Marbles","StoneCalendar","Sozu","Tiny Chest","Nilry\u0027s Codex","Boot","Incense Burner","SlaversCollar","Red Mask","Ninja Scroll","Mercury Hourglass"],"potions_floor_usage":[],"damage_taken":[{"damage":5.0,"enemies":"Cultist","floor":1.0,"turns":5.0},{"damage":0.0,"enemies":"2 Louse","floor":2.0,"turns":3.0},{"damage":1.0,"enemies":"Small Slimes","floor":3.0,"turns":4.0},{"damage":5.0,"enemies":"Exordium Wildlife","floor":4.0,"turns":4.0},{"damage":6.0,"enemies":"Exordium Thugs","floor":5.0,"turns":4.0},{"damage":30.0,"enemies":"Gremlin Nob","floor":7.0,"turns":5.0},{"damage":6.0,"enemies":"3 Louse","floor":8.0,"turns":4.0},{"damage":3.0,"enemies":"Blue Slaver","floor":11.0,"turns":5.0},{"damage":0.0,"enemies":"Large Slime","floor":13.0,"turns":5.0},{"damage":2.0,"enemies":"3 Sentries","floor":14.0,"turns":5.0},{"damage":9.0,"enemies":"Slime Boss","floor":16.0,"turns":7.0},{"damage":8.0,"enemies":"Chosen","floor":18.0,"turns":6.0},{"damage":1.0,"enemies":"3 Byrds","floor":22.0,"turns":4.0},{"damage":10.0,"enemies":"Book of Stabbing","floor":24.0,"turns":8.0},{"damage":9.0,"enemies":"Snake Plant","floor":27.0,"turns":6.0},{"damage":1.0,"enemies":"Chosen and Byrds","floor":29.0,"turns":7.0},{"damage":0.0,"enemies":"Shelled Parasite and Fungi","floor":30.0,"turns":7.0},{"damage":8.0,"enemies":"Collector","floor":33.0,"turns":14.0},{"damage":4.0,"enemies":"Orb Walker","floor":35.0,"turns":7.0},{"damage":11.0,"enemies":"3 Darklings","floor":37.0,"turns":7.0},{"damage":0.0,"enemies":"Writhing Mass","floor":38.0,"turns":11.0},{"damage":0.0,"enemies":"Reptomancer","floor":44.0,"turns":8.0},{"damage":0.0,"enemies":"Spire Growth","floor":46.0,"turns":7.0},{"damage":26.0,"enemies":"Transient","floor":47.0,"turns":5.0},{"damage":35,"enemies":"Time Eater","floor":50,"turns":20}],"seed_played":"-4535939985875021758","potions_obtained":[{"floor":4.0,"key":"SkillPotion"},{"floor":7.0,"key":"SteroidPotion"},{"floor":8.0,"key":"PowerPotion"},{"floor":13.0,"key":"Fruit Juice"},{"floor":16.0,"key":"AttackPotion"}],"is_trial":false,"path_per_floor":["M","M","M","M","M","R","E","M","T","R","M","$","M","E","R","B",null,"M","?","?","?","M","R","E","$","T","M","$","M","M","$","R","B",null,"M","$","M","M","?","R","?","?","T","E","R","M","M","?","R","B",null],"character_chosen":"THE_SILENT","items_purchased":["Noxious Fumes","Purity"],"campfire_rested":5,"item_purchase_floors":[12,25],"current_hp_per_floor":[58,58,57,52,46,46,16,10,10,28,25,25,30,28,48,39,61,53,53,37,37,36,56,46,46,46,37,37,36,36,36,56,48,63,59,59,48,48,65,65,65,65,65,65,65,65,39,39,59,24],"gold":54,"neow_bonus":"ONE_RARE_RELIC","is_prod":false,"is_daily":false,"chose_seed":false,"campfire_upgraded":3,"win_rate":0,"timestamp":1571508165,"path_taken":["M","M","M","M","M","R","E","M","T","R","M","$","M","E","R","BOSS","M","?","?","?","?","R","E","$","T","M","?","M","M","$","R","BOSS","M","$","M","M","?","R","?","?","T","E","R","M","M","?","R","BOSS"],"build_version":"2019-10-18","purchased_purges":3,"victory":true,"max_hp_per_floor":[63,63,63,63,63,63,63,63,63,63,63,63,68,68,68,68,68,68,68,68,68,68,68,68,68,68,68,68,68,68,68,68,68,68,68,68,68,68,68,68,68,68,68,68,68,68,68,68,68,68],"card_choices":[{"not_picked":["Sucker Punch","Outmaneuver"],"picked":"Well Laid Plans","floor":1.0},{"not_picked":["Bane","Endless Agony"],"picked":"Cloak And Dagger","floor":1.0},{"not_picked":["Leg Sweep","Outmaneuver"],"picked":"Crippling Poison","floor":2.0},{"not_picked":["Finisher","Eviscerate","PiercingWail"],"picked":"SKIP","floor":2.0},{"not_picked":["Eviscerate","Blade Dance"],"picked":"Poisoned Stab","floor":3.0},{"not_picked":["Flying Knee","Crippling Poison","Doppelganger"],"picked":"SKIP","floor":3.0},{"not_picked":["Bane","Underhanded Strike"],"picked":"Backflip","floor":4.0},{"not_picked":["Blade Dance","Prepared","Dagger Throw"],"picked":"SKIP","floor":4.0},{"not_picked":["Bane","Dagger Throw"],"picked":"Leg Sweep","floor":5.0},{"not_picked":["Crippling Poison","Quick Slash","Deflect"],"picked":"SKIP","floor":5.0},{"not_picked":["Quick Slash","Slice"],"picked":"Malaise","floor":7.0},{"not_picked":["Dagger Throw","Backstab"],"picked":"Blur","floor":8.0},{"not_picked":["Setup","Prepared","Escape Plan"],"picked":"SKIP","floor":8.0},{"not_picked":["After Image","Blade Dance"],"picked":"Dash","floor":11.0},{"not_picked":["Quick Slash","Predator","Heel Hook"],"picked":"SKIP","floor":11.0},{"not_picked":["Deflect","Deadly Poison","PiercingWail"],"picked":"SKIP","floor":13.0},{"not_picked":["Cloak And Dagger","Accuracy","Poisoned Stab"],"picked":"SKIP","floor":13.0},{"not_picked":["Expertise","Outmaneuver","Noxious Fumes"],"picked":"SKIP","floor":14.0},{"not_picked":["Endless Agony","Concentrate"],"picked":"Catalyst","floor":18.0},{"not_picked":["All Out Attack","Riddle With Holes+1","Slice"],"picked":"SKIP","floor":18.0},{"not_picked":["Predator","Cloak And Dagger","Poisoned Stab"],"picked":"SKIP","floor":22.0},{"not_picked":["Acrobatics","Flechettes+1","PiercingWail+1"],"picked":"SKIP","floor":22.0},{"not_picked":["Deadly Poison","Catalyst+1"],"picked":"Footwork","floor":24.0},{"not_picked":["Deflect","Reflex"],"picked":"Footwork+1","floor":27.0},{"not_picked":["Endless Agony","Accuracy+1","Well Laid Plans"],"picked":"SKIP","floor":27.0},{"not_picked":["Tactician","Outmaneuver"],"picked":"Blur","floor":29.0},{"not_picked":["Backflip","Doppelganger","Setup+1"],"picked":"SKIP","floor":29.0},{"not_picked":["Quick Slash","Terror","Dagger Spray+1"],"picked":"SKIP","floor":30.0},{"not_picked":["Cloak And Dagger","Concentrate","All Out Attack+1"],"picked":"SKIP","floor":30.0},{"not_picked":["Flechettes+1","Quick Slash+1"],"picked":"Footwork+1","floor":35.0},{"not_picked":["Deflect+1","Catalyst"],"picked":"Predator","floor":35.0},{"not_picked":["Crippling Poison","Wraith Form v2"],"picked":"Blur","floor":37.0},{"not_picked":["Outmaneuver+1","Dagger Throw+1","Quick Slash"],"picked":"SKIP","floor":37.0},{"not_picked":["Deadly Poison","Riddle With Holes+1","Outmaneuver"],"picked":"SKIP","floor":38.0},{"not_picked":["PiercingWail+1","Infinite Blades","Finisher"],"picked":"SKIP","floor":38.0},{"not_picked":["Dagger Throw+1","Skewer+1"],"picked":"Dodge and Roll","floor":44.0},{"not_picked":["Underhanded Strike+1","Dagger Throw","Outmaneuver+1"],"picked":"SKIP","floor":46.0},{"not_picked":["Outmaneuver","Slice+1","Crippling Poison+1"],"picked":"SKIP","floor":46.0},{"not_picked":["Die Die Die","Dodge and Roll"],"picked":"Blur","floor":47.0},{"not_picked":["Flying Knee+1","Quick Slash+1","Catalyst"],"picked":"SKIP","floor":47.0},{"not_picked":["Blind","Flash of Steel"],"picked":"Impatience","floor":48.0}],"player_experience":696398,"relics_obtained":[{"floor":7.0,"key":"InkBottle"},{"floor":9.0,"key":"Bag of Marbles"},{"floor":14.0,"key":"StoneCalendar"},{"floor":20.0,"key":"Nilry\u0027s Codex"},{"floor":24.0,"key":"Boot"},{"floor":26.0,"key":"Incense Burner"},{"floor":43.0,"key":"Ninja Scroll"},{"floor":44.0,"key":"Mercury Hourglass"}],"event_choices":[{"damage_healed":0.0,"max_hp_gain":0.0,"max_hp_loss":0.0,"gold_gain":0.0,"event_name":"Addict","player_choice":"Obtained Relic","floor":19.0,"gold_loss":85.0,"damage_taken":0.0,"relics_obtained":["Tiny Chest"]},{"damage_healed":0.0,"max_hp_gain":0.0,"max_hp_loss":0.0,"gold_gain":0.0,"event_name":"Cursed Tome","player_choice":"Obtained Book","floor":20.0,"gold_loss":0.0,"damage_taken":16.0},{"damage_healed":0.0,"max_hp_gain":0.0,"max_hp_loss":0.0,"gold_gain":0.0,"cards_transformed":["Strike_G","Strike_G"],"event_name":"Drug Dealer","player_choice":"Became Test Subject","floor":21.0,"gold_loss":0.0,"damage_taken":0.0,"cards_obtained":["Skewer","Leg Sweep"]},{"damage_healed":17.0,"max_hp_gain":0.0,"max_hp_loss":0.0,"gold_gain":0.0,"event_name":"Winding Halls","player_choice":"Writhe","floor":39.0,"gold_loss":0.0,"damage_taken":0.0,"cards_obtained":["Writhe"]},{"damage_healed":0.0,"max_hp_gain":0.0,"max_hp_loss":0.0,"gold_gain":0.0,"event_name":"Mysterious Sphere","player_choice":"Ignored","floor":41.0,"gold_loss":0.0,"damage_taken":0.0},{"damage_healed":0.0,"max_hp_gain":0.0,"max_hp_loss":0.0,"gold_gain":0.0,"event_name":"Tomb of Lord Red Mask","player_choice":"Paid","floor":42.0,"gold_loss":107.0,"damage_taken":0.0,"relics_obtained":["Red Mask"]},{"damage_healed":0.0,"max_hp_gain":0.0,"max_hp_loss":0.0,"gold_gain":0.0,"event_name":"SensoryStone","player_choice":"Memory 1","floor":48.0,"gold_loss":0.0,"damage_taken":0.0}],"is_beta":true,"boss_relics":[{"not_picked":["Cursed Key","Coffee Dripper"],"picked":"Sozu"},{"not_picked":["Calling Bell","Tiny House"],"picked":"SlaversCollar"}],"items_purged_floors":[12,25,36],"is_endless":false,"potions_floor_spawned":[4,7,8,11,13,16,18,22,33,38,44],"ascension_level":11}