{"gold_per_floor":[213,163,163,184,237,237,276,301,301,301,335,335,360,384,384,384],"floor_reached":16,"playtime":620,"items_purged":[],"score":165,"play_id":"9aeee581-c234-43c4-b496-8ba961a33019","local_time":"20190628091634","is_ascension_mode":true,"campfire_choices":[{"data":"Bash","floor":6,"key":"SMITH"},{"floor":10,"key":"REST"},{"floor":12,"key":"REST"},{"data":"Inflame","floor":15,"key":"SMITH"}],"neow_cost":"NONE","seed_source_timestamp":176626871622767,"circlet_count":0,"master_deck":["AscendersBane","Strike_R","Strike_R","Strike_R","Strike_R","Defend_R","Defend_R","Defend_R","Defend_R","Bash+1","Sword Boomerang","Inflame+1","Uppercut","Shockwave","Thunderclap+1","Battle Trance"],"relics":["Burning Blood","Golden Idol","Vajra","Anchor","Kunai","Molten Egg 2"],"potions_floor_usage":[],"damage_taken":[{"damage":10,"enemies":"Jaw Worm","floor":1,"turns":7},{"damage":10,"enemies":"Small Slimes","floor":4,"turns":3},{"damage":40,"enemies":"3 Sentries","floor":7,"turns":8},{"damage":1,"enemies":"Cultist","floor":8,"turns":3},{"damage":17,"enemies":"Gremlin Nob","floor":11,"turns":4},{"damage":7,"enemies":"3 Louse","floor":13,"turns":4},{"damage":0,"enemies":"Blue Slaver","floor":14,"turns":3},{"damage":62,"enemies":"Slime Boss","floor":16,"turns":8}],"seed_played":"-5971360902436411539","potions_obtained":[{"floor":8,"key":"Strength Potion"},{"floor":11,"key":"SneckoOil"},{"floor":13,"key":"Strength Potion"}],"is_trial":false,"path_per_floor":["M","?","?","M","T","R","E","M","T","R","E","R","M","M","R","B"],"character_chosen":"IRONCLAD","items_purchased":[],"campfire_rested":2,"item_purchase_floors":[],"current_hp_per_floor":[68,68,48,44,44,44,10,15,15,39,28,52,51,57,57,0],"gold":384,"neow_bonus":"HUNDRED_GOLD","is_prod":false,"is_daily":false,"chose_seed":false,"campfire_upgraded":2,"win_rate":0,"timestamp":1561706194,"path_taken":["M","?","?","M","?","R","E","M","T","R","E","R","?","M","R","BOSS"],"build_version":"2019-01-23","purchased_purges":0,"victory":false,"max_hp_per_floor":[80,80,80,80,80,80,80,80,80,80,80,80,80,80,80,80],"card_choices":[{"not_picked":["Cleave","Dual Wield"],"picked":"Sword Boomerang","floor":1},{"not_picked":["Headbutt","Carnage"],"picked":"Inflame","floor":4},{"not_picked":["Inflame","Warcry"],"picked":"Uppercut","floor":7},{"not_picked":["Infernal Blade","Heavy Blade"],"picked":"Shockwave","floor":8},{"not_picked":["Perfected Strike","Rupture","Brutality"],"picked":"SKIP","floor":11},{"not_picked":["Intimidate","Sever Soul+1"],"picked":"Thunderclap+1","floor":13},{"not_picked":["Power Through","Ghostly Armor"],"picked":"Battle Trance","floor":14}],"player_experience":231803,"relics_obtained":[{"floor":5,"key":"Vajra"},{"floor":7,"key":"Anchor"},{"floor":9,"key":"Kunai"},{"floor":11,"key":"Molten Egg 2"}],"event_choices":[{"cards_removed":["Strike_R"],"damage_healed":0,"gold_gain":0,"player_choice":"Card Removal","damage_taken":0,"max_hp_gain":0,"max_hp_loss":0,"event_name":"The Cleric","floor":2,"gold_loss":50},{"damage_healed":0,"gold_gain":0,"player_choice":"Take Damage","damage_taken":20,"relics_obtained":["Golden Idol"],"max_hp_gain":0,"max_hp_loss":0,"event_name":"Golden Idol","floor":3,"gold_loss":0}],"is_beta":false,"boss_relics":[],"items_purged_floors":[],"is_endless":false,"potions_floor_spawned":[8,11,13],"killed_by":"Slime Boss","ascension_level":10}