{"gold_per_floor":[114,132,150,162,237,237,26,53,77,96,96,109,109,9,9,105,105,122,134,151,151,168,197,197,51,51,150,150,170,170,198,198,301,301,311,327,340,215,215,215,232,232,255,255,272,284,299,317,317,317],"floor_reached":51,"playtime":3291,"items_purged":["Strike_R","Strike_R","Havoc"],"score":718,"play_id":"21773273-a239-4b8b-a5f6-c094c4392bd3","local_time":"20190919114318","is_ascension_mode":false,"campfire_choices":[{"data":"Body Slam","floor":6.0,"key":"SMITH"},{"data":"Barricade","floor":11.0,"key":"SMITH"},{"data":"Whirlwind","floor":13.0,"key":"SMITH"},{"data":"Good Instincts","floor":15.0,"key":"SMITH"},{"data":"Burning Pact","floor":24,"key":"SMITH"},{"data":"Clothesline","floor":28,"key":"SMITH"},{"data":"Shrug It Off","floor":32,"key":"SMITH"},{"data":"Shrug It Off","floor":40,"key":"SMITH"},{"data":"Metallicize","floor":42,"key":"SMITH"},{"data":"Battle Trance","floor":44,"key":"SMITH"},{"floor":49,"key":"REST"}],"neow_cost":"NONE","seed_source_timestamp":465810959500900,"circlet_count":0,"master_deck":["Defend_R","Defend_R","Defend_R","Defend_R","Bash","Barricade+1","Battle Trance+1","Burning Pact+1","Body Slam+1","Good Instincts+1","Shrug It Off+1","Whirlwind+1","Metallicize+1","Shrug It Off+1","Impervious","Clothesline+1","Iron Wave+1","Ghostly Armor","Shockwave","Body Slam+1","Entrench+1"],"special_seed":0,"relics":["Burning Blood","Bronze Scales","Regal Pillow","Sozu","Potion Belt","Oddly Smooth Stone","StoneCalendar","Pen Nib","Boot"],"potions_floor_usage":[],"damage_taken":[{"damage":5.0,"enemies":"Cultist","floor":1.0,"turns":4.0},{"damage":11.0,"enemies":"2 Louse","floor":2.0,"turns":3.0},{"damage":2.0,"enemies":"Small Slimes","floor":3.0,"turns":5.0},{"damage":34.0,"enemies":"Exordium Wildlife","floor":4.0,"turns":8.0},{"damage":17.0,"enemies":"3 Sentries","floor":8.0,"turns":13.0},{"damage":0.0,"enemies":"Blue Slaver","floor":10.0,"turns":5.0},{"damage":8.0,"enemies":"Large Slime","floor":12.0,"turns":9.0},{"damage":22.0,"enemies":"The Guardian","floor":16.0,"turns":10.0},{"damage":0.0,"enemies":"Chosen","floor":18.0,"turns":3.0},{"damage":7,"enemies":"Spheric Guardian","floor":19,"turns":5},{"damage":0,"enemies":"Snecko","floor":20,"turns":5},{"damage":3,"enemies":"Shelled Parasite and Fungi","floor":22,"turns":5},{"damage":45,"enemies":"Slavers","floor":23,"turns":11},{"damage":0,"enemies":"3 Cultists","floor":29,"turns":4},{"damage":0,"enemies":"Gremlin Leader","floor":31,"turns":5},{"damage":14,"enemies":"Automaton","floor":33,"turns":9},{"damage":0,"enemies":"Orb Walker","floor":35,"turns":4},{"damage":4,"enemies":"3 Shapes","floor":36,"turns":7},{"damage":34,"enemies":"3 Darklings","floor":37,"turns":7},{"damage":5,"enemies":"4 Shapes","floor":41,"turns":2},{"damage":10,"enemies":"Transient","floor":45,"turns":5},{"damage":0,"enemies":"Sphere and 2 Shapes","floor":46,"turns":7},{"damage":0,"enemies":"Maw","floor":47,"turns":6},{"damage":0,"enemies":"Spire Growth","floor":48,"turns":7},{"damage":12,"enemies":"Time Eater","floor":50,"turns":13}],"seed_played":"-6770616997696634706","potions_obtained":[{"floor":3.0,"key":"SteroidPotion"},{"floor":4.0,"key":"Block Potion"},{"floor":12.0,"key":"Energy Potion"}],"is_trial":false,"path_per_floor":["M","M","M","M","?","R","$","E","T","M","R","M","R","$","R","B",null,"M","M","M","$","M","E","R","$","T","?","R","M","?","E","R","B",null,"M","M","M","$","?","R","M","R","T","R","M","M","M","M","R","B",null],"character_chosen":"IRONCLAD","items_purchased":["Good Instincts","Shrug It Off","Oddly Smooth Stone"],"campfire_rested":1,"item_purchase_floors":[7,7,25],"current_hp_per_floor":[80,75,79,51,43,43,43,32,32,38,38,36,36,36,36,20,80,80,79,80,80,80,41,41,41,41,41,41,47,47,53,53,45,80,80,80,52,52,52,52,53,53,53,53,49,55,61,67,80,74],"gold":317,"neow_bonus":"TRANSFORM_CARD","is_prod":false,"is_daily":false,"chose_seed":false,"campfire_upgraded":10,"win_rate":0,"timestamp":1568860998,"path_taken":["M","M","?","M","?","R","$","E","T","?","R","M","R","?","R","BOSS","M","M","M","$","?","E","R","$","T","?","R","M","?","E","R","BOSS","M","M","M","$","?","R","M","R","T","R","M","M","M","M","R","BOSS"],"build_version":"2019-07-17","purchased_purges":3,"victory":true,"max_hp_per_floor":[80,80,80,80,80,80,80,80,80,80,80,80,80,80,80,80,80,80,80,80,80,80,80,80,80,80,80,80,80,80,80,80,80,80,80,80,80,80,80,80,80,80,80,80,80,80,80,80,80,80],"card_choices":[{"not_picked":["Pommel Strike","Burning Pact"],"picked":"Battle Trance","floor":1.0},{"not_picked":["Cleave","Dropkick","Sword Boomerang"],"picked":"SKIP","floor":2.0},{"not_picked":["Havoc","Perfected Strike"],"picked":"Burning Pact","floor":3.0},{"not_picked":["Immolate","Havoc"],"picked":"Body Slam","floor":4.0},{"not_picked":["Dropkick","Reckless Charge"],"picked":"Whirlwind","floor":8.0},{"not_picked":["Wild Strike","Pommel Strike"],"picked":"Metallicize","floor":10.0},{"not_picked":["Perfected Strike","Impervious"],"picked":"Shrug It Off","floor":12.0},{"not_picked":["Barricade","Juggernaut"],"picked":"Impervious","floor":16.0},{"not_picked":["Reckless Charge","Power Through+1"],"picked":"Clothesline","floor":18.0},{"not_picked":["Headbutt","Thunderclap+1"],"picked":"Iron Wave+1","floor":19},{"not_picked":["Cleave+1","Flame Barrier","Infernal Blade"],"picked":"SKIP","floor":20},{"not_picked":["Iron Wave","Uppercut+1","Pommel Strike"],"picked":"SKIP","floor":22},{"not_picked":["Anger+1","Evolve"],"picked":"Ghostly Armor","floor":23},{"not_picked":["Corruption+1","Iron Wave","Thunderclap"],"picked":"SKIP","floor":29},{"not_picked":["Second Wind","Havoc+1","Clothesline"],"picked":"SKIP","floor":31},{"not_picked":["Infernal Blade","Headbutt","Sword Boomerang"],"picked":"SKIP","floor":35},{"not_picked":["Evolve","Twin Strike","Thunderclap+1"],"picked":"SKIP","floor":36},{"not_picked":["Carnage","Armaments","Wild Strike"],"picked":"SKIP","floor":37},{"not_picked":["Seeing Red","Armaments","Whirlwind"],"picked":"SKIP","floor":41},{"not_picked":["Clothesline+1","Cleave","True Grit+1"],"picked":"SKIP","floor":45},{"not_picked":["True Grit","Armaments+1"],"picked":"Body Slam+1","floor":46},{"not_picked":["Twin Strike","Fire Breathing"],"picked":"Entrench+1","floor":47},{"not_picked":["Bludgeon","Armaments","Headbutt"],"picked":"SKIP","floor":48}],"player_experience":424151,"relics_obtained":[{"floor":8.0,"key":"Bronze Scales"},{"floor":9.0,"key":"Regal Pillow"},{"floor":23,"key":"Potion Belt"},{"floor":26,"key":"StoneCalendar"},{"floor":31,"key":"Pen Nib"},{"floor":43,"key":"Boot"}],"event_choices":[{"damage_healed":0.0,"max_hp_gain":0.0,"max_hp_loss":0.0,"gold_gain":75.0,"event_name":"FaceTrader","player_choice":"Touch","floor":5.0,"gold_loss":0.0,"damage_taken":8.0},{"damage_healed":0,"gold_gain":99,"player_choice":"Stole From Cult","damage_taken":0,"max_hp_gain":0,"max_hp_loss":0,"event_name":"Nest","floor":27,"gold_loss":0},{"damage_healed":0,"gold_gain":0,"cards_transformed":["Strike_R","Strike_R"],"player_choice":"Became Test Subject","damage_taken":0,"max_hp_gain":0,"max_hp_loss":0,"event_name":"Drug Dealer","floor":30,"gold_loss":0,"cards_obtained":["Havoc","Shockwave"]},{"damage_healed":0,"gold_gain":0,"player_choice":"Memory 1","damage_taken":0,"max_hp_gain":0,"max_hp_loss":0,"event_name":"SensoryStone","floor":39,"gold_loss":0}],"is_beta":false,"boss_relics":[{"not_picked":["Cursed Key","Fusion Hammer"],"picked":"Sozu"},{"not_picked":["Mark of Pain","White Beast Statue","Astrolabe"]}],"items_purged_floors":[7,14,38],"is_endless":false,"potions_floor_spawned":[3,4,12,20,22,23,29,36,41,46],"ascension_level":0}