{"gold_per_floor":[110,130,230,74,74,103,103,103,103,28,59,70,87,105,105,200,200],"floor_reached":17,"playtime":561,"items_purged":["MasterReality"],"score":215,"play_id":"cdbc47de-ef11-4268-8bb4-333df8d3bea9","local_time":"20191009233331","is_ascension_mode":true,"campfire_choices":[{"data":"WindmillStrike","floor":7.0,"key":"SMITH"},{"data":"SashWhip","floor":15.0,"key":"SMITH"}],"neow_cost":"NONE","seed_source_timestamp":0,"circlet_count":0,"master_deck":["Strike_P","Strike_P","Strike_P","Defend_P","Defend_P","Defend_P","Defend_P","Eruption","Vigilance","WheelKick+1","WindmillStrike+1","Brilliance","SashWhip+1","CutThroughFate","Judgement"],"special_seed":0,"relics":["PureWater","Oddly Smooth Stone","Orichalcum","Dodecahedron","CloakClasp"],"potions_floor_usage":[],"damage_taken":[{"damage":0.0,"enemies":"2 Louse","floor":1.0,"turns":3.0},{"damage":0.0,"enemies":"Cultist","floor":2.0,"turns":3.0},{"damage":11.0,"enemies":"Lagavulin","floor":6.0,"turns":4.0},{"damage":10.0,"enemies":"Gremlin Nob","floor":11.0,"turns":3.0},{"damage":0.0,"enemies":"Jaw Worm","floor":12.0,"turns":3.0},{"damage":0.0,"enemies":"3 Louse","floor":13.0,"turns":3.0},{"damage":0.0,"enemies":"Exordium Wildlife","floor":14.0,"turns":4.0},{"damage":24.0,"enemies":"The Guardian","floor":16.0,"turns":6.0}],"seed_played":"4699563833999737583","potions_obtained":[{"floor":2.0,"key":"BottledMiracle"},{"floor":11.0,"key":"Dexterity Potion"},{"floor":12.0,"key":"SkillPotion"},{"floor":14.0,"key":"SteroidPotion"}],"is_trial":false,"path_per_floor":["M","M","?","$","?","E","R","?","T","$","E","M","M","M","R","B",null],"character_chosen":"WATCHER","items_purchased":["Oddly Smooth Stone"],"campfire_rested":0,"item_purchase_floors":[4],"current_hp_per_floor":[65,65,65,65,65,54,54,47,47,47,37,37,37,46,46,22,22],"gold":200,"neow_bonus":"ONE_RANDOM_RARE_CARD","is_prod":false,"is_daily":false,"chose_seed":false,"campfire_upgraded":2,"win_rate":0,"timestamp":1570656811,"path_taken":["M","M","?","?","?","E","R","?","T","$","E","M","?","M","R","BOSS"],"build_version":"2019-10-09","purchased_purges":1,"victory":false,"max_hp_per_floor":[72,72,72,72,72,72,72,72,72,72,72,72,72,72,72,72,72],"card_choices":[{"not_picked":["Sanctity","Prostrate"],"picked":"WheelKick","floor":1.0},{"not_picked":["TalkToTheHand","EmptyBody"],"picked":"WindmillStrike","floor":2.0},{"not_picked":["PathToVictory","SpiritShield"],"picked":"Brilliance","floor":6.0},{"not_picked":["Sanctity","Crescendo"],"picked":"SashWhip","floor":11.0},{"not_picked":["ConjureBlade","Tantrum","FlyingSleeves"],"picked":"SKIP","floor":12.0},{"not_picked":["Meditate","EmptyFist"],"picked":"CutThroughFate","floor":13.0},{"not_picked":["ReachHeaven","FollowUp","ThirdEye"],"picked":"SKIP","floor":14.0},{"not_picked":["Vault","MasterReality"],"picked":"Judgement","floor":16.0}],"player_experience":473467,"relics_obtained":[{"floor":6.0,"key":"Orichalcum"},{"floor":9.0,"key":"Dodecahedron"},{"floor":11.0,"key":"CloakClasp"}],"event_choices":[{"damage_healed":0.0,"max_hp_gain":0.0,"max_hp_loss":0.0,"gold_gain":100.0,"event_name":"Golden Shrine","player_choice":"Pray","floor":3.0,"gold_loss":0.0,"damage_taken":0.0},{"damage_healed":0.0,"max_hp_gain":0.0,"max_hp_loss":0.0,"gold_gain":0.0,"event_name":"Living Wall","player_choice":"Grow","floor":5.0,"gold_loss":0.0,"damage_taken":0.0,"cards_upgraded":["WheelKick"]},{"cards_removed":["Strike_P"],"damage_healed":0.0,"max_hp_gain":0.0,"max_hp_loss":0.0,"gold_gain":0.0,"event_name":"Golden Wing","player_choice":"Card Removal","floor":8.0,"gold_loss":0.0,"damage_taken":7.0}],"is_beta":true,"boss_relics":[],"items_purged_floors":[10],"is_endless":false,"potions_floor_spawned":[2,11,12,13,14],"ascension_level":6}