{"gold_per_floor":[119,136,136,156,169,194,207,237,237,267,267,280,280,298,298,403,403,420,431,459,459,49,77,77,90,136,170,170,185,185,205,205,302,302,319,329,329,73,88,98,98,108,135,135,135,164,179,199,199,199],"floor_reached":51,"playtime":2512,"items_purged":[],"score":1020,"play_id":"fa74096f-a1d0-4b41-9388-669ebbbff905","local_time":"20190625000216","is_ascension_mode":true,"campfire_choices":[{"data":"Inflame","floor":13,"key":"SMITH"},{"floor":15,"key":"REST"},{"floor":28,"key":"REST"},{"data":"Pommel Strike","floor":30,"key":"SMITH"},{"floor":32,"key":"REST"},{"floor":41,"key":"REST"},{"floor":49,"key":"REST"}],"neow_cost":"NONE","seed_source_timestamp":353507312523382,"circlet_count":0,"master_deck":["Strike_R","Strike_R","Strike_R","Strike_R","Defend_R","Defend_R","Defend_R","Defend_R","Bash+1","Anger+1","Sword Boomerang","Shrug It Off","Pommel Strike+1","Clothesline","Inflame+1","Shrug It Off","Havoc+1","Brutality","Flame Barrier+1","Metallicize+1","Battle Trance+1","Intimidate+1","Battle Trance+1","Armaments+1","Flex+1","Impervious+1","True Grit+1","Demon Form","Pummel+1","Madness+1","Madness+1"],"relics":["Burning Blood","NeowsBlessing","Pocketwatch","Red Skull","Happy Flower","Toxic Egg 2","Runic Dome","Red Mask","Nloth\u0027s Gift","Kunai","Pantograph","Dream Catcher","Ornamental Fan","Sozu","Paper Frog","Art of War","Darkstone Periapt","Letter Opener"],"potions_floor_usage":[6,14,16,20,20,23,27,27,50],"damage_taken":[{"damage":0,"enemies":"Cultist","floor":1,"turns":1},{"damage":0,"enemies":"Small Slimes","floor":2,"turns":1},{"damage":0,"enemies":"Jaw Worm","floor":4,"turns":1},{"damage":13,"enemies":"Blue Slaver","floor":5,"turns":4},{"damage":39,"enemies":"3 Sentries","floor":6,"turns":9},{"damage":4,"enemies":"Looter","floor":7,"turns":3},{"damage":22,"enemies":"Lagavulin","floor":8,"turns":6},{"damage":12,"enemies":"Gremlin Nob","floor":10,"turns":3},{"damage":1,"enemies":"Red Slaver","floor":12,"turns":3},{"damage":19,"enemies":"Exordium Thugs","floor":14,"turns":3},{"damage":8,"enemies":"The Guardian","floor":16,"turns":8},{"damage":17,"enemies":"2 Thieves","floor":18,"turns":4},{"damage":17,"enemies":"Spheric Guardian","floor":19,"turns":4},{"damage":57,"enemies":"Masked Bandits","floor":20,"turns":5},{"damage":8,"enemies":"Slavers","floor":23,"turns":6},{"damage":1,"enemies":"Snecko","floor":25,"turns":3},{"damage":2,"enemies":"Book of Stabbing","floor":27,"turns":3},{"damage":10,"enemies":"Cultist and Chosen","floor":29,"turns":5},{"damage":13,"enemies":"Sentry and Sphere","floor":31,"turns":4},{"damage":64,"enemies":"Champ","floor":33,"turns":10},{"damage":21,"enemies":"3 Darklings","floor":35,"turns":5},{"damage":14,"enemies":"3 Shapes","floor":36,"turns":5},{"damage":15,"enemies":"Spire Growth","floor":39,"turns":5},{"damage":0,"enemies":"Maw","floor":40,"turns":6},{"damage":11,"enemies":"3 Darklings","floor":42,"turns":6},{"damage":15,"enemies":"Reptomancer","floor":46,"turns":5},{"damage":3,"enemies":"Jaw Worm Horde","floor":47,"turns":4},{"damage":8,"enemies":"4 Shapes","floor":48,"turns":5},{"damage":41,"enemies":"Time Eater","floor":50,"turns":6}],"seed_played":"-8130848764001105371","potions_obtained":[{"floor":5,"key":"BloodPotion"},{"floor":6,"key":"PowerPotion"},{"floor":12,"key":"Strength Potion"},{"floor":14,"key":"PowerPotion"},{"floor":16,"key":"Ancient Potion"},{"floor":18,"key":"Regen Potion"},{"floor":19,"key":"Poison Potion"},{"floor":23,"key":"Strength Potion"},{"floor":31,"key":"Swift Potion"}],"is_trial":false,"path_per_floor":["M","M","?","M","M","E","M","E","T","E","T","M","R","M","R","B",null,"M","M","?","?","$","E","$","M","T","E","R","M","R","M","R","B",null,"M","M","?","$","M","M","R","M","T","?","T","E","M","M","R","B",null],"character_chosen":"IRONCLAD","items_purchased":["Regen Potion","Battle Trance+1","Kunai","Paper Frog"],"campfire_rested":5,"item_purchase_floors":[22,22,22,38],"current_hp_per_floor":[78,80,73,79,72,47,49,33,33,27,27,32,32,19,43,41,70,59,48,11,11,11,24,24,29,29,33,57,53,53,46,70,22,66,51,43,43,43,34,40,64,59,59,49,49,40,43,41,65,45],"gold":199,"neow_bonus":"THREE_ENEMY_KILL","is_prod":false,"is_daily":false,"chose_seed":false,"campfire_upgraded":2,"win_rate":0,"timestamp":1561413736,"path_taken":["M","?","?","M","M","E","M","E","T","E","?","M","R","M","R","BOSS","M","M","?","?","$","E","$","M","T","E","R","M","R","?","R","BOSS","M","M","?","$","M","M","R","M","T","?","?","E","M","M","R","BOSS"],"build_version":"2019-01-23","purchased_purges":0,"victory":true,"max_hp_per_floor":[80,80,80,80,80,80,80,80,80,80,80,80,80,80,80,80,80,80,80,80,80,80,80,80,80,80,80,80,80,80,80,80,80,80,80,80,80,80,80,80,80,80,80,80,80,80,80,80,80,80],"card_choices":[{"not_picked":["True Grit","Wild Strike"],"picked":"Anger","floor":1},{"not_picked":["Twin Strike","Thunderclap"],"picked":"Sword Boomerang","floor":2},{"not_picked":["Reckless Charge","Sword Boomerang"],"picked":"Shrug It Off","floor":4},{"not_picked":["Rampage","Whirlwind"],"picked":"Pommel Strike","floor":5},{"not_picked":["Sever Soul","Cleave","Havoc"],"picked":"SKIP","floor":6},{"not_picked":["Dual Wield","True Grit"],"picked":"Clothesline","floor":7},{"not_picked":["Heavy Blade","Rupture"],"picked":"Inflame","floor":8},{"not_picked":["Warcry","Infernal Blade"],"picked":"Shrug It Off","floor":10},{"not_picked":["Carnage","Burning Pact+1","Thunderclap"],"picked":"SKIP","floor":12},{"not_picked":["Clash","Feel No Pain"],"picked":"Havoc+1","floor":14},{"not_picked":["Barricade","Fiend Fire"],"picked":"Brutality","floor":16},{"not_picked":["Dual Wield+1","Clash+1"],"picked":"Flame Barrier+1","floor":18},{"not_picked":["Body Slam+1","Flame Barrier+1"],"picked":"Metallicize+1","floor":19},{"not_picked":["Clothesline+1","Whirlwind"],"picked":"Intimidate+1","floor":23},{"not_picked":["Sword Boomerang","Clash"],"picked":"Battle Trance+1","floor":25},{"not_picked":["Pommel Strike","Wild Strike"],"picked":"Armaments+1","floor":27},{"not_picked":["Body Slam","Sword Boomerang"],"picked":"Flex+1","floor":28},{"not_picked":["Heavy Blade","Flex+1","Twin Strike+1"],"picked":"SKIP","floor":29},{"not_picked":["Sentinel+1","Anger"],"picked":"Impervious+1","floor":31},{"not_picked":["Sword Boomerang","Cleave"],"picked":"True Grit+1","floor":32},{"not_picked":["Berserk","Limit Break+1"],"picked":"Demon Form","floor":33},{"not_picked":["Havoc+1","Spot Weakness+1"],"picked":"Pummel+1","floor":35},{"not_picked":["Power Through+1","Body Slam+1","Wild Strike+1"],"picked":"SKIP","floor":36},{"not_picked":["Shrug It Off+1","Rage+1","Pommel Strike"],"picked":"SKIP","floor":39},{"not_picked":["Thunderclap","Sword Boomerang","Iron Wave"],"picked":"SKIP","floor":40},{"not_picked":["Clash","Havoc+1","Thunderclap"],"picked":"SKIP","floor":42},{"not_picked":["Body Slam+1","Dropkick+1","Demon Form"],"picked":"SKIP","floor":46},{"not_picked":["Flex+1","Clothesline","Warcry+1"],"picked":"SKIP","floor":47},{"not_picked":["Twin Strike+1","Intimidate+1","Shockwave+1"],"picked":"SKIP","floor":48}],"player_experience":213518,"relics_obtained":[{"floor":6,"key":"Pocketwatch"},{"floor":8,"key":"Whetstone"},{"floor":9,"key":"Red Skull"},{"floor":10,"key":"Happy Flower"},{"floor":11,"key":"Toxic Egg 2"},{"floor":20,"key":"Red Mask"},{"floor":23,"key":"Pantograph"},{"floor":26,"key":"Dream Catcher"},{"floor":27,"key":"Ornamental Fan"},{"floor":43,"key":"Art of War"},{"floor":45,"key":"Darkstone Periapt"},{"floor":46,"key":"Letter Opener"}],"event_choices":[{"cards_removed":["Strike_R"],"damage_healed":0,"gold_gain":0,"player_choice":"Card Removal","damage_taken":7,"max_hp_gain":0,"max_hp_loss":0,"event_name":"Golden Wing","floor":3,"gold_loss":0},{"damage_healed":0,"gold_gain":0,"player_choice":"Fought Bandits","damage_taken":0,"max_hp_gain":0,"max_hp_loss":0,"event_name":"Masked Bandits","floor":20,"gold_loss":0},{"damage_healed":0,"gold_gain":0,"player_choice":"Traded Relic","damage_taken":0,"relics_obtained":["Nloth\u0027s Gift"],"max_hp_gain":0,"max_hp_loss":0,"event_name":"N\u0027loth","floor":21,"relics_lost":["Whetstone"],"gold_loss":0},{"damage_healed":0,"gold_gain":0,"player_choice":"Ignored","damage_taken":0,"max_hp_gain":0,"max_hp_loss":0,"event_name":"Mysterious Sphere","floor":37,"gold_loss":0},{"damage_healed":0,"gold_gain":0,"player_choice":"Embrace Madness","damage_taken":10,"max_hp_gain":0,"max_hp_loss":0,"event_name":"Winding Halls","floor":44,"gold_loss":0,"cards_obtained":["Madness","Madness"]}],"is_beta":false,"boss_relics":[{"not_picked":["White Beast Statue","Runic Cube"],"picked":"Runic Dome"},{"not_picked":["Calling Bell","Astrolabe"],"picked":"Sozu"}],"items_purged_floors":[],"is_endless":false,"potions_floor_spawned":[5,6,12,14,16,18,19,23,31,35,36,42],"ascension_level":8}