{"gold_per_floor":[112,131,58,69,69,69,89,123,198,198,198],"floor_reached":11,"playtime":347,"items_purged":[],"score":113,"play_id":"c1e1a9bd-6190-4cf9-a962-b769dc997667","local_time":"20190628114622","is_ascension_mode":true,"campfire_choices":[{"data":"Bash","floor":6,"key":"SMITH"},{"data":"True Grit","floor":10,"key":"SMITH"}],"neow_cost":"NONE","seed_source_timestamp":185890856061784,"circlet_count":0,"master_deck":["AscendersBane","Strike_R","Strike_R","Strike_R","Strike_R","Strike_R","Defend_R","Defend_R","Defend_R","Defend_R","Bash+1","Double Tap","Sword Boomerang","Infernal Blade","Reckless Charge","True Grit+1","Sword Boomerang"],"relics":["Burning Blood","Golden Idol","Magic Flower","Matryoshka"],"potions_floor_usage":[8,11],"damage_taken":[{"damage":9,"enemies":"Jaw Worm","floor":1,"turns":6},{"damage":0,"enemies":"Small Slimes","floor":2,"turns":3},{"damage":6,"enemies":"Cultist","floor":4,"turns":3},{"damage":10,"enemies":"Looter","floor":7,"turns":3},{"damage":18,"enemies":"3 Sentries","floor":8,"turns":7},{"damage":42,"enemies":"Lagavulin","floor":11,"turns":5}],"seed_played":"-3973349756838244829","potions_obtained":[{"floor":4,"key":"SpeedPotion"},{"floor":7,"key":"Block Potion"}],"is_trial":false,"path_per_floor":["M","M","$","M","?","R","M","E","T","R","E"],"character_chosen":"IRONCLAD","items_purchased":["Reckless Charge"],"campfire_rested":0,"item_purchase_floors":[3],"current_hp_per_floor":[69,75,75,75,55,55,51,39,39,39,0],"gold":198,"neow_bonus":"ONE_RANDOM_RARE_CARD","is_prod":false,"is_daily":false,"chose_seed":false,"campfire_upgraded":2,"win_rate":0,"timestamp":1561715182,"path_taken":["M","M","$","M","?","R","M","E","T","R","E"],"build_version":"2019-01-23","purchased_purges":0,"victory":false,"max_hp_per_floor":[80,80,80,80,80,80,80,80,80,80,80],"card_choices":[{"not_picked":["Shrug It Off","Twin Strike"],"picked":"Sword Boomerang","floor":1},{"not_picked":["Armaments","Dropkick"],"picked":"Infernal Blade","floor":2},{"not_picked":["Flex","Anger"],"picked":"True Grit","floor":4},{"not_picked":["Power Through","Bloodletting","Cleave"],"picked":"SKIP","floor":7},{"not_picked":["Rupture","Juggernaut"],"picked":"Sword Boomerang","floor":8}],"player_experience":236193,"relics_obtained":[{"floor":8,"key":"Magic Flower"},{"floor":9,"key":"Matryoshka"}],"event_choices":[{"damage_healed":0,"gold_gain":0,"player_choice":"Take Damage","damage_taken":20,"relics_obtained":["Golden Idol"],"max_hp_gain":0,"max_hp_loss":0,"event_name":"Golden Idol","floor":5,"gold_loss":0}],"is_beta":false,"boss_relics":[],"items_purged_floors":[],"is_endless":false,"potions_floor_spawned":[4,7],"killed_by":"Lagavulin","ascension_level":11}