{"gold_per_floor":[13,32,32,55,76,112,112,132,132,132,167,167,191,225,225,323,323,338,357,371,68,68,68,89,114,114,154,177,202,217,241,241,339,339,364,379,392,137,137,137,137,177,222,222,222,222,70,95,95,95],"floor_reached":51,"playtime":1786,"items_purged":["Strike_R","Strike_R"],"score":1210,"play_id":"7ea6b305-1990-4b73-b38c-47dd3e6866cd","local_time":"20191025230624","is_ascension_mode":true,"campfire_choices":[{"data":"Bludgeon","floor":7.0,"key":"SMITH"},{"floor":10.0,"key":"REST"},{"data":"Feed","floor":12.0,"key":"SMITH"},{"data":"Disarm","floor":15.0,"key":"SMITH"},{"floor":23.0,"key":"REST"},{"floor":32.0,"key":"REST"},{"floor":41,"key":"REST"},{"floor":44,"key":"REST"},{"floor":46,"key":"REST"},{"floor":49,"key":"REST"}],"neow_cost":"NO_GOLD","seed_source_timestamp":104256167232900,"circlet_count":0,"master_deck":["AscendersBane","Strike_R","Strike_R","Strike_R+1","Defend_R","Defend_R","Defend_R","Defend_R","Bash","Bludgeon+1","Disarm+1","Inflame","Thunderclap+1","True Grit","Feed+1","Shrug It Off","Power Through","Pommel Strike+1","Reaper+1","Ghostly Armor","Flame Barrier","Demon Form","Whirlwind+1","Shrug It Off","Juggernaut+1","Uppercut+1"],"special_seed":0,"relics":["Burning Blood","Golden Idol","Happy Flower","Pear","Molten Egg 2","Kunai","Fusion Hammer","Eternal Feather","Frozen Egg 2","Sozu","Bag of Marbles","Toy Ornithopter","Juzu Bracelet","Whetstone","Lantern"],"potions_floor_usage":[33,37],"damage_taken":[{"damage":11.0,"enemies":"Small Slimes","floor":1.0,"turns":4.0},{"damage":1.0,"enemies":"Cultist","floor":2.0,"turns":3.0},{"damage":12.0,"enemies":"2 Louse","floor":4.0,"turns":3.0},{"damage":11.0,"enemies":"Blue Slaver","floor":5.0,"turns":3.0},{"damage":20.0,"enemies":"Gremlin Nob","floor":6.0,"turns":4.0},{"damage":29.0,"enemies":"Exordium Wildlife","floor":8.0,"turns":5.0},{"damage":26.0,"enemies":"3 Sentries","floor":11.0,"turns":9.0},{"damage":0.0,"enemies":"2 Fungi Beasts","floor":13.0,"turns":2.0},{"damage":20.0,"enemies":"Gremlin Nob","floor":14.0,"turns":4.0},{"damage":27.0,"enemies":"Hexaghost","floor":16.0,"turns":10.0},{"damage":7.0,"enemies":"Chosen","floor":18.0,"turns":4.0},{"damage":14.0,"enemies":"3 Byrds","floor":19.0,"turns":3.0},{"damage":22.0,"enemies":"Cultist and Chosen","floor":20.0,"turns":9.0},{"damage":20.0,"enemies":"Snake Plant","floor":24.0,"turns":5.0},{"damage":10.0,"enemies":"Centurion and Healer","floor":25.0,"turns":6.0},{"damage":7.0,"enemies":"Slavers","floor":27.0,"turns":2.0},{"damage":7.0,"enemies":"Chosen and Byrds","floor":28.0,"turns":6.0},{"damage":25.0,"enemies":"Snake Plant","floor":29.0,"turns":7.0},{"damage":37.0,"enemies":"Shelled Parasite and Fungi","floor":30.0,"turns":6.0},{"damage":25.0,"enemies":"Sentry and Sphere","floor":31.0,"turns":7.0},{"damage":40,"enemies":"Collector","floor":33,"turns":8},{"damage":30,"enemies":"3 Shapes","floor":35,"turns":3},{"damage":41,"enemies":"3 Darklings","floor":36,"turns":7},{"damage":34,"enemies":"Sphere and 2 Shapes","floor":37,"turns":7},{"damage":14,"enemies":"Reptomancer","floor":42,"turns":8},{"damage":15,"enemies":"Writhing Mass","floor":48,"turns":7},{"damage":67,"enemies":"Time Eater","floor":50,"turns":10}],"seed_played":"7098769797869323706","potions_obtained":[{"floor":1.0,"key":"Regen Potion"},{"floor":5.0,"key":"DistilledChaos"},{"floor":11.0,"key":"BlessingOfTheForge"},{"floor":14.0,"key":"Regen Potion"},{"floor":18.0,"key":"LiquidBronze"},{"floor":22.0,"key":"HeartOfIron"},{"floor":22.0,"key":"Strength Potion"},{"floor":28.0,"key":"BlessingOfTheForge"},{"floor":31.0,"key":"LiquidMemories"},{"floor":33,"key":"GamblersBrew"}],"is_trial":false,"path_per_floor":["M","M","?","M","M","E","R","M","T","R","E","R","M","E","R","B",null,"M","M","M","$","?","R","M","M","T","E","M","M","M","M","R","B",null,"M","M","M","$","?","?","R","E","T","R","T","R","$","M","R","B",null],"character_chosen":"IRONCLAD","items_purchased":["Flame Barrier","Demon Form","Bag of Marbles","Lantern"],"campfire_rested":7,"item_purchase_floors":[21,21,38,47],"current_hp_per_floor":[67,72,52,46,41,39,39,19,29,56,39,39,49,35,35,29,82,81,80,74,74,74,104,90,90,90,93,96,80,60,50,102,68,110,86,65,37,37,37,37,87,94,94,118,118,118,118,115,118,67],"gold":95,"neow_bonus":"THREE_RARE_CARDS","is_prod":false,"is_daily":false,"chose_seed":false,"campfire_upgraded":3,"win_rate":0,"timestamp":1572037584,"path_taken":["M","M","?","M","M","E","R","M","T","R","E","R","M","E","R","BOSS","M","M","M","$","?","R","M","M","T","E","M","M","?","M","R","BOSS","M","M","M","$","?","?","R","E","T","R","?","R","?","M","R","BOSS"],"build_version":"2019-10-25-V2","purchased_purges":2,"victory":true,"max_hp_per_floor":[80,80,80,80,80,80,80,83,93,93,96,96,100,100,100,100,100,100,104,104,104,104,104,104,108,108,112,116,116,120,124,124,124,124,124,124,124,124,118,118,118,118,118,118,118,118,118,118,118,118],"card_choices":[{"not_picked":["Corruption","Immolate"],"picked":"Bludgeon","floor":0.0},{"not_picked":["Second Wind","Warcry"],"picked":"Disarm","floor":1.0},{"not_picked":["Wild Strike","Feel No Pain"],"picked":"Inflame","floor":2.0},{"not_picked":["Evolve","Clothesline"],"picked":"Thunderclap","floor":4.0},{"not_picked":["Body Slam","Cleave"],"picked":"True Grit","floor":5.0},{"not_picked":["Cleave","Reckless Charge"],"picked":"Feed","floor":6.0},{"not_picked":["Perfected Strike","Wild Strike"],"picked":"Shrug It Off","floor":8.0},{"not_picked":["Evolve","Berserk"],"picked":"Power Through","floor":11.0},{"not_picked":["Warcry","Heavy Blade+1"],"picked":"Pommel Strike+1","floor":13.0},{"not_picked":["Double Tap","Body Slam+1","Cleave+1"],"picked":"SKIP","floor":14.0},{"not_picked":["Berserk","Immolate+1"],"picked":"Reaper+1","floor":16.0},{"not_picked":["Body Slam+1","Pommel Strike+1","Warcry"],"picked":"SKIP","floor":18.0},{"not_picked":["Dropkick+1","Rage"],"picked":"Ghostly Armor","floor":19.0},{"not_picked":["Thunderclap+1","Perfected Strike+1","Pommel Strike+1"],"picked":"SKIP","floor":20.0},{"not_picked":["Entrench","Anger+1"],"picked":"Whirlwind+1","floor":24.0},{"not_picked":["Pummel+1","Headbutt+1","Iron Wave+1"],"picked":"SKIP","floor":25.0},{"not_picked":["Hemokinesis+1","Burning Pact","Perfected Strike+1"],"picked":"SKIP","floor":27.0},{"not_picked":["Cleave+1","Body Slam+1","Ghostly Armor"],"picked":"SKIP","floor":28.0},{"not_picked":["Armaments","Rupture+1","Combust+1"],"picked":"SKIP","floor":29.0},{"not_picked":["Thunderclap+1","Perfected Strike+1"],"picked":"Shrug It Off","floor":30.0},{"not_picked":["Body Slam+1","Armaments"],"picked":"Juggernaut+1","floor":31.0},{"not_picked":["Entrench+1","Spot Weakness","Cleave+1"],"picked":"SKIP","floor":35},{"not_picked":["Pommel Strike+1","Perfected Strike+1","Cleave+1"],"picked":"SKIP","floor":36},{"not_picked":["Heavy Blade+1","Iron Wave+1","Perfected Strike+1"],"picked":"SKIP","floor":37},{"not_picked":["Dark Embrace+1","Anger+1","Sword Boomerang+1"],"picked":"SKIP","floor":42},{"not_picked":["Thunderclap+1","Carnage+1"],"picked":"Uppercut+1","floor":48}],"player_experience":523881,"relics_obtained":[{"floor":6.0,"key":"Happy Flower"},{"floor":9.0,"key":"Pear"},{"floor":11.0,"key":"Molten Egg 2"},{"floor":14.0,"key":"Kunai"},{"floor":26.0,"key":"Eternal Feather"},{"floor":27.0,"key":"Frozen Egg 2"},{"floor":42,"key":"Toy Ornithopter"},{"floor":43,"key":"Juzu Bracelet"},{"floor":45,"key":"Whetstone"}],"event_choices":[{"damage_healed":0.0,"max_hp_gain":0.0,"max_hp_loss":0.0,"gold_gain":0.0,"event_name":"Golden Idol","player_choice":"Take Damage","floor":3.0,"gold_loss":0.0,"damage_taken":20.0,"relics_obtained":["Golden Idol"]},{"damage_healed":0.0,"max_hp_gain":0.0,"max_hp_loss":0.0,"gold_gain":0.0,"event_name":"Lab","player_choice":"Got Potions","floor":22.0,"gold_loss":0.0,"damage_taken":0.0},{"damage_healed":0,"gold_gain":0,"player_choice":"Max HP","damage_taken":0,"max_hp_gain":0,"max_hp_loss":6,"event_name":"Winding Halls","floor":39,"gold_loss":0},{"damage_healed":0,"gold_gain":0,"player_choice":"Ignored","damage_taken":0,"max_hp_gain":0,"max_hp_loss":0,"event_name":"Mysterious Sphere","floor":40,"gold_loss":0}],"is_beta":true,"boss_relics":[{"not_picked":["Black Star","Runic Dome"],"picked":"Fusion Hammer"},{"not_picked":["Astrolabe","Busted Crown"],"picked":"Sozu"}],"items_purged_floors":[21,38],"is_endless":false,"potions_floor_spawned":[1,5,11,14,18,25,28,31,33,35,48],"ascension_level":13}