{"gold_per_floor":[118,22,38,53,69,99,99,114,139,139,170,170,181,191,191,286,286,298,313,166,182,107,139,139,152,152,152,164,164,191,206,206,206],"floor_reached":33,"playtime":1390,"items_purged":["Entrench"],"score":316,"play_id":"77b01dff-fa4c-4ef9-97d7-5f61cc774004","local_time":"20190924142343","is_ascension_mode":true,"campfire_choices":[{"data":"1","floor":10,"key":"LIFT"},{"floor":12,"key":"REST"},{"data":"2","floor":15,"key":"LIFT"},{"data":"Armaments","floor":24,"key":"SMITH"},{"data":"3","floor":27,"key":"LIFT"},{"floor":29,"key":"REST"},{"floor":32,"key":"REST"}],"neow_cost":"TEN_PERCENT_HP_LOSS","seed_source_timestamp":161669195103700,"circlet_count":0,"master_deck":["Strike_R+1","Strike_R","Strike_R","Strike_R","Strike_R","Defend_R","Defend_R","Defend_R","Defend_R","Bash","Shockwave","Blind","Power Through","Armaments+1","Whirlwind","Bandage Up","Bludgeon","Flex","Shrug It Off","Feed+1","Battle Trance+1","Flame Barrier","Seeing Red","Flame Barrier+1","Iron Wave+1","Exhume"],"relics":["Burning Blood","Girya","Mummified Hand","Anchor","Dream Catcher","Runic Pyramid","PreservedInsect","Whetstone","The Courier","Omamori"],"potions_floor_usage":[6,6,11,33],"damage_taken":[{"damage":11,"enemies":"Jaw Worm","floor":1,"turns":4},{"damage":1,"enemies":"Cultist","floor":3,"turns":4},{"damage":3,"enemies":"Small Slimes","floor":4,"turns":4},{"damage":18,"enemies":"Blue Slaver","floor":5,"turns":5},{"damage":14,"enemies":"Gremlin Nob","floor":6,"turns":4},{"damage":15,"enemies":"3 Louse","floor":8,"turns":5},{"damage":34,"enemies":"Lagavulin","floor":11,"turns":7},{"damage":5,"enemies":"Looter","floor":13,"turns":4},{"damage":0,"enemies":"2 Fungi Beasts","floor":14,"turns":2},{"damage":37,"enemies":"The Guardian","floor":16,"turns":12},{"damage":17,"enemies":"Shell Parasite","floor":18,"turns":7},{"damage":28,"enemies":"2 Thieves","floor":19,"turns":5},{"damage":13,"enemies":"Centurion and Healer","floor":21,"turns":8},{"damage":31,"enemies":"Slavers","floor":23,"turns":5},{"damage":15,"enemies":"Cultist and Chosen","floor":25,"turns":7},{"damage":24,"enemies":"Shelled Parasite and Fungi","floor":28,"turns":5},{"damage":41,"enemies":"Book of Stabbing","floor":30,"turns":8},{"damage":6,"enemies":"Snecko","floor":31,"turns":5},{"damage":66,"enemies":"Collector","floor":33,"turns":9}],"seed_played":"-5895141193352443376","potions_obtained":[{"floor":3,"key":"Energy Potion"},{"floor":4,"key":"SteroidPotion"},{"floor":6,"key":"Poison Potion"},{"floor":8,"key":"EssenceOfSteel"},{"floor":11,"key":"GamblersBrew"},{"floor":14,"key":"AttackPotion"}],"is_trial":false,"path_per_floor":["M","$","M","M","M","E","?","M","T","R","E","R","M","M","R","B",null,"M","M","$","M","$","E","R","M","T","R","M","R","E","M","R","B"],"character_chosen":"IRONCLAD","items_purchased":["Blind","PreservedInsect"],"campfire_rested":3,"item_purchase_floors":[2,20],"current_hp_per_floor":[67,67,72,72,60,52,52,47,47,47,23,44,49,55,55,28,72,64,50,50,50,50,32,32,31,31,31,21,48,17,23,50,0],"gold":206,"neow_bonus":"ONE_RARE_RELIC","is_prod":false,"is_daily":false,"chose_seed":false,"campfire_upgraded":1,"win_rate":0,"timestamp":1569302623,"path_taken":["M","$","M","M","M","E","?","M","T","R","E","R","M","?","R","BOSS","M","M","$","M","$","E","R","M","T","R","M","R","E","M","R","BOSS"],"build_version":"2019-07-17","purchased_purges":1,"victory":false,"max_hp_per_floor":[72,72,72,72,72,72,72,72,72,72,72,72,72,72,72,72,72,75,79,79,82,82,85,85,89,89,89,93,93,93,93,93,93],"card_choices":[{"not_picked":["Iron Wave","Flex"],"picked":"Shockwave","floor":1},{"not_picked":["Pommel Strike","Heavy Blade"],"picked":"Power Through","floor":3},{"not_picked":["Infernal Blade","Inflame"],"picked":"Armaments","floor":4},{"not_picked":["Shockwave","Seeing Red"],"picked":"Whirlwind","floor":5},{"not_picked":["Havoc","Thunderclap","Wild Strike"],"picked":"SKIP","floor":6},{"not_picked":["Iron Wave","Warcry"],"picked":"Entrench","floor":8},{"not_picked":["Warcry","Heavy Blade"],"picked":"Bludgeon","floor":11},{"not_picked":["Fire Breathing","Carnage"],"picked":"Flex","floor":12},{"not_picked":["Blood for Blood","Infernal Blade","Flex"],"picked":"SKIP","floor":13},{"not_picked":["Heavy Blade","Wild Strike"],"picked":"Shrug It Off","floor":14},{"not_picked":["Bludgeon","Juggernaut"],"picked":"Feed","floor":16},{"not_picked":["Iron Wave","Burning Pact"],"picked":"Battle Trance+1","floor":18},{"not_picked":["Dropkick+1","Perfected Strike","Power Through"],"picked":"SKIP","floor":19},{"not_picked":["Havoc","Whirlwind","Corruption"],"picked":"SKIP","floor":21},{"not_picked":["Twin Strike","Heavy Blade"],"picked":"Flame Barrier","floor":23},{"not_picked":["Headbutt","Sword Boomerang"],"picked":"Seeing Red","floor":25},{"not_picked":["Havoc+1","Sword Boomerang+1"],"picked":"Flame Barrier+1","floor":28},{"not_picked":["Twin Strike+1","Dual Wield+1"],"picked":"Iron Wave+1","floor":29},{"not_picked":["Flame Barrier","Headbutt","Power Through+1"],"picked":"SKIP","floor":30},{"not_picked":["Iron Wave","Hemokinesis","Shockwave"],"picked":"SKIP","floor":31},{"not_picked":["Clash","Cleave"],"picked":"Exhume","floor":32}],"player_experience":455474,"relics_obtained":[{"floor":6,"key":"Mummified Hand"},{"floor":9,"key":"Anchor"},{"floor":11,"key":"Dream Catcher"},{"floor":23,"key":"Whetstone"},{"floor":26,"key":"The Courier"},{"floor":30,"key":"Omamori"}],"event_choices":[{"damage_healed":0,"gold_gain":0,"player_choice":"1 cards matched","damage_taken":0,"max_hp_gain":0,"max_hp_loss":0,"event_name":"Match and Keep!","floor":7,"gold_loss":0,"cards_obtained":["Bandage Up"]}],"is_beta":false,"boss_relics":[{"not_picked":["Empty Cage","White Beast Statue"],"picked":"Runic Pyramid"}],"items_purged_floors":[22],"is_endless":false,"potions_floor_spawned":[3,4,6,8,11,14,19,23,25,28],"killed_by":"Collector","ascension_level":1}