{"gold_per_floor":[111,122,122,132,152,152,184,203,271,271,303,303,316,332,332,437,437,449,52,0],"floor_reached":20,"playtime":793,"items_purged":[],"score":352,"play_id":"b8fa8b1f-bcf4-40f5-9625-4bc30b783618","local_time":"20191011174721","is_ascension_mode":true,"campfire_choices":[{"data":"Eruption","floor":6,"key":"SMITH"},{"data":"WheelKick","floor":10,"key":"SMITH"},{"floor":15,"key":"REST"}],"neow_cost":"NONE","seed_source_timestamp":2410671083962300,"circlet_count":0,"master_deck":["Strike_P","Strike_P","Strike_P","Strike_P","Defend_P","Defend_P","Defend_P","Defend_P","Eruption+1","Vigilance","WheelKick+1","SandsOfTime","CutThroughFate","Establishment"],"relics":["PureWater","Torii","Bottled Flame","Du-Vu Doll","Omamori","SlaversCollar","Matryoshka","ClockworkSouvenir"],"potions_floor_usage":[0,4,7,7,13,16,18,18],"damage_taken":[{"damage":0,"enemies":"Cultist","floor":1,"turns":2},{"damage":15,"enemies":"Jaw Worm","floor":2,"turns":8},{"damage":0,"enemies":"2 Louse","floor":4,"turns":2},{"damage":0,"enemies":"Exordium Thugs","floor":5,"turns":3},{"damage":0,"enemies":"Gremlin Nob","floor":7,"turns":2},{"damage":14,"enemies":"Exordium Wildlife","floor":8,"turns":4},{"damage":25,"enemies":"Lagavulin","floor":11,"turns":4},{"damage":0,"enemies":"3 Louse","floor":13,"turns":3},{"damage":7,"enemies":"2 Fungi Beasts","floor":14,"turns":3},{"damage":0,"enemies":"Slime Boss","floor":16,"turns":3},{"damage":3,"enemies":"3 Byrds","floor":18,"turns":3},{"damage":29,"enemies":"2 Thieves","floor":20,"turns":3}],"seed_played":"2422665033207532641","potions_obtained":[{"floor":0,"key":"Fruit Juice"},{"floor":0,"key":"BottledMiracle"},{"floor":0,"key":"LiquidBronze"},{"floor":1,"key":"Fire Potion"},{"floor":4,"key":"FearPotion"},{"floor":13,"key":"Fruit Juice"},{"floor":14,"key":"FearPotion"},{"floor":16,"key":"SkillPotion"}],"is_trial":false,"path_per_floor":["M","M","?","M","M","R","E","M","T","R","E","?","M","M","R","B",null,"M","$","M"],"character_chosen":"WATCHER","items_purchased":["Matryoshka","ClockworkSouvenir"],"campfire_rested":1,"item_purchase_floors":[19,19],"current_hp_per_floor":[70,55,55,55,55,55,55,41,41,41,16,16,21,14,38,38,71,68,68,39],"gold":0,"neow_bonus":"THREE_SMALL_POTIONS","is_prod":false,"is_daily":false,"chose_seed":false,"campfire_upgraded":2,"win_rate":0,"timestamp":1570808841,"path_taken":["M","?","?","M","M","R","E","M","T","R","E","?","M","M","R","BOSS","M","$","M"],"build_version":"2019-10-10","purchased_purges":0,"victory":false,"max_hp_per_floor":[77,77,77,77,77,77,77,77,77,77,77,77,82,82,82,82,82,82,82,82],"card_choices":[{"not_picked":["Prostrate","ClearTheMind","Crescendo"],"picked":"SKIP","floor":1},{"not_picked":["ReachHeaven","Wallop"],"picked":"WheelKick","floor":2},{"not_picked":["LikeWater","DevaForm","Sanctity"],"picked":"SKIP","floor":4},{"not_picked":["Crescendo","Prostrate"],"picked":"SandsOfTime","floor":5},{"not_picked":["Consecrate","FollowUp"],"picked":"PathToVictory","floor":7},{"not_picked":["SashWhip","Indignation"],"picked":"CutThroughFate","floor":8},{"not_picked":["Prostrate","Indignation","CutThroughFate"],"picked":"SKIP","floor":11},{"not_picked":["Indignation","Halt","SashWhip"],"picked":"SKIP","floor":13},{"not_picked":["Fasting2","ClearTheMind","PathToVictory"],"picked":"SKIP","floor":14},{"not_picked":["Alpha","Ragnarok"],"picked":"Establishment","floor":16},{"not_picked":["ClearTheMind","Meditate","SpiritShield"],"picked":"SKIP","floor":18}],"player_experience":477134,"relics_obtained":[{"floor":7,"key":"Torii"},{"floor":9,"key":"Bottled Flame"},{"floor":11,"key":"Du-Vu Doll"}],"event_choices":[{"damage_healed":0,"gold_gain":0,"player_choice":"Ignored","damage_taken":0,"max_hp_gain":0,"max_hp_loss":0,"event_name":"Liars Game","floor":3,"gold_loss":0},{"cards_removed":["PathToVictory"],"damage_healed":0,"gold_gain":0,"player_choice":"Gave Card","damage_taken":0,"relics_obtained":["Omamori"],"max_hp_gain":0,"max_hp_loss":0,"event_name":"WeMeetAgain","floor":12,"gold_loss":0}],"is_beta":true,"boss_relics":[{"not_picked":["Empty Cage","Pandora\u0027s Box"],"picked":"SlaversCollar"}],"items_purged_floors":[],"is_endless":false,"potions_floor_spawned":[1,4,13,14,16],"killed_by":"2 Thieves","ascension_level":7}