{"gold_per_floor":[115,19,19,36,53,53,78,78,78,78,113,132,132,132,132,234,234,248,47,28,28,28,28,28],"floor_reached":24,"playtime":1294,"items_purged":[],"score":303,"play_id":"3f111e99-da8c-48b9-aaa2-ab1c40ff6542","local_time":"20191012183834","is_ascension_mode":true,"campfire_choices":[{"data":"Poisoned Stab","floor":6.0,"key":"SMITH"},{"floor":10.0,"key":"REST"},{"floor":15.0,"key":"REST"},{"data":"Survivor","floor":23,"key":"SMITH"}],"neow_cost":"NONE","seed_source_timestamp":153033068064600,"circlet_count":0,"master_deck":["AscendersBane","Strike_G","Strike_G","Strike_G","Strike_G","Defend_G","Defend_G","Defend_G","Defend_G","Defend_G","Survivor+1","Neutralize","PiercingWail","Blind+1","Poisoned Stab+1","Escape Plan","Footwork+1","Escape Plan","Poisoned Stab","Tools of the Trade+1","CurseOfTheBell","PiercingWail+1","Deadly Poison+1","Catalyst+1"],"special_seed":0,"relics":["Ring of the Snake","Frozen Egg 2","Blue Candle","Ninja Scroll","Calling Bell","Juzu Bracelet","Toxic Egg 2","FossilizedHelix","Anchor"],"potions_floor_usage":[],"damage_taken":[{"damage":1.0,"enemies":"Small Slimes","floor":1.0,"turns":5.0},{"damage":2.0,"enemies":"Jaw Worm","floor":4.0,"turns":6.0},{"damage":0.0,"enemies":"2 Louse","floor":5.0,"turns":3.0},{"damage":48.0,"enemies":"3 Sentries","floor":7.0,"turns":13.0},{"damage":32.0,"enemies":"Lagavulin","floor":11.0,"turns":10.0},{"damage":4.0,"enemies":"Red Slaver","floor":12.0,"turns":4.0},{"damage":11.0,"enemies":"Hexaghost","floor":16.0,"turns":13.0},{"damage":14.0,"enemies":"Spheric Guardian","floor":18.0,"turns":8.0},{"damage":0,"enemies":"2 Thieves","floor":20,"turns":5},{"damage":70,"enemies":"Gremlin Leader","floor":24,"turns":7}],"seed_played":"-7170469729655532687","potions_obtained":[{"floor":5.0,"key":"FearPotion"},{"floor":11.0,"key":"FearPotion"},{"floor":16.0,"key":"DuplicationPotion"},{"floor":18.0,"key":"Block Potion"}],"is_trial":false,"path_per_floor":["M","$","?","M","M","R","E","?","T","R","E","M","?","?","R","B",null,"M","$","M","?","?","R","E"],"character_chosen":"THE_SILENT","items_purchased":["Blind","Deadly Poison+1","Anchor"],"campfire_rested":2,"item_purchase_floors":[2,19,19],"current_hp_per_floor":[69,69,74,72,72,72,24,24,24,48,16,12,12,12,36,25,68,54,54,54,54,54,54,0],"gold":28,"neow_bonus":"TEN_PERCENT_HP_BONUS","is_prod":false,"is_daily":false,"chose_seed":false,"campfire_upgraded":2,"win_rate":0,"timestamp":1570873114,"path_taken":["M","$","?","M","M","R","E","?","T","R","E","M","?","?","R","BOSS","M","$","M","?","?","R","E"],"build_version":"2019-10-11","purchased_purges":0,"victory":false,"max_hp_per_floor":[77,77,82,82,82,82,82,82,82,82,82,82,82,82,82,82,82,82,82,82,82,82,82,82],"card_choices":[{"not_picked":["Deflect","Flying Knee"],"picked":"PiercingWail","floor":1.0},{"not_picked":["Tactician","Flechettes"],"picked":"Poisoned Stab","floor":4.0},{"not_picked":["Quick Slash","Blade Dance","Predator"],"picked":"SKIP","floor":5.0},{"not_picked":["Deflect","Flying Knee"],"picked":"Escape Plan","floor":7.0},{"not_picked":["Choke","Slice"],"picked":"Footwork+1","floor":11.0},{"not_picked":["Flying Knee","Underhanded Strike"],"picked":"Escape Plan","floor":12.0},{"not_picked":["Grand Finale","Die Die Die"],"picked":"Tools of the Trade+1","floor":16.0},{"not_picked":["Finisher","Setup+1"],"picked":"PiercingWail+1","floor":18.0},{"not_picked":["Poisoned Stab","Backstab+1","Accuracy+1"],"picked":"SKIP","floor":20}],"player_experience":660815,"relics_obtained":[{"floor":7.0,"key":"Frozen Egg 2"},{"floor":9.0,"key":"Blue Candle"},{"floor":11.0,"key":"Ninja Scroll"},{"floor":17.0,"key":"Juzu Bracelet"},{"floor":17.0,"key":"Toxic Egg 2"},{"floor":17.0,"key":"FossilizedHelix"}],"event_choices":[{"damage_healed":0.0,"max_hp_gain":5.0,"max_hp_loss":0.0,"gold_gain":0.0,"event_name":"Big Fish","player_choice":"Donut","floor":3.0,"gold_loss":0.0,"damage_taken":0.0},{"damage_healed":0.0,"max_hp_gain":0.0,"max_hp_loss":0.0,"gold_gain":0.0,"event_name":"Living Wall","player_choice":"Grow","floor":8.0,"gold_loss":0.0,"damage_taken":0.0,"cards_upgraded":["Blind"]},{"damage_healed":0.0,"max_hp_gain":0.0,"max_hp_loss":0.0,"gold_gain":0.0,"event_name":"Golden Wing","player_choice":"Ignored","floor":13.0,"gold_loss":0.0,"damage_taken":0.0},{"damage_healed":0.0,"max_hp_gain":0.0,"max_hp_loss":0.0,"gold_gain":0.0,"cards_transformed":["Strike_G"],"event_name":"Transmorgrifier","player_choice":"Transformed","floor":14.0,"gold_loss":0.0,"damage_taken":0.0,"cards_obtained":["Poisoned Stab"]},{"damage_healed":0,"gold_gain":0,"player_choice":"Ignored","damage_taken":0,"max_hp_gain":0,"max_hp_loss":0,"event_name":"Vampires","floor":21,"gold_loss":0},{"damage_healed":0,"gold_gain":0,"player_choice":"Read","damage_taken":0,"max_hp_gain":0,"max_hp_loss":0,"event_name":"The Library","floor":22,"gold_loss":0,"cards_obtained":["Catalyst"]}],"is_beta":true,"boss_relics":[{"not_picked":["Pandora\u0027s Box","Philosopher\u0027s Stone"],"picked":"Calling Bell"}],"items_purged_floors":[],"is_endless":false,"potions_floor_spawned":[5,11,16,18],"killed_by":"Gremlin Leader","ascension_level":10}