{"gold_per_floor":[116,135,135,135,135,135,166,166,166,166,185,199,218,1,1,1],"floor_reached":16,"playtime":1013,"items_purged":["Strike_R"],"score":110,"play_id":"0a5ca3bd-4c9b-4664-8884-8195e10c27fb","local_time":"20180720024819","is_ascension_mode":true,"campfire_choices":[{"data":"Bash","floor":6,"key":"SMITH"},{"data":"Cleave","floor":8,"key":"SMITH"},{"data":"Pommel Strike","floor":10,"key":"SMITH"},{"floor":15,"key":"REST"}],"neow_cost":"","seed_source_timestamp":85087392723878,"circlet_count":0,"master_deck":["Strike_R","Strike_R","Strike_R","Strike_R","Defend_R","Defend_R","Defend_R","Defend_R","Bash+1","Pommel Strike+1","Cleave+1","Flex","Inflame","Seeing Red","Flex","Flash of Steel"],"relics":["Burning Blood","Blue Candle","Bottled Flame","Unceasing Top"],"potions_floor_usage":[16,16],"damage_taken":[{"damage":16,"enemies":"Small Slimes","floor":1,"turns":4},{"damage":1,"enemies":"Cultist","floor":2,"turns":3},{"damage":27,"enemies":"Gremlin Nob","floor":7,"turns":4},{"damage":7,"enemies":"2 Louse","floor":11,"turns":2},{"damage":6,"enemies":"Blue Slaver","floor":12,"turns":3},{"damage":10,"enemies":"Gremlin Gang","floor":13,"turns":2},{"damage":59,"enemies":"The Guardian","floor":16,"turns":8}],"seed_played":"-2013614008036354490","potions_obtained":[{"floor":1,"key":"LiquidBronze"},{"floor":12,"key":"AttackPotion"},{"floor":13,"key":"PowerPotion"}],"is_trial":false,"path_per_floor":["M","M","?","?","?","R","E","R","T","R","M","M","M","$","R"],"character_chosen":"IRONCLAD","items_purchased":["Flex","Flash of Steel"],"campfire_rested":1,"item_purchase_floors":[14,14],"current_hp_per_floor":[70,75,75,57,57,57,36,36,36,36,35,35,31,31,55,0],"gold":1,"neow_bonus":"","is_prod":false,"is_daily":false,"chose_seed":false,"campfire_upgraded":3,"win_rate":0,"timestamp":1532047699,"path_taken":["M","M","?","?","?","R","E","R","T","R","M","M","M","$","R","BOSS"],"build_version":"2018-07-19","purchased_purges":1,"victory":false,"max_hp_per_floor":[80,80,80,80,80,80,80,80,80,80,80,80,80,80,80,80],"card_choices":[{"not_picked":["Shockwave","Iron Wave"],"picked":"Pommel Strike","floor":1},{"not_picked":["Body Slam","Sever Soul","Entrench"],"picked":"SKIP","floor":2},{"not_picked":["Battle Trance","Dark Embrace"],"picked":"Cleave","floor":7},{"not_picked":["Perfected Strike","Wild Strike"],"picked":"Flex","floor":11},{"not_picked":["Thunderclap","Sever Soul"],"picked":"Inflame","floor":12},{"not_picked":["Havoc","Rupture"],"picked":"Seeing Red","floor":13}],"player_experience":60695,"relics_obtained":[{"floor":7,"key":"Bottled Flame"},{"floor":9,"key":"Unceasing Top"}],"event_choices":[{"event_name":"Accursed Blacksmith","player_choice":"Ignore","floor":3,"damage_taken":0},{"event_name":"Scrap Ooze","player_choice":"success","floor":4,"damage_taken":18},{"event_name":"Liars Game","player_choice":"disagreed","floor":5,"damage_taken":0}],"is_beta":false,"boss_relics":[],"items_purged_floors":[14],"is_endless":false,"potions_floor_spawned":[1,12,13],"killed_by":"The Guardian","ascension_level":2}