{"gold_per_floor":[117,117,128,147,147,180,180,180,180,23,354,371,371,387,387,387],"floor_reached":16,"playtime":494,"items_purged":["Strike_R"],"score":143,"play_id":"f023d355-1886-4a67-a276-7546f92c3f8d","local_time":"20190928231347","is_ascension_mode":true,"campfire_choices":[{"data":"Bludgeon","floor":7.0,"key":"SMITH"},{"floor":13.0,"key":"REST"},{"data":"Rampage","floor":15.0,"key":"SMITH"}],"neow_cost":"NONE","seed_source_timestamp":539852298122799,"circlet_count":0,"master_deck":["Strike_R","Strike_R","Strike_R","Strike_R","Defend_R","Defend_R","Defend_R","Bash","True Grit+1","Infernal Blade","Ghostly Armor","Rampage+1","Bludgeon+1","Swift Strike","Feel No Pain","Headbutt"],"special_seed":0,"relics":["Burning Blood","Boot","Incense Burner","Happy Flower","Du-Vu Doll","Old Coin"],"potions_floor_usage":[16],"damage_taken":[{"damage":1.0,"enemies":"2 Louse","floor":1.0,"turns":3.0},{"damage":0.0,"enemies":"Cultist","floor":3.0,"turns":2.0},{"damage":7.0,"enemies":"Small Slimes","floor":4.0,"turns":3.0},{"damage":36.0,"enemies":"3 Sentries","floor":6.0,"turns":9.0},{"damage":20.0,"enemies":"Lagavulin","floor":11.0,"turns":5.0},{"damage":4.0,"enemies":"3 Louse","floor":12.0,"turns":4.0},{"damage":11.0,"enemies":"Looter","floor":14.0,"turns":2.0},{"damage":39,"enemies":"Hexaghost","floor":16,"turns":4}],"seed_played":"6310308656780950947","potions_obtained":[{"floor":3.0,"key":"AttackPotion"},{"floor":6.0,"key":"AttackPotion"},{"floor":12.0,"key":"FearPotion"},{"floor":14.0,"key":"FearPotion"}],"is_trial":false,"path_per_floor":["M","?","M","M","?","E","R","?","T","$","E","M","R","M","R","B"],"character_chosen":"IRONCLAD","items_purchased":["Swift Strike"],"campfire_rested":1,"item_purchase_floors":[10],"current_hp_per_floor":[77,77,80,79,79,49,49,31,31,31,17,19,43,38,38,0],"gold":387,"neow_bonus":"RANDOM_COMMON_RELIC","is_prod":false,"is_daily":false,"chose_seed":false,"campfire_upgraded":2,"win_rate":0,"timestamp":1569680027,"path_taken":["M","?","M","?","?","E","R","?","T","$","E","M","R","M","R","BOSS"],"build_version":"2019-07-17","purchased_purges":1,"victory":false,"max_hp_per_floor":[80,80,80,80,80,80,80,80,80,80,80,80,80,80,80,80],"card_choices":[{"not_picked":["Clothesline","Perfected Strike"],"picked":"True Grit","floor":1.0},{"not_picked":["Clash","Body Slam"],"picked":"Ghostly Armor","floor":3.0},{"not_picked":["Flex","Dual Wield"],"picked":"Rampage","floor":4.0},{"not_picked":["Shrug It Off","Rage"],"picked":"Bludgeon","floor":6.0},{"not_picked":["Hemokinesis","Rage"],"picked":"Feel No Pain","floor":11.0},{"not_picked":["Warcry","True Grit","Perfected Strike"],"picked":"SKIP","floor":12.0},{"not_picked":["Havoc","Rupture"],"picked":"Headbutt","floor":14.0}],"player_experience":520082,"relics_obtained":[{"floor":6.0,"key":"Incense Burner"},{"floor":9.0,"key":"Du-Vu Doll"},{"floor":11.0,"key":"Old Coin"}],"event_choices":[{"damage_healed":0.0,"max_hp_gain":0.0,"max_hp_loss":0.0,"gold_gain":0.0,"cards_transformed":["Defend_R"],"event_name":"Transmorgrifier","player_choice":"Transformed","floor":2.0,"gold_loss":0.0,"damage_taken":0.0,"cards_obtained":["Infernal Blade"]},{"damage_healed":0.0,"max_hp_gain":0.0,"max_hp_loss":0.0,"gold_gain":0.0,"event_name":"Living Wall","player_choice":"Grow","floor":5.0,"gold_loss":0.0,"damage_taken":0.0,"cards_upgraded":["True Grit"]},{"damage_healed":0.0,"max_hp_gain":0.0,"max_hp_loss":0.0,"gold_gain":0.0,"event_name":"Scrap Ooze","player_choice":"Success","floor":8.0,"gold_loss":0.0,"damage_taken":18.0,"relics_obtained":["Happy Flower"]}],"is_beta":false,"boss_relics":[],"items_purged_floors":[10],"is_endless":false,"potions_floor_spawned":[3,6,12,14],"killed_by":"Hexaghost","ascension_level":6}