{"gold_per_floor":[111,129,147,159,179,179,209,225,225,225,243,266,266,266,266,364,364,378,391,322,322,335,364,377,377,377,377,387,387,405,423,423,520,520,533,551,570,116,135,135],"floor_reached":40,"playtime":1496,"items_purged":[],"score":441,"play_id":"651e00ae-1b5b-4a16-b966-962dc35bfd5d","local_time":"20191023001130","is_ascension_mode":false,"campfire_choices":[{"data":"Bash","floor":6.0,"key":"SMITH"},{"data":"Wild Strike","floor":10.0,"key":"SMITH"},{"floor":15.0,"key":"REST"},{"data":"Dark Embrace","floor":25.0,"key":"SMITH"},{"data":"Cleave","floor":27.0,"key":"SMITH"},{"floor":32.0,"key":"REST"}],"neow_cost":"PERCENT_DAMAGE","seed_source_timestamp":294755713495700,"circlet_count":0,"master_deck":["Strike_R","Strike_R","Strike_R","Strike_R","Strike_R","Defend_R","Defend_R","Defend_R","Defend_R","Bash+1","Evolve","Wild Strike+1","Cleave+1","Clothesline+1","Body Slam+1","Fiend Fire+1","Second Wind+1","Fire Breathing","Dark Embrace+1","Fire Breathing","Bludgeon+1","Apotheosis","Armaments+1"],"special_seed":0,"relics":["Burning Blood","Molten Egg 2","Ancient Tea Set","Odd Mushroom","Pen Nib","Runic Pyramid","Bottled Lightning","Shuriken","Dodecahedron","SlaversCollar","Eternal Feather"],"potions_floor_usage":[33,33,36,36,37],"damage_taken":[{"damage":1.0,"enemies":"2 Louse","floor":1.0,"turns":3.0},{"damage":11.0,"enemies":"Jaw Worm","floor":2.0,"turns":5.0},{"damage":1.0,"enemies":"Cultist","floor":3.0,"turns":4.0},{"damage":21.0,"enemies":"Lots of Slimes","floor":4.0,"turns":6.0},{"damage":0.0,"enemies":"Large Slime","floor":5.0,"turns":5.0},{"damage":43.0,"enemies":"3 Sentries","floor":7.0,"turns":8.0},{"damage":5.0,"enemies":"2 Fungi Beasts","floor":8.0,"turns":3.0},{"damage":5.0,"enemies":"Looter","floor":11.0,"turns":3.0},{"damage":14.0,"enemies":"The Mushroom Lair","floor":12.0,"turns":4.0},{"damage":47.0,"enemies":"The Guardian","floor":16.0,"turns":13.0},{"damage":5.0,"enemies":"Chosen","floor":18.0,"turns":3.0},{"damage":23.0,"enemies":"2 Thieves","floor":19.0,"turns":4.0},{"damage":1.0,"enemies":"Snecko","floor":22.0,"turns":4.0},{"damage":22.0,"enemies":"Book of Stabbing","floor":23.0,"turns":4.0},{"damage":5.0,"enemies":"Sentry and Sphere","floor":24.0,"turns":4.0},{"damage":4.0,"enemies":"Cultist and Chosen","floor":28.0,"turns":6.0},{"damage":6.0,"enemies":"Snecko","floor":30.0,"turns":4.0},{"damage":21.0,"enemies":"Snake Plant","floor":31.0,"turns":2.0},{"damage":61,"enemies":"Collector","floor":33,"turns":5},{"damage":70,"enemies":"3 Darklings","floor":35,"turns":6},{"damage":21,"enemies":"3 Shapes","floor":36,"turns":4},{"damage":35,"enemies":"Sphere and 2 Shapes","floor":37,"turns":5},{"damage":2,"enemies":"Spire Growth","floor":39,"turns":3},{"damage":23,"enemies":"Nemesis","floor":40,"turns":3}],"seed_played":"-3418158723039582690","potions_obtained":[{"floor":1.0,"key":"Swift Potion"},{"floor":4.0,"key":"Swift Potion"},{"floor":8.0,"key":"FearPotion"},{"floor":12.0,"key":"SteroidPotion"},{"floor":14.0,"key":"EssenceOfSteel"},{"floor":16.0,"key":"Block Potion"},{"floor":28.0,"key":"DuplicationPotion"},{"floor":33,"key":"Ancient Potion"},{"floor":35,"key":"Explosive Potion"},{"floor":36,"key":"BloodPotion"},{"floor":39,"key":"Energy Potion"}],"is_trial":false,"path_per_floor":["M","M","M","M","M","R","E","M","T","R","M","?","T","?","R","B",null,"M","M","$","T","M","E","M","R","T","R","M","?","M","M","R","B",null,"M","M","M","$","M","E"],"character_chosen":"IRONCLAD","items_purchased":["Fire Breathing","Apotheosis","Eternal Feather"],"campfire_rested":2,"item_purchase_floors":[20,38,38],"current_hp_per_floor":[77,72,77,62,68,68,31,32,32,32,33,25,25,25,53,12,96,96,79,79,79,84,68,69,69,69,69,71,71,71,56,84,29,96,32,36,7,7,11,0],"gold":135,"neow_bonus":"TWENTY_PERCENT_HP_BONUS","is_prod":false,"is_daily":false,"chose_seed":false,"campfire_upgraded":4,"win_rate":0,"timestamp":1571757090,"path_taken":["M","M","M","M","M","R","E","M","T","R","M","?","?","?","R","BOSS","M","?","$","?","M","E","M","R","T","R","M","?","M","M","R","BOSS","M","M","M","$","M","E"],"build_version":"2019-10-21","purchased_purges":0,"victory":false,"max_hp_per_floor":[96,96,96,96,96,96,96,96,96,96,96,96,96,96,96,96,96,96,96,96,96,96,96,96,96,96,96,96,96,96,96,96,96,96,96,96,96,96,96,96],"card_choices":[{"not_picked":["Warcry","Cleave"],"picked":"Evolve","floor":1.0},{"not_picked":["Thunderclap","Hemokinesis"],"picked":"Wild Strike","floor":2.0},{"not_picked":["Flex","Combust"],"picked":"Corruption","floor":3.0},{"not_picked":["Iron Wave","Spot Weakness"],"picked":"Cleave","floor":4.0},{"not_picked":["Dual Wield","Sword Boomerang","Anger"],"picked":"SKIP","floor":5.0},{"not_picked":["Second Wind","Wild Strike"],"picked":"Clothesline","floor":7.0},{"not_picked":["Rupture","Dark Embrace","Evolve"],"picked":"SKIP","floor":8.0},{"not_picked":["Sentinel","Bludgeon+1"],"picked":"Body Slam+1","floor":11.0},{"not_picked":["Juggernaut","Bludgeon+1"],"picked":"Fiend Fire+1","floor":16.0},{"not_picked":["Sword Boomerang+1","Searing Blow+1","Seeing Red"],"picked":"SKIP","floor":18.0},{"not_picked":["Anger+1","Iron Wave+1"],"picked":"Second Wind+1","floor":19.0},{"not_picked":["Spot Weakness","Carnage+1"],"picked":"Dark Embrace","floor":22.0},{"not_picked":["Sword Boomerang+1","Feel No Pain+1","Spot Weakness"],"picked":"SKIP","floor":23.0},{"not_picked":["Spot Weakness","Twin Strike+1","Metallicize"],"picked":"SKIP","floor":24.0},{"not_picked":["Headbutt+1","Clash+1","Iron Wave+1"],"picked":"SKIP","floor":28.0},{"not_picked":["Perfected Strike+1","Flame Barrier+1","Entrench"],"picked":"SKIP","floor":30.0},{"not_picked":["Thunderclap+1","Dropkick+1","Burning Pact+1"],"picked":"SKIP","floor":31.0},{"not_picked":["Barricade","Juggernaut"],"picked":"Bludgeon+1","floor":33},{"not_picked":["Sword Boomerang+1","Cleave+1","Clash+1"],"picked":"SKIP","floor":35},{"not_picked":["Burning Pact+1","Heavy Blade+1","Spot Weakness+1"],"picked":"SKIP","floor":36},{"not_picked":["Hemokinesis+1","Twin Strike+1","Inflame"],"picked":"SKIP","floor":37},{"not_picked":["Sword Boomerang+1","Metallicize+1"],"picked":"Armaments+1","floor":39}],"player_experience":729627,"relics_obtained":[{"floor":7.0,"key":"Molten Egg 2"},{"floor":9.0,"key":"Ancient Tea Set"},{"floor":12.0,"key":"Odd Mushroom"},{"floor":13.0,"key":"Pen Nib"},{"floor":21.0,"key":"Bottled Lightning"},{"floor":23.0,"key":"Shuriken"},{"floor":26.0,"key":"Dodecahedron"}],"event_choices":[{"damage_healed":0.0,"max_hp_gain":0.0,"max_hp_loss":0.0,"gold_gain":0.0,"event_name":"Mushrooms","player_choice":"Fought Mushrooms","floor":12.0,"gold_loss":0.0,"damage_taken":0.0},{"damage_healed":0.0,"max_hp_gain":0.0,"max_hp_loss":0.0,"gold_gain":0.0,"event_name":"Lab","player_choice":"Got Potions","floor":14.0,"gold_loss":0.0,"damage_taken":0.0},{"damage_healed":0.0,"max_hp_gain":0.0,"max_hp_loss":0.0,"gold_gain":0.0,"cards_transformed":["Corruption"],"event_name":"Transmorgrifier","player_choice":"Transformed","floor":29.0,"gold_loss":0.0,"damage_taken":0.0,"cards_obtained":["Fire Breathing"]}],"is_beta":true,"boss_relics":[{"not_picked":["Calling Bell","Astrolabe"],"picked":"Runic Pyramid"},{"not_picked":["Runic Dome","Coffee Dripper"],"picked":"SlaversCollar"}],"items_purged_floors":[],"is_endless":false,"potions_floor_spawned":[1,4,8,12,16,23,28,30,31,33,35,36,39],"killed_by":"Nemesis","ascension_level":0}