{"gold_per_floor":[117,67,67,67,86,86,100,120,147,164,182,38,51,63,63,161,161,176,189,104,6,6,6,39,39,39,39,53,72,72,83,83,83],"floor_reached":33,"playtime":1050,"items_purged":[],"score":364,"play_id":"50267642-8140-4fe6-8d2e-014994d71d6d","local_time":"20190928234530","is_ascension_mode":true,"campfire_choices":[{"data":"True Grit","floor":6.0,"key":"SMITH"},{"data":"Whirlwind","floor":15.0,"key":"SMITH"},{"floor":23.0,"key":"REST"},{"floor":27.0,"key":"REST"},{"floor":30.0,"key":"REST"},{"data":"Bloodletting","floor":32.0,"key":"SMITH"}],"neow_cost":"CURSE","seed_source_timestamp":541110800803800,"circlet_count":0,"master_deck":["Strike_R+1","Strike_R+1","Strike_R+1","Strike_R+1","Strike_R+1","Defend_R+1","Defend_R+1","Defend_R+1","Defend_R+1","Bash","True Grit+1","Searing Blow","Whirlwind+1","Bloodletting+1","Blood for Blood","Demon Form","Pummel","Blind","True Grit+1","Flame Barrier+1","Shrug It Off+1","Heavy Blade+1"],"special_seed":0,"relics":["Burning Blood","Omamori","Lantern","Runic Pyramid","Red Skull","StoneCalendar","Toxic Egg 2"],"potions_floor_usage":[33],"damage_taken":[{"damage":15.0,"enemies":"2 Louse","floor":1.0,"turns":3.0},{"damage":7.0,"enemies":"Small Slimes","floor":5.0,"turns":4.0},{"damage":6.0,"enemies":"Cultist","floor":7.0,"turns":3.0},{"damage":9.0,"enemies":"Red Slaver","floor":8.0,"turns":3.0},{"damage":15.0,"enemies":"2 Fungi Beasts","floor":10.0,"turns":3.0},{"damage":0.0,"enemies":"3 Louse","floor":11.0,"turns":1.0},{"damage":8.0,"enemies":"Looter","floor":13.0,"turns":3.0},{"damage":8.0,"enemies":"Red Slaver","floor":14.0,"turns":2.0},{"damage":67.0,"enemies":"The Guardian","floor":16.0,"turns":11.0},{"damage":27.0,"enemies":"2 Thieves","floor":18.0,"turns":4.0},{"damage":26.0,"enemies":"Spheric Guardian","floor":19.0,"turns":4.0},{"damage":29.0,"enemies":"Slavers","floor":24.0,"turns":3.0},{"damage":43.0,"enemies":"Snake Plant","floor":28.0,"turns":3.0},{"damage":0.0,"enemies":"Snecko","floor":29.0,"turns":4.0},{"damage":4.0,"enemies":"Cultist and Chosen","floor":31.0,"turns":4.0},{"damage":52,"enemies":"Automaton","floor":33,"turns":8}],"seed_played":"-4586015504785766207","potions_obtained":[{"floor":1.0,"key":"Swift Potion"},{"floor":7.0,"key":"Ancient Potion"},{"floor":8.0,"key":"FearPotion"},{"floor":16.0,"key":"SkillPotion"},{"floor":18.0,"key":"LiquidBronze"},{"floor":29.0,"key":"GamblersBrew"}],"is_trial":false,"path_per_floor":["M","?","$","?","M","R","M","M","T","M","M","$","M","M","R","B",null,"M","M","?","$","?","R","E","?","T","R","M","M","R","M","R","B"],"character_chosen":"IRONCLAD","items_purchased":["Lantern","Blind"],"campfire_rested":3,"item_purchase_floors":[12,21],"current_hp_per_floor":[79,79,79,79,78,78,78,75,75,66,72,72,70,68,68,7,74,53,33,33,33,14,44,21,21,21,51,14,20,50,52,52,0],"gold":83,"neow_bonus":"TWENTY_PERCENT_HP_BONUS","is_prod":false,"is_daily":false,"chose_seed":false,"campfire_upgraded":3,"win_rate":0,"timestamp":1569681930,"path_taken":["M","?","$","?","M","R","M","M","T","M","?","?","M","M","R","BOSS","M","M","?","$","?","R","E","?","T","R","M","M","R","M","R","BOSS"],"build_version":"2019-07-17","purchased_purges":0,"victory":false,"max_hp_per_floor":[96,96,96,96,96,96,96,96,96,96,96,96,96,96,96,96,96,96,96,96,96,101,101,101,101,101,101,101,101,101,101,101,101],"card_choices":[{"not_picked":["Warcry","Sentinel"],"picked":"True Grit","floor":1.0},{"not_picked":["Twin Strike","Warcry"],"picked":"Searing Blow","floor":5.0},{"not_picked":["Infernal Blade","Inflame"],"picked":"Whirlwind","floor":7.0},{"not_picked":["Body Slam","Pommel Strike"],"picked":"Bloodletting","floor":8.0},{"not_picked":["Disarm","Whirlwind","Searing Blow"],"picked":"SKIP","floor":10.0},{"not_picked":["Twin Strike","Iron Wave","Feel No Pain"],"picked":"SKIP","floor":11.0},{"not_picked":["Flame Barrier","Inflame"],"picked":"Blood for Blood","floor":13.0},{"not_picked":["Burning Pact","Warcry","Sever Soul"],"picked":"SKIP","floor":14.0},{"not_picked":["Feed","Exhume"],"picked":"Demon Form","floor":16.0},{"not_picked":["Dropkick+1","Bloodletting"],"picked":"Pummel","floor":18.0},{"not_picked":["Anger","Sword Boomerang","Dual Wield"],"picked":"SKIP","floor":19.0},{"not_picked":["Sentinel","Body Slam+1"],"picked":"True Grit+1","floor":24.0},{"not_picked":["Body Slam","Heavy Blade+1"],"picked":"Flame Barrier+1","floor":28.0},{"not_picked":["Sever Soul","Thunderclap"],"picked":"Shrug It Off+1","floor":29.0},{"not_picked":["Metallicize","Rage+1"],"picked":"Heavy Blade+1","floor":31.0}],"player_experience":521211,"relics_obtained":[{"floor":9.0,"key":"Omamori"},{"floor":24.0,"key":"StoneCalendar"},{"floor":26.0,"key":"Toxic Egg 2"}],"event_choices":[{"cards_removed":["Regret"],"damage_healed":0.0,"max_hp_gain":0.0,"max_hp_loss":0.0,"gold_gain":0.0,"event_name":"The Cleric","player_choice":"Card Removal","floor":2.0,"gold_loss":50.0,"damage_taken":0.0},{"damage_healed":0.0,"max_hp_gain":0.0,"max_hp_loss":0.0,"gold_gain":0.0,"event_name":"The Woman in Blue","player_choice":"Bought 0 Potions","floor":4.0,"gold_loss":0.0,"damage_taken":0.0},{"damage_healed":0.0,"max_hp_gain":0.0,"max_hp_loss":0.0,"gold_gain":0.0,"event_name":"Addict","player_choice":"Obtained Relic","floor":20.0,"gold_loss":85.0,"damage_taken":0.0,"relics_obtained":["Red Skull"]},{"damage_healed":0.0,"max_hp_gain":5.0,"max_hp_loss":0.0,"gold_gain":0.0,"event_name":"Forgotten Altar","player_choice":"Shed Blood","floor":22.0,"gold_loss":0.0,"damage_taken":24.0},{"damage_healed":0.0,"max_hp_gain":0.0,"max_hp_loss":0.0,"gold_gain":0.0,"event_name":"Back to Basics","player_choice":"Simplicity","floor":25.0,"gold_loss":0.0,"damage_taken":0.0,"cards_upgraded":["Strike_R","Strike_R","Strike_R","Strike_R","Strike_R","Defend_R","Defend_R","Defend_R","Defend_R"]}],"is_beta":false,"boss_relics":[{"not_picked":["Astrolabe","Mark of Pain"],"picked":"Runic Pyramid"}],"items_purged_floors":[],"is_endless":false,"potions_floor_spawned":[1,7,8,11,14,16,18,19,29],"killed_by":"Automaton","ascension_level":6}