{"gold_per_floor":[112,187,203,203,16,49,68,68,141,156,167,167,1,20,20,20],"floor_reached":16,"playtime":539,"items_purged":[],"score":204,"play_id":"ae006a8a-4d59-4854-a6ef-6be53e08f27d","local_time":"20191002173323","is_ascension_mode":true,"campfire_choices":[{"data":"Barrage","floor":8,"key":"SMITH"},{"data":"Sunder","floor":12,"key":"SMITH"},{"data":"Creative AI","floor":15,"key":"SMITH"}],"neow_cost":"NONE","seed_source_timestamp":865104413902100,"circlet_count":0,"master_deck":["AscendersBane","Strike_B","Strike_B","Strike_B","Defend_B","Defend_B","Defend_B","Defend_B","Zap","Dualcast","Creative AI+1","Loop","Good Instincts","Capacitor","Cold Snap","Steam","Barrage+1","Sunder+1","Storm","Compile Driver"],"relics":["Cracked Core","Regal Pillow","Meat on the Bone","Oddly Smooth Stone"],"potions_floor_usage":[10,11,16],"damage_taken":[{"damage":2,"enemies":"Cultist","floor":1,"turns":5},{"damage":2,"enemies":"Small Slimes","floor":3,"turns":3},{"damage":12,"enemies":"Lagavulin","floor":6,"turns":8},{"damage":7,"enemies":"Jaw Worm","floor":7,"turns":5},{"damage":9,"enemies":"Gremlin Gang","floor":10,"turns":5},{"damage":8,"enemies":"Lots of Slimes","floor":11,"turns":5},{"damage":1,"enemies":"Blue Slaver","floor":14,"turns":4},{"damage":37,"enemies":"Slime Boss","floor":16,"turns":7}],"seed_played":"-658538066301765108","potions_obtained":[{"floor":1,"key":"SpeedPotion"},{"floor":4,"key":"Block Potion"},{"floor":4,"key":"FocusPotion"},{"floor":11,"key":"Weak Potion"}],"is_trial":false,"path_per_floor":["M","?","M","?","$","E","M","R","T","M","M","R","$","M","R","B"],"character_chosen":"DEFECT","items_purchased":["Good Instincts","Capacitor","Cold Snap","Oddly Smooth Stone"],"campfire_rested":0,"item_purchase_floors":[5,5,5,13],"current_hp_per_floor":[62,51,49,49,49,37,30,30,30,33,37,37,37,36,36,0],"gold":20,"neow_bonus":"TRANSFORM_CARD","is_prod":false,"is_daily":false,"chose_seed":false,"campfire_upgraded":3,"win_rate":0,"timestamp":1570005203,"path_taken":["M","?","M","?","$","E","?","R","T","M","M","R","$","M","R","BOSS"],"build_version":"2019-07-17","purchased_purges":0,"victory":false,"max_hp_per_floor":[71,71,71,71,71,71,71,71,71,71,71,71,71,71,71,71],"card_choices":[{"not_picked":["Reprogram","Redo","Stack"],"picked":"SKIP","floor":1},{"not_picked":["Leap","Ball Lightning"],"picked":"Loop","floor":3},{"not_picked":["Melter","Stack"],"picked":"Steam","floor":6},{"not_picked":["Go for the Eyes","Hologram"],"picked":"Barrage","floor":7},{"not_picked":["Capacitor","Hologram"],"picked":"Sunder","floor":10},{"not_picked":["Barrage","Beam Cell"],"picked":"Storm","floor":11},{"not_picked":["Genetic Algorithm","Coolheaded"],"picked":"Compile Driver","floor":14}],"player_experience":561174,"relics_obtained":[{"floor":6,"key":"Regal Pillow"},{"floor":9,"key":"Meat on the Bone"}],"event_choices":[{"damage_healed":0,"gold_gain":75,"player_choice":"Gather Gold","damage_taken":11,"max_hp_gain":0,"max_hp_loss":0,"event_name":"World of Goop","floor":2,"gold_loss":0},{"damage_healed":0,"gold_gain":0,"player_choice":"Got Potions","damage_taken":0,"max_hp_gain":0,"max_hp_loss":0,"event_name":"Lab","floor":4,"gold_loss":0}],"is_beta":false,"boss_relics":[],"items_purged_floors":[],"is_endless":false,"potions_floor_spawned":[1,7,11],"killed_by":"Slime Boss","ascension_level":20}