{"gold_per_floor":[112,112,132,145,165,195,212,231,231,259,259,287,317,339,351,462,474,503,530,554,566,591,603],"floor_reached":23,"playtime":1024,"items_purged":[],"score":318,"play_id":"6753ff8a-c442-45a6-a135-4dd2277f96cc","local_time":"20190625163635","is_ascension_mode":true,"campfire_choices":[{"floor":11,"key":"REST"},{"data":"True Grit","floor":15,"key":"SMITH"}],"neow_cost":"NONE","seed_source_timestamp":414670052155990,"circlet_count":0,"master_deck":["Strike_R","Strike_R","Strike_R","Strike_R","Defend_R","Defend_R","Defend_R","Defend_R","Bash","Wild Strike","Pommel Strike","Uppercut","Warcry","Shockwave","Armaments","Demon Form","Disarm","Corruption","True Grit+1","Bludgeon","Spot Weakness","Writhe","Sword Boomerang"],"relics":["Burning Blood","NeowsBlessing","Oddly Smooth Stone","Orichalcum","FossilizedHelix","MawBank","Runic Dome","Matryoshka"],"potions_floor_usage":[10,10,10,23],"damage_taken":[{"damage":0,"enemies":"Cultist","floor":1,"turns":1},{"damage":0,"enemies":"Jaw Worm","floor":3,"turns":1},{"damage":0,"enemies":"Small Slimes","floor":4,"turns":1},{"damage":28,"enemies":"Exordium Wildlife","floor":5,"turns":5},{"damage":40,"enemies":"Lagavulin","floor":6,"turns":6},{"damage":11,"enemies":"Looter","floor":7,"turns":3},{"damage":2,"enemies":"Large Slime","floor":8,"turns":6},{"damage":6,"enemies":"3 Sentries","floor":10,"turns":5},{"damage":18,"enemies":"Lagavulin","floor":12,"turns":6},{"damage":13,"enemies":"3 Louse","floor":13,"turns":5},{"damage":5,"enemies":"2 Fungi Beasts","floor":14,"turns":5},{"damage":16,"enemies":"Hexaghost","floor":16,"turns":11},{"damage":30,"enemies":"Chosen","floor":18,"turns":7},{"damage":34,"enemies":"3 Byrds","floor":19,"turns":7},{"damage":12,"enemies":"Snake Plant","floor":20,"turns":5},{"damage":12,"enemies":"Snecko","floor":22,"turns":4},{"damage":15,"enemies":"Book of Stabbing","floor":23,"turns":4}],"seed_played":"3452637210065252121","potions_obtained":[{"floor":4,"key":"Fire Potion"},{"floor":5,"key":"Regen Potion"},{"floor":7,"key":"Fire Potion"},{"floor":8,"key":"Fire Potion"},{"floor":13,"key":"Poison Potion"},{"floor":16,"key":"FairyPotion"},{"floor":18,"key":"Dexterity Potion"}],"is_trial":false,"path_per_floor":["M","?","M","M","M","E","M","M","T","E","R","E","M","M","R","B",null,"M","M","M","?","M","E"],"character_chosen":"IRONCLAD","items_purchased":[],"campfire_rested":1,"item_purchase_floors":[],"current_hp_per_floor":[78,78,80,80,58,24,19,23,23,23,47,35,28,29,29,19,65,41,13,7,7,14,0],"gold":603,"neow_bonus":"THREE_ENEMY_KILL","is_prod":false,"is_daily":false,"chose_seed":false,"campfire_upgraded":1,"win_rate":0,"timestamp":1561473395,"path_taken":["M","?","M","?","M","E","M","M","T","E","R","E","?","M","R","BOSS","M","M","M","?","M","E"],"build_version":"2019-01-23","purchased_purges":0,"victory":false,"max_hp_per_floor":[80,80,80,80,80,80,80,80,80,80,80,80,80,80,80,80,80,80,80,80,80,80,80],"card_choices":[{"not_picked":["Havoc","Power Through"],"picked":"Wild Strike","floor":1},{"not_picked":["Flex","Heavy Blade"],"picked":"Uppercut","floor":3},{"not_picked":["Power Through","Headbutt"],"picked":"Warcry","floor":4},{"not_picked":["Seeing Red","Fire Breathing"],"picked":"Shockwave","floor":5},{"not_picked":["Body Slam","Power Through"],"picked":"Armaments","floor":6},{"not_picked":["Sword Boomerang","Pommel Strike"],"picked":"Demon Form","floor":7},{"not_picked":["Entrench","Combust"],"picked":"Disarm","floor":8},{"not_picked":["Power Through","Wild Strike","Flex"],"picked":"SKIP","floor":10},{"not_picked":["Armaments","Whirlwind","Body Slam"],"picked":"SKIP","floor":12},{"not_picked":["Fire Breathing","Sever Soul"],"picked":"Corruption","floor":13},{"not_picked":["Heavy Blade","Shockwave"],"picked":"True Grit","floor":14},{"not_picked":["Exhume","Demon Form"],"picked":"Bludgeon","floor":16},{"not_picked":["Clothesline+1","Perfected Strike"],"picked":"Spot Weakness","floor":18},{"not_picked":["Clash","Entrench+1","Dual Wield"],"picked":"SKIP","floor":19},{"not_picked":["Reckless Charge","Perfected Strike","Iron Wave"],"picked":"SKIP","floor":20},{"not_picked":["Shockwave","Perfected Strike+1"],"picked":"Sword Boomerang","floor":22}],"player_experience":216681,"relics_obtained":[{"floor":6,"key":"Oddly Smooth Stone"},{"floor":9,"key":"Orichalcum"},{"floor":10,"key":"FossilizedHelix"},{"floor":12,"key":"MawBank"}],"event_choices":[{"damage_healed":0,"gold_gain":0,"cards_transformed":["Strike_R"],"player_choice":"Transformed","damage_taken":0,"max_hp_gain":0,"max_hp_loss":0,"event_name":"Transmorgrifier","floor":2,"gold_loss":0,"cards_obtained":["Pommel Strike"]},{"damage_healed":0,"gold_gain":0,"player_choice":"Opened","damage_taken":0,"relics_obtained":["Matryoshka"],"max_hp_gain":0,"max_hp_loss":0,"event_name":"The Mausoleum","floor":21,"gold_loss":0,"cards_obtained":["Writhe"]}],"is_beta":false,"boss_relics":[{"not_picked":["Lizard Tail","Mark of Pain"],"picked":"Runic Dome"}],"items_purged_floors":[],"is_endless":false,"potions_floor_spawned":[4,5,7,8,13,16,18,20],"killed_by":"Book of Stabbing","ascension_level":9}