{"gold_per_floor":[110,110,122,136,58,58,89,103,126,155,155,155,172,26,26,129,129,140,140,90,102,120,120,134,134,206,217,217,228,228],"floor_reached":30,"playtime":1286,"items_purged":["Strike_P"],"score":278,"play_id":"7ca4de66-6a0e-4fc1-adaa-3997f62a976e","local_time":"20190915165035","is_ascension_mode":true,"campfire_choices":[{"data":"TalkToTheHand","floor":6,"key":"SMITH"},{"data":"CrushJoints","floor":11,"key":"SMITH"},{"data":"Nirvana","floor":15,"key":"SMITH"},{"floor":23,"key":"REST"},{"floor":25,"key":"REST"},{"data":"MasterReality","floor":28,"key":"SMITH"}],"neow_cost":"NONE","seed_source_timestamp":160352626179000,"circlet_count":0,"master_deck":["Strike_P","Strike_P","Strike_P","Defend_P","Defend_P","Defend_P","Defend_P","Eruption","Vigilance+1","CrushJoints+1","TalkToTheHand+1","Consecrate","Protect","Nirvana+1","ReachHeaven","EmptyBody+1","MasterReality+1","Pray"],"relics":["PureWater","NeowsBlessing","Vajra","Ancient Tea Set","Smiling Mask","SlaversCollar","Eternal Feather"],"potions_floor_usage":[7,22,29],"damage_taken":[{"damage":0,"enemies":"Small Slimes","floor":1,"turns":1},{"damage":0,"enemies":"Cultist","floor":3,"turns":1},{"damage":0,"enemies":"Jaw Worm","floor":4,"turns":1},{"damage":10,"enemies":"Gremlin Nob","floor":7,"turns":5},{"damage":0,"enemies":"Exordium Thugs","floor":8,"turns":3},{"damage":22,"enemies":"Lagavulin","floor":10,"turns":5},{"damage":0,"enemies":"2 Fungi Beasts","floor":13,"turns":1},{"damage":16,"enemies":"Hexaghost","floor":16,"turns":11},{"damage":37,"enemies":"3 Byrds","floor":18,"turns":9},{"damage":17,"enemies":"Shell Parasite","floor":21,"turns":8},{"damage":2,"enemies":"Snecko","floor":22,"turns":4},{"damage":12,"enemies":"Cultist and Chosen","floor":24,"turns":5},{"damage":12,"enemies":"Shelled Parasite and Fungi","floor":27,"turns":6},{"damage":23,"enemies":"Snecko","floor":29,"turns":5},{"damage":45,"enemies":"Snake Plant","floor":30,"turns":2}],"seed_played":"-7196165271231249771","potions_obtained":[{"floor":2,"key":"GamblersBrew"},{"floor":2,"key":"StancePotion"},{"floor":2,"key":"FairyPotion"},{"floor":3,"key":"AttackPotion"},{"floor":10,"key":"Strength Potion"},{"floor":24,"key":"SkillPotion"}],"is_trial":false,"path_per_floor":["M","?","M","M","$","R","E","M","T","E","R","?","M","$","R","B",null,"M","?","$","M","M","R","M","R","T","M","R","M","M"],"character_chosen":"WATCHER","items_purchased":["TalkToTheHand","Nirvana"],"campfire_rested":2,"item_purchase_floors":[5,14],"current_hp_per_floor":[65,65,65,65,65,65,55,55,55,33,33,33,33,33,33,17,65,28,28,28,11,9,28,16,35,35,23,32,9,0],"gold":228,"neow_bonus":"THREE_ENEMY_KILL","is_prod":false,"is_daily":false,"chose_seed":false,"campfire_upgraded":4,"win_rate":0,"timestamp":1568559035,"path_taken":["M","?","M","?","$","R","E","M","T","E","R","?","M","$","R","BOSS","M","?","$","M","M","R","M","R","T","M","R","M","M"],"build_version":"2019-09-12","purchased_purges":1,"victory":false,"max_hp_per_floor":[65,65,65,65,65,65,65,65,65,65,65,65,65,65,65,65,65,65,65,65,65,65,65,65,65,65,65,65,65,65],"card_choices":[{"not_picked":["EmptyBody","ForeignInfluence","WindmillStrike"],"picked":"SKIP","floor":1},{"not_picked":["Worship","Collect"],"picked":"CrushJoints","floor":3},{"not_picked":["ForeignInfluence","EmptyFist","Scrawl"],"picked":"SKIP","floor":4},{"not_picked":["CleanseEvil","Sanctity","Wireheading"],"picked":"SKIP","floor":7},{"not_picked":["StepAndStrike","Adaptation"],"picked":"Consecrate","floor":8},{"not_picked":["WindmillStrike","Halt","SignatureMove"],"picked":"SKIP","floor":10},{"not_picked":["PathToVictory","ForeignInfluence"],"picked":"Protect","floor":13},{"not_picked":["LessonLearned","Unraveling"],"picked":"ReachHeaven","floor":16},{"not_picked":["ThirdEye","CutThroughFate"],"picked":"EmptyBody+1","floor":18},{"not_picked":["EmptyBody","Prostrate"],"picked":"MasterReality","floor":21},{"not_picked":["EmptyFist+1","Meditate","Prostrate+1"],"picked":"SKIP","floor":22},{"not_picked":["Weave","CutThroughFate","ForeignInfluence+1"],"picked":"SKIP","floor":24},{"not_picked":["StepAndStrike","Halt"],"picked":"Pray","floor":27},{"not_picked":["Halt","BowlingBash","JustLucky+1"],"picked":"SKIP","floor":29}],"player_experience":458667,"relics_obtained":[{"floor":7,"key":"Vajra"},{"floor":9,"key":"Ancient Tea Set"},{"floor":10,"key":"Smiling Mask"},{"floor":26,"key":"Eternal Feather"}],"event_choices":[{"damage_healed":0,"gold_gain":0,"player_choice":"Got Potions","damage_taken":0,"max_hp_gain":0,"max_hp_loss":0,"event_name":"Lab","floor":2,"gold_loss":0},{"damage_healed":0,"gold_gain":0,"player_choice":"Upgraded","damage_taken":0,"max_hp_gain":0,"max_hp_loss":0,"event_name":"Upgrade Shrine","floor":12,"gold_loss":0,"cards_upgraded":["Vigilance"]},{"damage_healed":0,"gold_gain":0,"player_choice":"Ignored","damage_taken":0,"max_hp_gain":0,"max_hp_loss":0,"event_name":"N\u0027loth","floor":19,"gold_loss":0}],"is_beta":true,"boss_relics":[{"not_picked":["Black Star","Calling Bell"],"picked":"SlaversCollar"}],"items_purged_floors":[20],"is_endless":false,"potions_floor_spawned":[3,10,13,21,24],"killed_by":"Snake Plant","ascension_level":3}