{"gold_per_floor":[115,132,132,132,153,197,31,31,58,58],"floor_reached":10,"playtime":194,"items_purged":[],"score":129,"play_id":"d2282c43-77af-49e4-aa3c-c3bca57fa098","local_time":"20191001214715","is_ascension_mode":true,"campfire_choices":[{"data":"Sunder","floor":8,"key":"SMITH"}],"neow_cost":"NONE","seed_source_timestamp":794278722359600,"circlet_count":0,"master_deck":["AscendersBane","Strike_B","Strike_B","Strike_B","Strike_B","Defend_B","Defend_B","Defend_B","Defend_B","Zap","Dualcast","Streamline","Sunder+1","Self Repair","Coolheaded","Seek"],"relics":["Cracked Core","NeowsBlessing","Golden Idol","Ancient Tea Set","Incense Burner","Art of War"],"potions_floor_usage":[6],"damage_taken":[{"damage":0,"enemies":"2 Louse","floor":1,"turns":1},{"damage":0,"enemies":"Jaw Worm","floor":2,"turns":1},{"damage":0,"enemies":"Small Slimes","floor":5,"turns":1},{"damage":30,"enemies":"Lagavulin","floor":6,"turns":7},{"damage":39,"enemies":"Gremlin Nob","floor":10,"turns":3}],"seed_played":"4721627475146198636","potions_obtained":[{"floor":2,"key":"Regen Potion"},{"floor":6,"key":"EssenceOfSteel"}],"is_trial":false,"path_per_floor":["M","M","?","?","M","E","$","R","T","E"],"character_chosen":"DEFECT","items_purchased":["Seek"],"campfire_rested":0,"item_purchase_floors":[7],"current_hp_per_floor":[64,64,64,38,38,29,29,29,29,0],"gold":58,"neow_bonus":"THREE_ENEMY_KILL","is_prod":false,"is_daily":false,"chose_seed":false,"campfire_upgraded":1,"win_rate":0,"timestamp":1569934035,"path_taken":["M","M","?","?","M","E","$","R","T","E"],"build_version":"2019-07-17","purchased_purges":0,"victory":false,"max_hp_per_floor":[71,71,64,64,64,64,64,64,64,64],"card_choices":[{"not_picked":["Barrage","Reinforced Body"],"picked":"Streamline","floor":1},{"not_picked":["Gash","Hologram"],"picked":"Sunder","floor":2},{"not_picked":["BootSequence","Compile Driver"],"picked":"Self Repair","floor":5},{"not_picked":["Gash","Leap"],"picked":"Coolheaded","floor":6}],"player_experience":543849,"relics_obtained":[{"floor":6,"key":"Incense Burner"},{"floor":9,"key":"Art of War"}],"event_choices":[{"damage_healed":0,"gold_gain":0,"player_choice":"Lose Max HP","damage_taken":0,"relics_obtained":["Golden Idol"],"max_hp_gain":0,"max_hp_loss":7,"event_name":"Golden Idol","floor":3,"gold_loss":0},{"damage_healed":0,"gold_gain":0,"player_choice":"Success","damage_taken":26,"relics_obtained":["Ancient Tea Set"],"max_hp_gain":0,"max_hp_loss":0,"event_name":"Scrap Ooze","floor":4,"gold_loss":0}],"is_beta":false,"boss_relics":[],"items_purged_floors":[],"is_endless":false,"potions_floor_spawned":[2,6],"killed_by":"Gremlin Nob","ascension_level":19}