{"gold_per_floor":[114,264,264,146,165,193,193,210,233,246,261,261,272,292,292,366,366,383,399,399,72,72,100,100,100],"floor_reached":25,"playtime":916,"items_purged":["Aggregate+1"],"score":446,"play_id":"11aec5cd-1975-4d22-b33f-3b5bc21d0dad","local_time":"20191004022709","is_ascension_mode":true,"campfire_choices":[{"data":"Go for the Eyes","floor":7,"key":"SMITH"},{"data":"Zap","floor":12,"key":"SMITH"},{"data":"Barrage","floor":15,"key":"SMITH"},{"floor":24,"key":"REST"}],"neow_cost":"NONE","seed_source_timestamp":983146524213600,"circlet_count":0,"master_deck":["AscendersBane","Strike_B","Strike_B","Defend_B","Defend_B","Defend_B","Zap+1","Dualcast","Barrage+1","Self Repair","Sweeping Beam","Gash","Go for the Eyes+1","Glacier","BootSequence","Go for the Eyes","Cold Snap","Seek","Capacitor+1","Static Discharge+1","Conserve Battery","Fusion+1","Core Surge","Skim"],"relics":["Cracked Core","Vajra","Bronze Scales","Strawberry","Astrolabe","MutagenicStrength","Membership Card","Singing Bowl"],"potions_floor_usage":[6,23,25],"damage_taken":[{"damage":10,"enemies":"Small Slimes","floor":1,"turns":3},{"damage":0,"enemies":"2 Louse","floor":5,"turns":2},{"damage":30,"enemies":"Lagavulin","floor":6,"turns":6},{"damage":0,"enemies":"Cultist","floor":8,"turns":3},{"damage":3,"enemies":"Blue Slaver","floor":10,"turns":3},{"damage":7,"enemies":"2 Fungi Beasts","floor":11,"turns":3},{"damage":1,"enemies":"Looter","floor":13,"turns":2},{"damage":0,"enemies":"Red Slaver","floor":14,"turns":2},{"damage":31,"enemies":"The Guardian","floor":16,"turns":13},{"damage":23,"enemies":"Shell Parasite","floor":18,"turns":5},{"damage":17,"enemies":"Spheric Guardian","floor":19,"turns":5},{"damage":33,"enemies":"Gremlin Leader","floor":23,"turns":7},{"damage":54,"enemies":"Slavers","floor":25,"turns":4}],"seed_played":"6385553494513027862","potions_obtained":[{"floor":1,"key":"GamblersBrew"},{"floor":5,"key":"FearPotion"},{"floor":14,"key":"Explosive Potion"},{"floor":23,"key":"Regen Potion"}],"is_trial":false,"path_per_floor":["M","?","?","$","M","E","R","M","T","M","M","R","M","M","R","B",null,"M","M","?","$","?","E","R","E"],"character_chosen":"DEFECT","items_purchased":["Self Repair","Sweeping Beam","Membership Card","Core Surge"],"campfire_rested":1,"item_purchase_floors":[4,4,21,21],"current_hp_per_floor":[54,54,54,54,61,38,38,45,52,56,56,56,55,62,62,38,68,52,42,42,42,42,16,39,0],"gold":100,"neow_bonus":"RANDOM_COMMON_RELIC","is_prod":false,"is_daily":false,"chose_seed":false,"campfire_upgraded":3,"win_rate":0,"timestamp":1570123629,"path_taken":["M","?","?","$","M","E","R","?","T","M","M","R","M","M","R","BOSS","M","M","?","$","?","E","R","E"],"build_version":"2019-07-17","purchased_purges":1,"victory":false,"max_hp_per_floor":[71,71,71,71,71,71,71,71,78,78,78,78,78,78,78,78,78,78,78,78,78,78,78,78,78],"card_choices":[{"not_picked":["Auto Shields","Static Discharge"],"picked":"Barrage","floor":1},{"not_picked":["Storm","Sweeping Beam"],"picked":"Gash","floor":5},{"not_picked":["Redo","Recycle"],"picked":"Go for the Eyes","floor":6},{"not_picked":["Stack","Machine Learning"],"picked":"Glacier","floor":8},{"not_picked":["Barrage","Streamline","Glacier"],"picked":"SKIP","floor":10},{"not_picked":["Turbo","Steam"],"picked":"BootSequence","floor":11},{"not_picked":["Storm","Turbo"],"picked":"Go for the Eyes","floor":13},{"not_picked":["Barrage","Redo"],"picked":"Cold Snap","floor":14},{"not_picked":["Machine Learning","Meteor Strike"],"picked":"Seek","floor":16},{"not_picked":["Compile Driver","Recycle"],"picked":"Conserve Battery","floor":18},{"not_picked":["Ball Lightning","Steam"],"picked":"Fusion+1","floor":19},{"not_picked":["Self Repair","Ball Lightning+1"],"picked":"Skim","floor":23}],"player_experience":577570,"relics_obtained":[{"floor":6,"key":"Bronze Scales"},{"floor":9,"key":"Strawberry"},{"floor":23,"key":"Singing Bowl"}],"event_choices":[{"damage_healed":0,"gold_gain":150,"player_choice":"AGREE","damage_taken":0,"max_hp_gain":0,"max_hp_loss":0,"event_name":"Liars Game","floor":2,"gold_loss":0,"cards_obtained":["Doubt"]},{"cards_removed":["Doubt"],"damage_healed":0,"gold_gain":0,"player_choice":"Removed Curses","damage_taken":0,"max_hp_gain":0,"max_hp_loss":0,"event_name":"Fountain of Cleansing","floor":3,"gold_loss":0},{"damage_healed":0,"gold_gain":0,"player_choice":"Inject Mutagens","damage_taken":0,"relics_obtained":["MutagenicStrength"],"max_hp_gain":0,"max_hp_loss":0,"event_name":"Drug Dealer","floor":20,"gold_loss":0},{"damage_healed":0,"gold_gain":0,"player_choice":"Ignored","damage_taken":0,"max_hp_gain":0,"max_hp_loss":0,"event_name":"Vampires","floor":22,"gold_loss":0}],"is_beta":false,"boss_relics":[{"not_picked":["Nuclear Battery","Philosopher\u0027s Stone"],"picked":"Astrolabe"}],"items_purged_floors":[21],"is_endless":false,"potions_floor_spawned":[1,5,14,23],"killed_by":"Slavers","ascension_level":20}