{"gold_per_floor":[113,125,125,125,149,189,189,214,214,254,267,287,311,311,311,441,441,460,25,74,94,110,110,151,76,106,119,119,5,28,28],"floor_reached":31,"playtime":1596,"items_purged":[],"score":404,"play_id":"1dd936a2-8fa7-45c6-90e6-35b301328144","local_time":"20190627201049","is_ascension_mode":true,"campfire_choices":[{"data":"Anger","floor":7,"key":"SMITH"},{"floor":15,"key":"REST"},{"data":"Uppercut","floor":23,"key":"SMITH"},{"floor":28,"key":"REST"}],"neow_cost":"NONE","seed_source_timestamp":128506582327405,"circlet_count":0,"master_deck":["AscendersBane","Strike_R","Strike_R","Strike_R","Strike_R","Strike_R","Defend_R","Defend_R","Defend_R","Defend_R","Bash+1","Anger+1","Demon Form","Uppercut+1","Headbutt","True Grit","Iron Wave","Battle Trance","Limit Break","Master of Strategy+1","Entrench+1","Armaments+1","True Grit+1","Combust","Sword Boomerang","Bloodletting+1","Warcry+1","Impervious+1"],"relics":["Burning Blood","Golden Idol","Ornamental Fan","Calipers","Torii","Sozu","Toxic Egg 2","Bag of Marbles","Dream Catcher","Tiny Chest"],"potions_floor_usage":[6,12],"damage_taken":[{"damage":7,"enemies":"2 Louse","floor":1,"turns":4},{"damage":9,"enemies":"Jaw Worm","floor":2,"turns":4},{"damage":1,"enemies":"Cultist","floor":5,"turns":3},{"damage":10,"enemies":"Lagavulin","floor":6,"turns":6},{"damage":8,"enemies":"2 Fungi Beasts","floor":8,"turns":4},{"damage":32,"enemies":"Gremlin Nob","floor":10,"turns":5},{"damage":10,"enemies":"Lots of Slimes","floor":11,"turns":4},{"damage":13,"enemies":"Gremlin Gang","floor":12,"turns":4},{"damage":1,"enemies":"Blue Slaver","floor":13,"turns":4},{"damage":30,"enemies":"The Guardian","floor":16,"turns":9},{"damage":11,"enemies":"3 Byrds","floor":18,"turns":7},{"damage":10,"enemies":"Shell Parasite","floor":21,"turns":5},{"damage":12,"enemies":"3 Cultists","floor":22,"turns":5},{"damage":28,"enemies":"Book of Stabbing","floor":24,"turns":8},{"damage":15,"enemies":"Snecko","floor":27,"turns":5},{"damage":23,"enemies":"Shelled Parasite and Fungi","floor":30,"turns":5},{"damage":38,"enemies":"Slavers","floor":31,"turns":7}],"seed_played":"4373332990719544463","potions_obtained":[{"floor":2,"key":"SpeedPotion"},{"floor":5,"key":"Strength Potion"},{"floor":11,"key":"LiquidBronze"}],"is_trial":false,"path_per_floor":["M","M","?","?","M","E","R","M","T","E","M","M","M","?","R","B",null,"M","$","T","M","M","R","E","?","T","M","R","$","M","E"],"character_chosen":"IRONCLAD","items_purchased":["Toxic Egg 2","Master of Strategy+1","Bloodletting+1","Warcry+1"],"campfire_rested":2,"item_purchase_floors":[19,19,29,29],"current_hp_per_floor":[79,76,54,54,59,55,55,53,53,27,23,16,21,21,47,23,72,67,67,67,63,57,57,35,35,35,26,52,52,35,0],"gold":28,"neow_bonus":"TEN_PERCENT_HP_BONUS","is_prod":false,"is_daily":false,"chose_seed":false,"campfire_upgraded":2,"win_rate":0,"timestamp":1561659049,"path_taken":["M","M","?","?","M","E","R","M","T","E","M","?","M","?","R","BOSS","M","$","?","M","?","R","E","?","T","M","R","$","M","E"],"build_version":"2019-01-23","purchased_purges":0,"victory":false,"max_hp_per_floor":[88,88,88,88,88,88,88,88,88,88,88,88,88,88,88,88,88,88,88,88,88,88,88,88,88,88,88,88,88,88,88],"card_choices":[{"not_picked":["Body Slam","Rupture","Power Through"],"picked":"SKIP","floor":1},{"not_picked":["Pommel Strike","Uppercut"],"picked":"Anger","floor":2},{"not_picked":["Rage","Headbutt"],"picked":"Demon Form","floor":5},{"not_picked":["Pummel","Heavy Blade"],"picked":"Uppercut","floor":6},{"not_picked":["Flex","Dual Wield"],"picked":"Headbutt","floor":8},{"not_picked":["Sever Soul","Exhume","Bloodletting"],"picked":"SKIP","floor":10},{"not_picked":["Intimidate","Armaments"],"picked":"True Grit","floor":11},{"not_picked":["Ghostly Armor","Flex"],"picked":"Iron Wave","floor":12},{"not_picked":["Cleave","Havoc"],"picked":"Battle Trance","floor":13},{"not_picked":["Dark Embrace","Fiend Fire"],"picked":"Limit Break","floor":16},{"not_picked":["Havoc+1","Warcry"],"picked":"Fire Breathing","floor":18},{"not_picked":["Clothesline","Perfected Strike"],"picked":"Entrench+1","floor":21},{"not_picked":["Whirlwind","Pommel Strike"],"picked":"Armaments+1","floor":22},{"not_picked":["Bludgeon","Warcry+1"],"picked":"True Grit+1","floor":24},{"not_picked":["Twin Strike","Whirlwind"],"picked":"Combust","floor":27},{"not_picked":["Iron Wave","Wild Strike"],"picked":"Sword Boomerang","floor":28},{"not_picked":["Shrug It Off+1","Armaments+1"],"picked":"Impervious+1","floor":30}],"player_experience":225984,"relics_obtained":[{"floor":6,"key":"Ornamental Fan"},{"floor":9,"key":"Calipers"},{"floor":10,"key":"Torii"},{"floor":20,"key":"Bag of Marbles"},{"floor":24,"key":"Dream Catcher"},{"floor":26,"key":"Tiny Chest"}],"event_choices":[{"damage_healed":0,"gold_gain":0,"player_choice":"Take Damage","damage_taken":22,"relics_obtained":["Golden Idol"],"max_hp_gain":0,"max_hp_loss":0,"event_name":"Golden Idol","floor":3,"gold_loss":0},{"damage_healed":0,"gold_gain":0,"player_choice":"Upgraded","damage_taken":0,"max_hp_gain":0,"max_hp_loss":0,"event_name":"Upgrade Shrine","floor":4,"gold_loss":0,"cards_upgraded":["Bash"]},{"damage_healed":0,"gold_gain":0,"player_choice":"Leave","damage_taken":0,"max_hp_gain":0,"max_hp_loss":0,"event_name":"FaceTrader","floor":14,"gold_loss":0},{"cards_removed":["Fire Breathing"],"damage_healed":0,"gold_gain":0,"player_choice":"Gave Gold","damage_taken":0,"max_hp_gain":0,"max_hp_loss":0,"event_name":"Beggar","floor":25,"gold_loss":75}],"is_beta":false,"boss_relics":[{"not_picked":["Pandora\u0027s Box","Ectoplasm"],"picked":"Sozu"}],"items_purged_floors":[],"is_endless":false,"potions_floor_spawned":[2,5,11,22,30],"killed_by":"Slavers","ascension_level":10}