{"gold_per_floor":[316,328,347,362,287,306,316,335,380,129,129,161,161],"floor_reached":13,"playtime":378,"items_purged":["Strike_B"],"score":174,"play_id":"a8ac52d9-4fc2-4f62-9878-3f4ebe0ebb27","local_time":"20191002003615","is_ascension_mode":true,"campfire_choices":[{"data":"Zap","floor":11.0,"key":"SMITH"}],"neow_cost":"NO_GOLD","seed_source_timestamp":804190106289000,"circlet_count":0,"master_deck":["AscendersBane","Strike_B","Strike_B","Defend_B","Defend_B","Defend_B","Defend_B","Zap+1","Dualcast","Ball Lightning","Ball Lightning","Loop","Seek","Leap","Conserve Battery","Go for the Eyes","Core Surge","Trip","Sweeping Beam"],"special_seed":0,"relics":["Cracked Core","Old Coin","Juzu Bracelet","Frozen Egg 2"],"potions_floor_usage":[13],"damage_taken":[{"damage":2.0,"enemies":"Cultist","floor":1.0,"turns":4.0},{"damage":4.0,"enemies":"2 Louse","floor":2.0,"turns":2.0},{"damage":7.0,"enemies":"Jaw Worm","floor":3.0,"turns":3.0},{"damage":9.0,"enemies":"Red Slaver","floor":4.0,"turns":3.0},{"damage":6.0,"enemies":"Lots of Slimes","floor":6.0,"turns":2.0},{"damage":1.0,"enemies":"2 Fungi Beasts","floor":7.0,"turns":4.0},{"damage":3.0,"enemies":"Blue Slaver","floor":8.0,"turns":3.0},{"damage":19.0,"enemies":"Gremlin Nob","floor":12.0,"turns":4.0},{"damage":19,"enemies":"Gremlin Gang","floor":13,"turns":1}],"seed_played":"-6453075289591489174","potions_obtained":[{"floor":2.0,"key":"GamblersBrew"},{"floor":3.0,"key":"GamblersBrew"},{"floor":12.0,"key":"Fire Potion"}],"is_trial":false,"path_per_floor":["M","M","M","M","?","M","M","M","T","$","R","E","M"],"character_chosen":"DEFECT","items_purchased":["Core Surge","Trip"],"campfire_rested":0,"item_purchase_floors":[10,10],"current_hp_per_floor":[62,58,51,42,42,36,35,32,32,32,32,13,0],"gold":161,"neow_bonus":"ONE_RARE_RELIC","is_prod":false,"is_daily":false,"chose_seed":false,"campfire_upgraded":1,"win_rate":0,"timestamp":1569944175,"path_taken":["M","M","?","M","?","M","M","M","T","$","R","E","M"],"build_version":"2019-07-17","purchased_purges":1,"victory":false,"max_hp_per_floor":[71,71,71,71,71,71,71,71,71,71,71,71,71],"card_choices":[{"not_picked":["Streamline","Stack"],"picked":"Ball Lightning","floor":1.0},{"not_picked":["Hologram","Beam Cell"],"picked":"Ball Lightning","floor":2.0},{"not_picked":["Skim","Barrage"],"picked":"Loop","floor":3.0},{"not_picked":["Stack","Rebound"],"picked":"Seek","floor":4.0},{"not_picked":["Rebound","Barrage"],"picked":"Leap","floor":6.0},{"not_picked":["Storm","Force Field"],"picked":"Conserve Battery","floor":7.0},{"not_picked":["Conserve Battery","Loop"],"picked":"Go for the Eyes","floor":8.0},{"not_picked":["Coolheaded","Force Field"],"picked":"Sweeping Beam","floor":12.0}],"player_experience":552432,"relics_obtained":[{"floor":9.0,"key":"Juzu Bracelet"},{"floor":12.0,"key":"Frozen Egg 2"}],"event_choices":[{"cards_removed":["Strike_B"],"damage_healed":0.0,"max_hp_gain":0.0,"max_hp_loss":0.0,"gold_gain":0.0,"event_name":"The Cleric","player_choice":"Card Removal","floor":5.0,"gold_loss":75.0,"damage_taken":0.0}],"is_beta":false,"boss_relics":[],"items_purged_floors":[10],"is_endless":false,"potions_floor_spawned":[2,3,12],"killed_by":"Gremlin Gang","ascension_level":19}