{"gold_per_floor":[218,65,65,75,94,94,119,119,119,19,19,19,49,69,69,174,174,190,201,201,201,201,201,76,102,156,156,184,197,197],"floor_reached":30,"playtime":1185,"items_purged":["Strike_G","Strike_G","Strike_G"],"score":411,"play_id":"627e33eb-f1e6-4d28-bae0-668533c915f0","local_time":"20190421113631","is_ascension_mode":true,"campfire_choices":[{"data":"Noxious Fumes","floor":6.0,"key":"SMITH"},{"floor":8.0,"key":"REST"},{"floor":12.0,"key":"REST"},{"data":"Dash","floor":15.0,"key":"SMITH"},{"floor":23,"key":"RECALL"},{"floor":27,"key":"REST"}],"neow_cost":"NONE","seed_source_timestamp":924263911656790,"circlet_count":0,"master_deck":["AscendersBane","Defend_G","Defend_G","Defend_G","Defend_G","Defend_G","Strike_G+1","Strike_G","Survivor","Neutralize+1","Deadly Poison","Noxious Fumes+1","Deadly Poison","Dash+1","After Image","Bouncing Flask","Noxious Fumes"],"special_seed":0,"relics":["Ring of the Snake","Pantograph","Ninja Scroll","Turnip","Whetstone","Fusion Hammer","Art of War","Vajra","Tough Bandages"],"potions_floor_usage":[25,29],"damage_taken":[{"damage":2.0,"enemies":"Small Slimes","floor":1.0,"turns":4.0},{"damage":6.0,"enemies":"Cultist","floor":4.0,"turns":5.0},{"damage":0.0,"enemies":"2 Louse","floor":5.0,"turns":4.0},{"damage":36.0,"enemies":"Gremlin Nob","floor":7.0,"turns":5.0},{"damage":12.0,"enemies":"3 Sentries","floor":13.0,"turns":7.0},{"damage":0.0,"enemies":"Blue Slaver","floor":14.0,"turns":4.0},{"damage":23.0,"enemies":"The Guardian","floor":16.0,"turns":9.0},{"damage":0.0,"enemies":"Shell Parasite","floor":18.0,"turns":5.0},{"damage":0.0,"enemies":"3 Byrds","floor":19.0,"turns":3.0},{"damage":6.0,"enemies":"Colosseum Slavers","floor":20.0,"turns":5.0},{"damage":35,"enemies":"Book of Stabbing","floor":25,"turns":7},{"damage":52,"enemies":"Gremlin Leader","floor":28,"turns":8},{"damage":0,"enemies":"Centurion and Healer","floor":29,"turns":5},{"damage":8,"enemies":"3 Cultists","floor":30,"turns":3}],"seed_played":"-1574516579376740948","potions_obtained":[{"floor":4.0,"key":"Fire Potion"},{"floor":5.0,"key":"Dexterity Potion"},{"floor":16.0,"key":"Swift Potion"},{"floor":18.0,"key":"LiquidBronze"},{"floor":19.0,"key":"FearPotion"},{"floor":28,"key":"GamblersBrew"}],"is_trial":false,"path_per_floor":["M","$","?","M","M","R","E","R","T","$","?","R","E","M","R","B",null,"M","M","?","?","?","R","$","E","T","R","E","M","M"],"character_chosen":"THE_SILENT","items_purchased":["Noxious Fumes"],"campfire_rested":3,"item_purchase_floors":[2],"current_hp_per_floor":[61,61,61,55,55,55,19,40,40,40,33,54,42,42,42,44,64,64,64,58,70,70,70,70,35,35,56,4,4,0],"gold":197,"neow_bonus":"HUNDRED_GOLD","is_prod":false,"is_daily":false,"chose_seed":false,"campfire_upgraded":2,"win_rate":0,"timestamp":1555839391,"path_taken":["M","$","?","M","?","R","E","R","T","?","?","R","E","M","R","BOSS","M","M","?","?","?","R","$","E","T","R","E","M","M"],"build_version":"2019-01-23","purchased_purges":3,"victory":false,"max_hp_per_floor":[70,70,70,70,70,70,70,70,70,70,70,70,70,70,70,70,70,70,70,70,70,70,70,70,70,70,70,70,70,70],"card_choices":[{"not_picked":["Acrobatics","Poisoned Stab"],"picked":"Deadly Poison","floor":1.0},{"not_picked":["Calculated Gamble","Sucker Punch","Finisher"],"picked":"SKIP","floor":4.0},{"not_picked":["Masterful Stab","Dagger Spray","Distraction"],"picked":"SKIP","floor":5.0},{"not_picked":["Flechettes","Calculated Gamble"],"picked":"Deadly Poison","floor":7.0},{"not_picked":["Infinite Blades","Heel Hook","Die Die Die"],"picked":"SKIP","floor":13.0},{"not_picked":["Accuracy","PiercingWail"],"picked":"Dash","floor":14.0},{"not_picked":["Doppelganger","Grand Finale"],"picked":"After Image","floor":16.0},{"not_picked":["Dagger Spray","Quick Slash"],"picked":"Bouncing Flask","floor":18.0},{"not_picked":["PiercingWail","Backflip","Acrobatics"],"picked":"SKIP","floor":19.0},{"not_picked":["Dodge and Roll","Masterful Stab","Acrobatics"],"picked":"SKIP","floor":25},{"not_picked":["Deflect+1","PiercingWail"],"picked":"Noxious Fumes","floor":28},{"not_picked":["Accuracy","Concentrate","Prepared"],"picked":"SKIP","floor":29}],"player_experience":437691,"relics_obtained":[{"floor":7.0,"key":"Pantograph"},{"floor":9.0,"key":"Ninja Scroll"},{"floor":13.0,"key":"Whetstone"},{"floor":25,"key":"Art of War"},{"floor":26,"key":"Vajra"},{"floor":28,"key":"Tough Bandages"}],"event_choices":[{"damage_healed":0.0,"max_hp_gain":0.0,"max_hp_loss":0.0,"gold_gain":0.0,"event_name":"The Woman in Blue","player_choice":"Bought 0 Potions","floor":3.0,"gold_loss":0.0,"damage_taken":0.0},{"damage_healed":0.0,"max_hp_gain":0.0,"max_hp_loss":0.0,"gold_gain":0.0,"event_name":"Scrap Ooze","player_choice":"Success","floor":11.0,"gold_loss":0.0,"damage_taken":7.0,"relics_obtained":["Turnip"]},{"damage_healed":0.0,"max_hp_gain":0.0,"max_hp_loss":0.0,"gold_gain":0.0,"event_name":"Colosseum","player_choice":"Fight","floor":20.0,"gold_loss":0.0,"damage_taken":0.0},{"damage_healed":0.0,"max_hp_gain":0.0,"max_hp_loss":0.0,"gold_gain":0.0,"event_name":"Colosseum","player_choice":"Fled From Nobs","floor":20.0,"gold_loss":0.0,"damage_taken":0.0},{"damage_healed":23,"gold_gain":0,"player_choice":"Heal","damage_taken":0,"max_hp_gain":0,"max_hp_loss":0,"event_name":"The Library","floor":21,"gold_loss":0},{"damage_healed":0,"gold_gain":0,"player_choice":"Ignored","damage_taken":0,"max_hp_gain":0,"max_hp_loss":0,"event_name":"Ghosts","floor":22,"gold_loss":0}],"is_beta":false,"boss_relics":[{"not_picked":["Tiny House","Pandora\u0027s Box"],"picked":"Fusion Hammer"}],"items_purged_floors":[2,10,24],"is_endless":false,"potions_floor_spawned":[4,5,16,18,19,28],"killed_by":"3 Cultists","ascension_level":10}