{"gold_per_floor":[215,46,46,64,64,91,91,105,105,133,145,190,202,239,251,358,370,400,412,443,50,67,67],"floor_reached":23,"playtime":959,"items_purged":["Clash"],"score":363,"play_id":"ec9d62b3-ae82-46c7-a0f4-89978ee02612","local_time":"20190627205522","is_ascension_mode":true,"campfire_choices":[{"data":"Apotheosis","floor":7,"key":"SMITH"},{"floor":11,"key":"REST"},{"data":"Sword Boomerang","floor":15,"key":"SMITH"}],"neow_cost":"NONE","seed_source_timestamp":131816434276971,"circlet_count":0,"master_deck":["AscendersBane","Sword Boomerang+1","Apotheosis+1","Cleave","Anger","Shrug It Off","Reckless Charge","Inflame+1","Combust+1","Offering","Fire Breathing+1","Brutality+1","Flame Barrier","Metallicize+1","Disarm","Ghostly Armor","Warcry","Uppercut+1","Infernal Blade","Rupture+1","Inflame+1"],"relics":["Burning Blood","Frozen Egg 2","Gremlin Horn","MawBank","Gambling Chip","Bottled Flame","Pandora\u0027s Box","Singing Bowl"],"potions_floor_usage":[12,22,23,23,23],"damage_taken":[{"damage":3,"enemies":"2 Louse","floor":1,"turns":4},{"damage":10,"enemies":"Jaw Worm","floor":4,"turns":4},{"damage":39,"enemies":"3 Sentries","floor":6,"turns":6},{"damage":0,"enemies":"Cultist","floor":8,"turns":3},{"damage":31,"enemies":"Lagavulin","floor":10,"turns":6},{"damage":0,"enemies":"Gremlin Nob","floor":12,"turns":3},{"damage":5,"enemies":"Lagavulin","floor":14,"turns":5},{"damage":16,"enemies":"Slime Boss","floor":16,"turns":7},{"damage":19,"enemies":"Shell Parasite","floor":18,"turns":3},{"damage":9,"enemies":"Chosen","floor":20,"turns":4},{"damage":40,"enemies":"Snake Plant","floor":22,"turns":3},{"damage":25,"enemies":"Book of Stabbing","floor":23,"turns":4}],"seed_played":"-7698292766110634664","potions_obtained":[{"floor":8,"key":"Energy Potion"},{"floor":10,"key":"Dexterity Potion"},{"floor":14,"key":"Weak Potion"},{"floor":16,"key":"SkillPotion"},{"floor":18,"key":"SteroidPotion"},{"floor":22,"key":"SteroidPotion"}],"is_trial":false,"path_per_floor":["M","$","?","M","?","E","R","M","T","E","R","E","?","E","R","B",null,"M","?","M","$","M","E"],"character_chosen":"IRONCLAD","items_purchased":["Apotheosis","Rupture+1","Singing Bowl"],"campfire_rested":1,"item_purchase_floors":[2,21,21],"current_hp_per_floor":[75,75,75,71,76,43,43,49,49,24,49,55,55,56,56,46,75,62,62,59,59,25,0],"gold":67,"neow_bonus":"HUNDRED_GOLD","is_prod":false,"is_daily":false,"chose_seed":false,"campfire_upgraded":2,"win_rate":0,"timestamp":1561661722,"path_taken":["M","$","?","M","?","E","R","?","T","E","R","E","?","E","R","BOSS","M","?","?","$","M","E"],"build_version":"2019-01-23","purchased_purges":1,"victory":false,"max_hp_per_floor":[80,80,80,80,85,85,85,85,85,85,85,85,85,85,85,85,85,85,85,85,85,85,85],"card_choices":[{"not_picked":["Iron Wave","Body Slam"],"picked":"Sword Boomerang","floor":1},{"not_picked":["Rupture","Thunderclap"],"picked":"Cleave","floor":4},{"not_picked":["Blood for Blood","Twin Strike"],"picked":"Anger","floor":6},{"not_picked":["Clash","Iron Wave"],"picked":"Shrug It Off","floor":8},{"not_picked":["Thunderclap","Limit Break"],"picked":"Reckless Charge","floor":10},{"not_picked":["Armaments","Perfected Strike"],"picked":"Inflame+1","floor":12},{"not_picked":["Combust+1","Sword Boomerang","Armaments"],"picked":"SKIP","floor":14},{"not_picked":["Sword Boomerang","Armaments"],"picked":"Combust+1","floor":14},{"not_picked":["Juggernaut+1","Reaper"],"picked":"Offering","floor":16},{"not_picked":["Clash+1","Iron Wave+1"],"picked":"Uppercut+1","floor":18},{"not_picked":["Warcry","Anger"],"picked":"Infernal Blade","floor":20},{"not_picked":["Anger+1","Iron Wave"],"picked":"Inflame+1","floor":22}],"player_experience":227580,"relics_obtained":[{"floor":6,"key":"Frozen Egg 2"},{"floor":9,"key":"Gremlin Horn"},{"floor":10,"key":"MawBank"},{"floor":12,"key":"Gambling Chip"},{"floor":14,"key":"Bottled Flame"}],"event_choices":[{"damage_healed":0,"gold_gain":0,"player_choice":"Ignored","damage_taken":0,"max_hp_gain":0,"max_hp_loss":0,"event_name":"Liars Game","floor":3,"gold_loss":0},{"damage_healed":0,"gold_gain":0,"player_choice":"Donut","damage_taken":0,"max_hp_gain":5,"max_hp_loss":0,"event_name":"Big Fish","floor":5,"gold_loss":0},{"cards_removed":["Bash"],"damage_healed":0,"gold_gain":0,"player_choice":"Forget","damage_taken":0,"max_hp_gain":0,"max_hp_loss":0,"event_name":"Living Wall","floor":13,"gold_loss":0},{"cards_removed":["Sever Soul"],"damage_healed":0,"gold_gain":0,"player_choice":"Purged","damage_taken":0,"max_hp_gain":0,"max_hp_loss":0,"event_name":"Purifier","floor":19,"gold_loss":0}],"is_beta":false,"boss_relics":[{"not_picked":["Velvet Choker","Eternal Feather"],"picked":"Pandora\u0027s Box"}],"items_purged_floors":[21],"is_endless":false,"potions_floor_spawned":[8,10,14,16,18,22],"killed_by":"Book of Stabbing","ascension_level":10}