{"gold_per_floor":[110,128,139,314,386,416,248,248,272,304,304,52,89,89,89,193,193,233,305,342,441,461,461,494,494,548,593,494,549,561,591,603,710,722,752,674,83,119,139,164,183,183,208,243,243,243,275,291,291,291,291,291,46,72,72],"floor_reached":56,"playtime":3333,"items_purged":["Doubt","Strike_R","Strike_R"],"score":2137,"play_id":"04327cc2-5342-413d-9c45-faef19f9cfd6","local_time":"20190628223309","is_ascension_mode":true,"campfire_choices":[{"data":"Bash","floor":8.0,"key":"SMITH"},{"data":"Pommel Strike","floor":11.0,"key":"SMITH"},{"floor":15.0,"key":"REST"},{"data":"Corruption","floor":23.0,"key":"SMITH"},{"floor":25.0,"key":"REST"},{"floor":30.0,"key":"REST"},{"floor":32.0,"key":"RECALL"},{"data":"Warcry","floor":42.0,"key":"SMITH"},{"data":"Battle Trance","floor":46.0,"key":"SMITH"},{"data":"Feel No Pain","floor":49.0,"key":"SMITH"},{"data":"Master of Strategy","floor":52.0,"key":"SMITH"}],"neow_cost":"NONE","seed_source_timestamp":0,"circlet_count":0,"master_deck":["AscendersBane","Strike_R+1","Strike_R","Defend_R","Defend_R","Defend_R","Defend_R+1","Bash+1","Inflame","Perfected Strike","Pommel Strike+1","Hemokinesis","Shrug It Off","Reckless Charge","Seeing Red","Corruption+1","HandOfGreed","Shrug It Off","Reaper+1","Shockwave","Flex","Warcry+1","Battle Trance+1","Warcry","Flame Barrier","Shrug It Off","Limit Break","Feel No Pain+1","Master of Strategy+1","True Grit+1","Uppercut+1","Shrug It Off+1","Madness","Madness","Clothesline+1","Juggernaut"],"special_seed":0,"relics":["Burning Blood","NeowsBlessing","Paper Frog","Boot","Ancient Tea Set","Dead Branch","Sozu","Smiling Mask","Oddly Smooth Stone","MawBank","Runic Dome","Charon\u0027s Ashes","Regal Pillow","Bronze Scales","Pocketwatch","Kunai","Bottled Tornado","Pen Nib"],"potions_floor_usage":[55],"damage_taken":[{"damage":0.0,"enemies":"Cultist","floor":1.0,"turns":1.0},{"damage":0.0,"enemies":"Jaw Worm","floor":2.0,"turns":1.0},{"damage":0.0,"enemies":"2 Louse","floor":3.0,"turns":1.0},{"damage":18.0,"enemies":"Gremlin Nob","floor":6.0,"turns":4.0},{"damage":32.0,"enemies":"Lagavulin","floor":10.0,"turns":5.0},{"damage":17.0,"enemies":"Large Slime","floor":13.0,"turns":7.0},{"damage":0.0,"enemies":"Slime Boss","floor":16.0,"turns":3.0},{"damage":14.0,"enemies":"Spheric Guardian","floor":18.0,"turns":5.0},{"damage":20.0,"enemies":"3 Byrds","floor":19.0,"turns":7.0},{"damage":21.0,"enemies":"Cultist and Chosen","floor":20.0,"turns":5.0},{"damage":30.0,"enemies":"Chosen and Byrds","floor":22.0,"turns":5.0},{"damage":28.0,"enemies":"Book of Stabbing","floor":24.0,"turns":4.0},{"damage":37.0,"enemies":"Slavers","floor":27.0,"turns":4.0},{"damage":3.0,"enemies":"Book of Stabbing","floor":29.0,"turns":3.0},{"damage":7.0,"enemies":"Snecko","floor":31.0,"turns":5.0},{"damage":16.0,"enemies":"Champ","floor":33.0,"turns":7.0},{"damage":26.0,"enemies":"3 Darklings","floor":35.0,"turns":4.0},{"damage":9.0,"enemies":"3 Shapes","floor":38.0,"turns":2.0},{"damage":5.0,"enemies":"Spire Growth","floor":39.0,"turns":3.0},{"damage":30.0,"enemies":"Reptomancer","floor":40.0,"turns":3.0},{"damage":0.0,"enemies":"Maw","floor":41.0,"turns":4.0},{"damage":0.0,"enemies":"Giant Head","floor":44.0,"turns":3.0},{"damage":0.0,"enemies":"Nemesis","floor":47.0,"turns":3.0},{"damage":5.0,"enemies":"Jaw Worm Horde","floor":48.0,"turns":3.0},{"damage":13.0,"enemies":"Time Eater","floor":50.0,"turns":6.0},{"damage":22,"enemies":"Shield and Spear","floor":54,"turns":2},{"damage":10,"enemies":"The Heart","floor":55,"turns":4}],"seed_played":"-9154400864472496834","potions_obtained":[{"floor":2.0,"key":"Strength Potion"},{"floor":10.0,"key":"SpeedPotion"},{"floor":16.0,"key":"Poison Potion"}],"is_trial":false,"path_per_floor":["M","M","M","?","T","E","$","R","T","E","R","$","M","?","R","B",null,"M","M","M","?","M","R","E","R","T","E","$","E","R","M","R","B",null,"M","?","$","M","M","E","M","R","T","E","?","R","E","M","R","B",null,"R","$","E","B",null],"character_chosen":"IRONCLAD","items_purchased":["Shrug It Off","Reckless Charge","Corruption","HandOfGreed","Warcry","Feel No Pain","Charon\u0027s Ashes","Master of Strategy","Bottled Tornado"],"campfire_rested":3,"item_purchase_floors":[7,7,12,12,28,37,37,37,53],"current_hp_per_floor":[78,80,80,80,80,68,68,68,68,42,42,42,31,15,39,45,71,69,65,64,64,51,51,41,65,65,54,54,57,80,80,80,70,78,74,74,74,80,80,63,75,75,75,80,70,70,76,80,80,80,80,80,80,64,60],"gold":72,"neow_bonus":"THREE_ENEMY_KILL","is_prod":false,"is_daily":false,"chose_seed":false,"campfire_upgraded":7,"win_rate":0,"timestamp":1561753989,"path_taken":["M","M","?","?","?","E","$","R","T","E","R","$","M","?","R","BOSS","M","M","M","?","M","R","E","R","T","E","$","E","R","M","R","BOSS","M","?","?","M","M","E","?","R","T","E","?","R","E","M","R","BOSS","R","$","E","BOSS"],"build_version":"2019-01-23","purchased_purges":3,"victory":true,"max_hp_per_floor":[80,80,80,80,80,80,80,80,80,80,80,80,80,80,80,80,80,80,80,80,80,80,80,80,80,80,80,80,80,80,80,80,80,80,80,80,80,80,80,80,80,80,80,80,80,80,80,80,80,80,80,80,80,80,80],"card_choices":[{"not_picked":["Clash","Reckless Charge"],"picked":"Inflame","floor":1.0},{"not_picked":["Body Slam","Heavy Blade"],"picked":"Perfected Strike","floor":2.0},{"not_picked":["Second Wind","Warcry"],"picked":"Pommel Strike","floor":3.0},{"not_picked":["Berserk","Fire Breathing"],"picked":"Hemokinesis","floor":6.0},{"not_picked":["Inflame","Blood for Blood"],"picked":"Seeing Red","floor":10.0},{"not_picked":["Heavy Blade","Warcry"],"picked":"Shrug It Off","floor":13.0},{"not_picked":["Immolate","Bludgeon"],"picked":"Reaper","floor":16.0},{"not_picked":["Shrug It Off","Seeing Red"],"picked":"Shockwave","floor":18.0},{"not_picked":["Dropkick","Headbutt"],"picked":"Flex","floor":19.0},{"not_picked":["Iron Wave","True Grit"],"picked":"Warcry","floor":20.0},{"not_picked":["Metallicize","Cleave","Dark Embrace"],"picked":"SKIP","floor":22.0},{"not_picked":["Perfected Strike","Uppercut"],"picked":"Battle Trance","floor":24.0},{"not_picked":["Twin Strike","Bludgeon","Thunderclap+1"],"picked":"SKIP","floor":27.0},{"not_picked":["Heavy Blade+1","Inflame"],"picked":"Flame Barrier","floor":29.0},{"not_picked":["Rage","Heavy Blade"],"picked":"Shrug It Off","floor":31.0},{"not_picked":["Double Tap","Reaper"],"picked":"Limit Break","floor":33.0},{"not_picked":["Twin Strike+1","Shrug It Off","Dual Wield"],"picked":"SKIP","floor":35.0},{"not_picked":["Sword Boomerang","Thunderclap","Hemokinesis"],"picked":"SKIP","floor":38.0},{"not_picked":["Cleave","Armaments"],"picked":"True Grit+1","floor":39.0},{"not_picked":["Flame Barrier","Second Wind+1"],"picked":"Uppercut+1","floor":40.0},{"not_picked":["Shockwave","Flex+1"],"picked":"Shrug It Off+1","floor":41.0},{"not_picked":["Shrug It Off+1","Twin Strike+1","Brutality"],"picked":"SKIP","floor":44.0},{"not_picked":["Pommel Strike+1","Armaments+1","Headbutt+1"],"picked":"SKIP","floor":47.0},{"not_picked":["Shrug It Off","Warcry+1"],"picked":"Clothesline+1","floor":48.0},{"not_picked":["Heavy Blade","Perfected Strike"],"picked":"Juggernaut","floor":54}],"player_experience":237460,"relics_obtained":[{"floor":5.0,"key":"Paper Frog"},{"floor":6.0,"key":"Boot"},{"floor":9.0,"key":"Ancient Tea Set"},{"floor":10.0,"key":"Dead Branch"},{"floor":24.0,"key":"Smiling Mask"},{"floor":27.0,"key":"Oddly Smooth Stone"},{"floor":29.0,"key":"MawBank"},{"floor":40.0,"key":"Regal Pillow"},{"floor":43.0,"key":"Bronze Scales"},{"floor":44.0,"key":"Pocketwatch"},{"floor":47.0,"key":"Kunai"},{"floor":54,"key":"Pen Nib"}],"event_choices":[{"damage_healed":0.0,"max_hp_gain":0.0,"max_hp_loss":0.0,"gold_gain":175.0,"event_name":"Liars Game","player_choice":"AGREE","floor":4.0,"gold_loss":0.0,"damage_taken":0.0,"cards_obtained":["Doubt"]},{"damage_healed":0.0,"max_hp_gain":0.0,"max_hp_loss":0.0,"gold_gain":0.0,"event_name":"Shining Light","player_choice":"Entered Light","floor":14.0,"gold_loss":0.0,"damage_taken":16.0,"cards_upgraded":["Strike_R","Defend_R"]},{"damage_healed":0.0,"max_hp_gain":0.0,"max_hp_loss":0.0,"gold_gain":99.0,"event_name":"Nest","player_choice":"Stole From Cult","floor":21.0,"gold_loss":0.0,"damage_taken":0.0},{"cards_removed":["Strike_R"],"damage_healed":0.0,"max_hp_gain":0.0,"max_hp_loss":0.0,"gold_gain":0.0,"event_name":"Designer","player_choice":"Upgrade and Remove","floor":36.0,"gold_loss":90.0,"damage_taken":0.0,"cards_upgraded":["Reaper"]},{"damage_healed":0.0,"max_hp_gain":0.0,"max_hp_loss":0.0,"gold_gain":0.0,"event_name":"Winding Halls","player_choice":"Embrace Madness","floor":45.0,"gold_loss":0.0,"damage_taken":10.0,"cards_obtained":["Madness","Madness"]}],"is_beta":false,"boss_relics":[{"not_picked":["Coffee Dripper","Ectoplasm"],"picked":"Sozu"},{"not_picked":["Black Star","White Beast Statue"],"picked":"Runic Dome"}],"items_purged_floors":[7,28,37],"is_endless":false,"potions_floor_spawned":[2,10,16,18,19,24,27,29,41,44,48],"ascension_level":11}