{"gold_per_floor":[111,111,286,286,298,298,313,313,313,338,338,373,245,260,260,355,355,368,388,408,408,458],"floor_reached":22,"playtime":716,"items_purged":[],"score":252,"play_id":"01ebb2cc-4f94-4e70-81d5-689a6b41ed7b","local_time":"20190929001208","is_ascension_mode":true,"campfire_choices":[{"data":"Hemokinesis","floor":6,"key":"SMITH"},{"data":"Bash","floor":8,"key":"SMITH"},{"data":"Armaments","floor":11,"key":"SMITH"},{"floor":15,"key":"REST"}],"neow_cost":"NONE","seed_source_timestamp":543247389426499,"circlet_count":0,"master_deck":["Strike_R","Strike_R","Strike_R","Strike_R","Defend_R","Defend_R","Defend_R","Defend_R","Bash+1","Berserk","Hemokinesis+1","Doubt","Cleave","Evolve","Armaments+1","Clothesline","Offering","Warcry","Flex+1","True Grit"],"relics":["Burning Blood","Red Skull","Nunchaku","Unceasing Top","Lantern","Mercury Hourglass","Kunai","Sozu","SsserpentHead"],"potions_floor_usage":[12,14,22],"damage_taken":[{"damage":0,"enemies":"Cultist","floor":1,"turns":3},{"damage":6,"enemies":"Jaw Worm","floor":5,"turns":3},{"damage":4,"enemies":"2 Louse","floor":7,"turns":3},{"damage":41,"enemies":"3 Sentries","floor":10,"turns":6},{"damage":34,"enemies":"Gremlin Nob","floor":12,"turns":4},{"damage":13,"enemies":"Exordium Thugs","floor":14,"turns":3},{"damage":24,"enemies":"The Guardian","floor":16,"turns":12},{"damage":36,"enemies":"Shell Parasite","floor":18,"turns":4},{"damage":11,"enemies":"Chosen","floor":19,"turns":2},{"damage":27,"enemies":"Centurion and Healer","floor":20,"turns":4},{"damage":11,"enemies":"Snake Plant","floor":22,"turns":2}],"seed_played":"-4518509047975999885","potions_obtained":[{"floor":1,"key":"FearPotion"},{"floor":10,"key":"Regen Potion"},{"floor":16,"key":"EssenceOfSteel"}],"is_trial":false,"path_per_floor":["M","T","?","T","M","R","M","R","T","E","R","E","?","M","R","B",null,"M","M","M","?","M"],"character_chosen":"IRONCLAD","items_purchased":[],"campfire_rested":1,"item_purchase_floors":[],"current_hp_per_floor":[78,78,78,78,78,78,80,80,80,45,45,17,17,10,34,16,64,34,29,8,8,0],"gold":458,"neow_bonus":"TRANSFORM_CARD","is_prod":false,"is_daily":false,"chose_seed":false,"campfire_upgraded":3,"win_rate":0,"timestamp":1569683528,"path_taken":["M","?","?","?","M","R","M","R","T","E","R","E","?","M","R","BOSS","M","M","M","?","?"],"build_version":"2019-07-17","purchased_purges":0,"victory":false,"max_hp_per_floor":[80,80,80,80,80,80,80,80,80,80,80,80,80,80,80,80,80,80,80,80,80,80],"card_choices":[{"not_picked":["Shrug It Off","Clash"],"picked":"Hemokinesis","floor":1},{"not_picked":["Shrug It Off","Sword Boomerang"],"picked":"Cleave","floor":5},{"not_picked":["Power Through","Anger"],"picked":"Evolve","floor":7},{"not_picked":["Warcry","Blood for Blood"],"picked":"Armaments","floor":10},{"not_picked":["True Grit","Combust"],"picked":"Clothesline","floor":12},{"not_picked":["Clash","Havoc","Hemokinesis"],"picked":"SKIP","floor":14},{"not_picked":["Dark Embrace","Brutality"],"picked":"Offering","floor":16},{"not_picked":["Sword Boomerang","Dropkick"],"picked":"Warcry","floor":18},{"not_picked":["Wild Strike","Havoc"],"picked":"Flex+1","floor":19},{"not_picked":["Infernal Blade","Headbutt+1"],"picked":"True Grit","floor":20}],"player_experience":522261,"relics_obtained":[{"floor":2,"key":"Red Skull"},{"floor":4,"key":"Nunchaku"},{"floor":9,"key":"Unceasing Top"},{"floor":10,"key":"Lantern"},{"floor":12,"key":"Mercury Hourglass"}],"event_choices":[{"damage_healed":0,"gold_gain":175,"player_choice":"AGREE","damage_taken":0,"max_hp_gain":0,"max_hp_loss":0,"event_name":"Liars Game","floor":3,"gold_loss":0,"cards_obtained":["Doubt"]},{"damage_healed":0,"gold_gain":0,"player_choice":"Paid Gold","damage_taken":0,"relics_obtained":["Kunai"],"max_hp_gain":0,"max_hp_loss":0,"event_name":"WeMeetAgain","floor":13,"gold_loss":128},{"damage_healed":0,"gold_gain":0,"player_choice":"Trade","damage_taken":0,"relics_obtained":["SsserpentHead"],"max_hp_gain":0,"max_hp_loss":0,"event_name":"FaceTrader","floor":21,"gold_loss":0}],"is_beta":false,"boss_relics":[{"not_picked":["Snecko Eye","Orrery"],"picked":"Sozu"}],"items_purged_floors":[],"is_endless":false,"potions_floor_spawned":[1,10,16,20],"killed_by":"Snake Plant","ascension_level":6}