{"gold_per_floor":[109,109,125,138,148,148,67,96,145,156,156,166,186,186,186,283,283,283,283,283,283,131,131,131,131,131,131,131,131,131,81,81,81,81,81,81,81,9,9,9,9,9,9,9,9,9,9,9,9,9],"floor_reached":50,"playtime":1824,"items_purged":["Strike_G"],"score":696,"play_id":"9d08f30d-8759-4952-9186-1679eaaebe50","local_time":"20191025201852","is_ascension_mode":true,"campfire_choices":[{"data":"Cloak And Dagger","floor":6.0,"key":"SMITH"},{"data":"Venomology","floor":11.0,"key":"SMITH"},{"floor":15.0,"key":"REST"},{"floor":23.0,"key":"REST"},{"floor":27.0,"key":"REST"},{"data":"Footwork","floor":32.0,"key":"SMITH"},{"data":"Envenom","floor":40.0,"key":"SMITH"},{"data":"Adrenaline","floor":42.0,"key":"SMITH"},{"data":"Cloak And Dagger","floor":46.0,"key":"SMITH"},{"floor":49.0,"key":"REST"}],"neow_cost":"NONE","seed_source_timestamp":94081469442100,"circlet_count":0,"master_deck":["AscendersBane","Strike_G+1","Strike_G+1","Strike_G+1","Defend_G","Defend_G","Defend_G","Defend_G+1","Defend_G","Survivor","Neutralize","Poisoned Stab","Cloak And Dagger+1","Caltrops","Venomology+1","Bane","Terror","Escape Plan","Venomology","Adrenaline+1","Footwork+1","Cloak And Dagger+1","Leg Sweep","Envenom+1","Madness","Madness","Noxious Fumes","Backflip+1"],"special_seed":0,"relics":["Ring of the Snake","Whetstone","Shuriken","Vajra","Ectoplasm","Orichalcum","Pantograph","MawBank","SlaversCollar","Bottled Lightning","Potion Belt"],"potions_floor_usage":[50,50,50,50,50,50,50],"damage_taken":[{"damage":1.0,"enemies":"2 Louse","floor":1.0,"turns":3.0},{"damage":0.0,"enemies":"Small Slimes","floor":3.0,"turns":2.0},{"damage":0.0,"enemies":"Jaw Worm","floor":4.0,"turns":4.0},{"damage":6.0,"enemies":"Blue Slaver","floor":5.0,"turns":4.0},{"damage":28.0,"enemies":"Lagavulin","floor":8.0,"turns":7.0},{"damage":1.0,"enemies":"Looter","floor":10.0,"turns":3.0},{"damage":0.0,"enemies":"Exordium Wildlife","floor":12.0,"turns":3.0},{"damage":0.0,"enemies":"3 Louse","floor":13.0,"turns":4.0},{"damage":20.0,"enemies":"Hexaghost","floor":16.0,"turns":8.0},{"damage":12.0,"enemies":"Shell Parasite","floor":18.0,"turns":4.0},{"damage":0.0,"enemies":"Chosen","floor":19.0,"turns":4.0},{"damage":39.0,"enemies":"Slavers","floor":24.0,"turns":5.0},{"damage":5.0,"enemies":"Snecko","floor":28.0,"turns":4.0},{"damage":7.0,"enemies":"Cultist and Chosen","floor":29.0,"turns":5.0},{"damage":5.0,"enemies":"3 Cultists","floor":30.0,"turns":5.0},{"damage":19.0,"enemies":"Champ","floor":33.0,"turns":13.0},{"damage":11.0,"enemies":"3 Shapes","floor":35.0,"turns":10.0},{"damage":0.0,"enemies":"3 Darklings","floor":36.0,"turns":5.0},{"damage":18.0,"enemies":"Spire Growth","floor":41.0,"turns":6.0},{"damage":12.0,"enemies":"Jaw Worm Horde","floor":44.0,"turns":5.0},{"damage":0.0,"enemies":"Maw","floor":47.0,"turns":4.0},{"damage":78,"enemies":"Donu and Deca","floor":50,"turns":9}],"seed_played":"-5342212751759640512","potions_obtained":[{"floor":3.0,"key":"Poison Potion"},{"floor":13.0,"key":"Explosive Potion"},{"floor":16.0,"key":"SpeedPotion"},{"floor":18.0,"key":"FearPotion"},{"floor":19.0,"key":"PowerPotion"},{"floor":30.0,"key":"DistilledChaos"},{"floor":36.0,"key":"Dexterity Potion"},{"floor":41.0,"key":"Fire Potion"}],"is_trial":false,"path_per_floor":["M","?","M","M","M","R","$","E","T","M","R","M","M","?","R","B",null,"M","M","?","?","$","R","E","T","T","R","M","M","M","$","R","B",null,"M","M","?","$","?","R","M","R","T","M","$","R","M","T","R","B"],"character_chosen":"THE_SILENT","items_purchased":["Venomology","Footwork","BlessingOfTheForge","Noxious Fumes"],"campfire_rested":4,"item_purchase_floors":[7,22,31,38],"current_hp_per_floor":[62,55,55,55,49,49,49,21,21,20,20,20,20,6,27,7,54,42,42,42,42,42,63,24,24,24,45,40,33,28,28,28,34,61,64,64,55,55,55,55,51,51,51,39,39,39,39,39,60,0],"gold":9,"neow_bonus":"RANDOM_COMMON_RELIC","is_prod":false,"is_daily":false,"chose_seed":false,"campfire_upgraded":6,"win_rate":0,"timestamp":1572027532,"path_taken":["M","?","M","M","M","R","$","E","T","M","R","M","M","?","R","BOSS","M","M","?","?","$","R","E","?","T","R","M","M","M","$","R","BOSS","M","M","?","$","?","R","M","R","T","M","?","R","M","?","R","BOSS"],"build_version":"2019-10-25-V2","purchased_purges":1,"victory":false,"max_hp_per_floor":[70,70,70,70,70,70,70,70,70,70,70,70,70,70,70,70,70,70,70,70,70,70,70,70,70,70,70,70,70,70,70,70,70,70,70,70,70,70,70,70,70,70,70,70,70,70,70,70,70,70],"card_choices":[{"not_picked":["Dagger Throw","Crippling Poison"],"picked":"Poisoned Stab","floor":1.0},{"not_picked":["Eviscerate","Flechettes","Outmaneuver"],"picked":"SKIP","floor":3.0},{"not_picked":["Bane","Poisoned Stab"],"picked":"Cloak And Dagger","floor":4.0},{"not_picked":["Escape Plan","Dagger Spray"],"picked":"Caltrops","floor":5.0},{"not_picked":["Endless Agony","Skewer"],"picked":"Bane","floor":8.0},{"not_picked":["Dodge and Roll","Deadly Poison","Deflect"],"picked":"SKIP","floor":10.0},{"not_picked":["Skewer","Catalyst"],"picked":"Terror","floor":12.0},{"not_picked":["Backstab","Underhanded Strike"],"picked":"Escape Plan","floor":13.0},{"not_picked":["Phantasmal Killer","Tools of the Trade"],"picked":"Venomology","floor":16.0},{"not_picked":["Slice","Dagger Throw","Prepared"],"picked":"SKIP","floor":18.0},{"not_picked":["Escape Plan","Dagger Spray+1"],"picked":"Adrenaline","floor":19.0},{"not_picked":["Blur","Sucker Punch+1"],"picked":"Cloak And Dagger","floor":24.0},{"not_picked":["Poisoned Stab","Predator"],"picked":"Leg Sweep","floor":28.0},{"not_picked":["Finisher","Outmaneuver","Poisoned Stab"],"picked":"SKIP","floor":30.0},{"not_picked":["Burst","Grand Finale"],"picked":"Envenom","floor":33.0},{"not_picked":["Sucker Punch+1","Backflip","Bane+1"],"picked":"SKIP","floor":35.0},{"not_picked":["Caltrops","Sucker Punch","Dodge and Roll"],"picked":"SKIP","floor":36.0},{"not_picked":["Endless Agony+1","Poisoned Stab"],"picked":"Backflip+1","floor":41.0},{"not_picked":["Bouncing Flask","Bane","Poisoned Stab+1"],"picked":"SKIP","floor":44.0}],"player_experience":514554,"relics_obtained":[{"floor":8.0,"key":"Shuriken"},{"floor":9.0,"key":"Vajra"},{"floor":24.0,"key":"Orichalcum"},{"floor":25.0,"key":"Pantograph"},{"floor":26.0,"key":"MawBank"},{"floor":43.0,"key":"Bottled Lightning"},{"floor":48.0,"key":"Potion Belt"}],"event_choices":[{"cards_removed":["Strike_G"],"damage_healed":0.0,"max_hp_gain":0.0,"max_hp_loss":0.0,"gold_gain":0.0,"event_name":"Golden Wing","player_choice":"Card Removal","floor":2.0,"gold_loss":0.0,"damage_taken":7.0},{"damage_healed":0.0,"max_hp_gain":0.0,"max_hp_loss":0.0,"gold_gain":0.0,"event_name":"Shining Light","player_choice":"Entered Light","floor":14.0,"gold_loss":0.0,"damage_taken":14.0,"cards_upgraded":["Strike_G","Defend_G"]},{"damage_healed":0.0,"max_hp_gain":0.0,"max_hp_loss":0.0,"gold_gain":0.0,"event_name":"Ghosts","player_choice":"Ignored","floor":20.0,"gold_loss":0.0,"damage_taken":0.0},{"damage_healed":0.0,"max_hp_gain":0.0,"max_hp_loss":0.0,"gold_gain":0.0,"event_name":"Cursed Tome","player_choice":"Ignored","floor":21.0,"gold_loss":0.0,"damage_taken":0.0},{"damage_healed":0.0,"max_hp_gain":0.0,"max_hp_loss":0.0,"gold_gain":0.0,"event_name":"Winding Halls","player_choice":"Embrace Madness","floor":37.0,"gold_loss":0.0,"damage_taken":9.0,"cards_obtained":["Madness","Madness"]},{"damage_healed":0.0,"max_hp_gain":0.0,"max_hp_loss":0.0,"gold_gain":0.0,"event_name":"Mysterious Sphere","player_choice":"Ignored","floor":39.0,"gold_loss":0.0,"damage_taken":0.0}],"is_beta":true,"boss_relics":[{"not_picked":["Ring of the Serpent","Calling Bell"],"picked":"Ectoplasm"},{"not_picked":["HoveringKite","Empty Cage"],"picked":"SlaversCollar"}],"items_purged_floors":[22],"is_endless":false,"potions_floor_spawned":[3,13,16,18,19,30,36,41],"killed_by":"Donu and Deca","ascension_level":10}