{"gold_per_floor":[211,221,296,312,312,312,332,332,332,332,343,47,47,59,59,136,136,153,170,30,48,48,48,66,66,137,137,137,169,81,81,81,158,158,172,394,115,131,146,146,173,192,192,192,192],"floor_reached":45,"playtime":2248,"items_purged":["Strike_R","Strike_R"],"score":890,"play_id":"9b36c089-1371-44b4-a251-9313ccb46bf2","local_time":"20191012193644","is_ascension_mode":true,"campfire_choices":[{"data":"Intimidate","floor":6.0,"key":"SMITH"},{"data":"Twin Strike","floor":8.0,"key":"SMITH"},{"data":"Immolate","floor":15.0,"key":"SMITH"},{"data":"Uppercut","floor":23.0,"key":"SMITH"},{"data":"True Grit","floor":25.0,"key":"SMITH"},{"floor":32.0,"key":"REST"},{"floor":40.0,"key":"REST"}],"neow_cost":"NONE","seed_source_timestamp":0,"circlet_count":0,"master_deck":["AscendersBane","Strike_R+1","Strike_R+1","Strike_R+1","Defend_R+1","Defend_R+1","Defend_R+1","Defend_R+1","Bash","Battle Trance","Intimidate+1","True Grit+1","Twin Strike+1","True Grit+1","Intimidate+1","Immolate+1","Impervious","Shockwave+1","Combust+1","Uppercut+1","Intimidate+1","Rupture","Feel No Pain","Offering","Burning Pact+1","Evolve+1","Spot Weakness+1","Clumsy","Panacea"],"special_seed":0,"relics":["Burning Blood","Juzu Bracelet","DollysMirror","Cursed Key","Mummified Hand","Spirit Poop","Red Mask","Mark of Pain","Anchor","Mercury Hourglass","Sundial"],"potions_floor_usage":[45,45],"damage_taken":[{"damage":9.0,"enemies":"Jaw Worm","floor":1.0,"turns":4.0},{"damage":4.0,"enemies":"Small Slimes","floor":2.0,"turns":4.0},{"damage":9.0,"enemies":"2 Louse","floor":4.0,"turns":4.0},{"damage":3.0,"enemies":"Looter","floor":7.0,"turns":5.0},{"damage":10.0,"enemies":"Red Slaver","floor":11.0,"turns":3.0},{"damage":2.0,"enemies":"Blue Slaver","floor":14.0,"turns":4.0},{"damage":27.0,"enemies":"The Guardian","floor":16.0,"turns":16.0},{"damage":8.0,"enemies":"2 Thieves","floor":18.0,"turns":4.0},{"damage":15.0,"enemies":"Shell Parasite","floor":19.0,"turns":7.0},{"damage":20.0,"enemies":"Centurion and Healer","floor":21.0,"turns":6.0},{"damage":10.0,"enemies":"Chosen and Byrds","floor":24.0,"turns":5.0},{"damage":14.0,"enemies":"Masked Bandits","floor":29.0,"turns":5.0},{"damage":35.0,"enemies":"Collector","floor":33.0,"turns":7.0},{"damage":23.0,"enemies":"3 Darklings","floor":35.0,"turns":6.0},{"damage":6.0,"enemies":"Orb Walker","floor":38.0,"turns":4.0},{"damage":18.0,"enemies":"3 Darklings","floor":39.0,"turns":6.0},{"damage":50.0,"enemies":"Reptomancer","floor":41.0,"turns":7.0},{"damage":10.0,"enemies":"Maw","floor":42.0,"turns":7.0},{"damage":9,"enemies":"Sphere and 2 Shapes","floor":45,"turns":2}],"seed_played":"-150682558351704327","potions_obtained":[{"floor":1.0,"key":"Strength Potion"},{"floor":4.0,"key":"Weak Potion"},{"floor":14.0,"key":"EssenceOfSteel"},{"floor":38.0,"key":"Ancient Potion"},{"floor":39.0,"key":"Weak Potion"},{"floor":42.0,"key":"Explosive Potion"}],"is_trial":false,"path_per_floor":["M","M","?","M","?","R","M","R","T","?","M","$","$","M","R","B",null,"M","M","$","M","?","R","M","R","T","?","?","?","$","?","R","B",null,"M","?","$","M","M","R","E","M","T","?","M"],"character_chosen":"IRONCLAD","items_purchased":["DollysMirror","Uppercut","Feel No Pain","Anchor","EntropicBrew"],"campfire_rested":2,"item_purchase_floors":[12,20,30,37,37],"current_hp_per_floor":[65,67,56,53,53,53,56,56,56,56,52,52,52,56,56,35,65,63,54,54,40,40,40,36,36,36,36,36,28,28,28,50,21,62,45,45,45,45,33,55,11,7,7,7,0],"gold":192,"neow_bonus":"HUNDRED_GOLD","is_prod":false,"is_daily":false,"chose_seed":false,"campfire_upgraded":5,"win_rate":0,"timestamp":1570927004,"path_taken":["M","M","?","M","?","R","M","R","T","?","M","?","$","M","R","BOSS","M","M","$","M","?","R","M","R","T","?","?","?","$","?","R","BOSS","M","?","?","M","M","R","E","M","T","?","M"],"build_version":"2019-07-17","purchased_purges":2,"victory":false,"max_hp_per_floor":[75,75,75,75,75,75,75,75,75,75,75,75,75,75,75,75,75,75,75,75,75,75,75,75,75,75,75,75,75,75,75,75,75,75,75,75,75,75,75,75,75,75,75,75,75],"card_choices":[{"not_picked":["Infernal Blade","Uppercut"],"picked":"Battle Trance","floor":1.0},{"not_picked":["Thunderclap","Body Slam"],"picked":"Intimidate","floor":2.0},{"not_picked":["Sword Boomerang","Perfected Strike"],"picked":"True Grit","floor":4.0},{"not_picked":["Whirlwind","Thunderclap"],"picked":"Twin Strike","floor":7.0},{"not_picked":["Body Slam","Clothesline"],"picked":"True Grit","floor":11.0},{"not_picked":["Whirlwind","Searing Blow"],"picked":"Immolate","floor":14.0},{"not_picked":["Juggernaut","Fiend Fire"],"picked":"Impervious","floor":16.0},{"not_picked":["Shrug It Off","Whirlwind+1"],"picked":"Shockwave+1","floor":18.0},{"not_picked":["Whirlwind","True Grit"],"picked":"Combust+1","floor":19.0},{"not_picked":["Flex","Cleave","Iron Wave"],"picked":"SKIP","floor":21.0},{"not_picked":["Cleave","Dual Wield"],"picked":"Intimidate+1","floor":24.0},{"not_picked":["Cleave","Warcry"],"picked":"Rupture","floor":29.0},{"not_picked":["Brutality","Juggernaut"],"picked":"Offering","floor":33.0},{"not_picked":["True Grit","Rage","Cleave"],"picked":"SKIP","floor":35.0},{"not_picked":["Shrug It Off","Pommel Strike"],"picked":"Burning Pact+1","floor":38.0},{"not_picked":["Cleave","Ghostly Armor","Wild Strike"],"picked":"SKIP","floor":39.0},{"not_picked":["Heavy Blade","Twin Strike"],"picked":"Evolve+1","floor":41.0},{"not_picked":["Cleave","Anger"],"picked":"Spot Weakness+1","floor":42.0},{"not_picked":["Transmutation","Mayhem"],"picked":"Panacea","floor":44.0}],"player_experience":327241,"relics_obtained":[{"floor":9.0,"key":"Juzu Bracelet"},{"floor":26.0,"key":"Mummified Hand"},{"floor":29.0,"key":"Red Mask"},{"floor":41.0,"key":"Mercury Hourglass"},{"floor":43.0,"key":"Sundial"}],"event_choices":[{"damage_healed":0.0,"max_hp_gain":0.0,"max_hp_loss":0.0,"gold_gain":75.0,"event_name":"World of Goop","player_choice":"Gather Gold","floor":3.0,"gold_loss":0.0,"damage_taken":11.0},{"damage_healed":0.0,"max_hp_gain":0.0,"max_hp_loss":0.0,"gold_gain":0.0,"event_name":"Living Wall","player_choice":"Grow","floor":5.0,"gold_loss":0.0,"damage_taken":0.0,"cards_upgraded":["True Grit"]},{"damage_healed":0.0,"max_hp_gain":0.0,"max_hp_loss":0.0,"gold_gain":0.0,"event_name":"Liars Game","player_choice":"Ignored","floor":10.0,"gold_loss":0.0,"damage_taken":0.0},{"damage_healed":0.0,"max_hp_gain":0.0,"max_hp_loss":0.0,"gold_gain":0.0,"event_name":"Back to Basics","player_choice":"Simplicity","floor":22.0,"gold_loss":0.0,"damage_taken":0.0,"cards_upgraded":["Strike_R","Strike_R","Strike_R","Defend_R","Defend_R","Defend_R","Defend_R"]},{"cards_removed":["Regret"],"damage_healed":0.0,"max_hp_gain":0.0,"max_hp_loss":0.0,"gold_gain":0.0,"event_name":"Bonfire Elementals","player_choice":"Offered Curse","floor":27.0,"gold_loss":0.0,"damage_taken":0.0,"relics_obtained":["Spirit Poop"]},{"damage_healed":0.0,"max_hp_gain":0.0,"max_hp_loss":0.0,"gold_gain":0.0,"event_name":"The Mausoleum","player_choice":"Ignored","floor":28.0,"gold_loss":0.0,"damage_taken":0.0},{"damage_healed":0.0,"max_hp_gain":0.0,"max_hp_loss":0.0,"gold_gain":0.0,"event_name":"Masked Bandits","player_choice":"Fought Bandits","floor":29.0,"gold_loss":0.0,"damage_taken":0.0},{"damage_healed":0.0,"max_hp_gain":0.0,"max_hp_loss":0.0,"gold_gain":0.0,"event_name":"Vampires","player_choice":"Ignored","floor":31.0,"gold_loss":0.0,"damage_taken":0.0},{"damage_healed":0.0,"max_hp_gain":0.0,"max_hp_loss":0.0,"gold_gain":222.0,"event_name":"Tomb of Lord Red Mask","player_choice":"Wore Mask","floor":36.0,"gold_loss":0.0,"damage_taken":0.0},{"damage_healed":0.0,"max_hp_gain":0.0,"max_hp_loss":0.0,"gold_gain":0.0,"event_name":"SensoryStone","player_choice":"Memory 1","floor":44.0,"gold_loss":0.0,"damage_taken":0.0}],"is_beta":false,"boss_relics":[{"not_picked":["Tiny House","Lizard Tail"],"picked":"Cursed Key"},{"not_picked":["Coffee Dripper","Empty Cage"],"picked":"Mark of Pain"}],"items_purged_floors":[12,20],"is_endless":false,"potions_floor_spawned":[1,4,14,16,19,29,38,39,42],"killed_by":"Sphere and 2 Shapes","ascension_level":20}