{"gold_per_floor":[111,111,126,141,154,185,185,201,201,201,201,155,190,203,203,329,329,342,257,40,40,54,54,98,62,86,86,106,106,125,125,125,125],"floor_reached":33,"playtime":1670,"items_purged":["Strike_G"],"score":399,"play_id":"bb7cda34-6701-4e37-86c5-817170c3295a","local_time":"20191011143837","is_ascension_mode":true,"campfire_choices":[{"floor":7,"key":"REST"},{"data":"Crippling Poison","floor":10,"key":"SMITH"},{"floor":15,"key":"REST"},{"data":"Blind","floor":23,"key":"SMITH"},{"floor":27,"key":"REST"},{"floor":32,"key":"REST"}],"neow_cost":"NONE","seed_source_timestamp":51912238906900,"circlet_count":0,"master_deck":["Strike_G+1","Strike_G+1","Strike_G+1","Strike_G+1","Defend_G+1","Defend_G+1","Defend_G+1","Defend_G+1","Defend_G+1","Survivor","Neutralize","Noxious Fumes","Crippling Poison+1","PiercingWail","Backflip","Well Laid Plans","Backflip","Unload","Underhanded Strike","Blind+1","Deadly Poison","Tactician","Adrenaline"],"relics":["Ring of the Snake","Bloody Idol","Blood Vial","Blue Candle","Matryoshka","Sozu","Ornamental Fan","Art of War","PreservedInsect","Anchor"],"potions_floor_usage":[1,16,24],"damage_taken":[{"damage":2,"enemies":"Jaw Worm","floor":1,"turns":5},{"damage":0,"enemies":"Cultist","floor":3,"turns":5},{"damage":2,"enemies":"2 Louse","floor":4,"turns":4},{"damage":3,"enemies":"Lots of Slimes","floor":5,"turns":4},{"damage":20,"enemies":"Lagavulin","floor":6,"turns":10},{"damage":5,"enemies":"3 Louse","floor":8,"turns":4},{"damage":20,"enemies":"3 Sentries","floor":13,"turns":6},{"damage":13,"enemies":"Large Slime","floor":14,"turns":7},{"damage":21,"enemies":"Hexaghost","floor":16,"turns":15},{"damage":13,"enemies":"Chosen","floor":18,"turns":5},{"damage":11,"enemies":"Shell Parasite","floor":22,"turns":7},{"damage":26,"enemies":"Book of Stabbing","floor":24,"turns":8},{"damage":21,"enemies":"Snake Plant","floor":28,"turns":5},{"damage":10,"enemies":"Shelled Parasite and Fungi","floor":30,"turns":5},{"damage":33,"enemies":"Automaton","floor":33,"turns":6}],"seed_played":"-8320731735834149653","potions_obtained":[{"floor":1,"key":"Fruit Juice"},{"floor":5,"key":"Block Potion"},{"floor":8,"key":"SteroidPotion"},{"floor":13,"key":"Weak Potion"},{"floor":16,"key":"Energy Potion"}],"is_trial":false,"path_per_floor":["M","?","M","M","M","E","R","M","T","R","?","$","E","M","R","B",null,"M","?","$","?","M","R","E","$","T","R","M","?","M","?","R","B"],"character_chosen":"THE_SILENT","items_purchased":["Backflip","Underhanded Strike","Blind","Tactician"],"campfire_rested":4,"item_purchase_floors":[12,20,20,25],"current_hp_per_floor":[66,48,48,46,43,23,45,42,42,42,42,42,24,13,35,16,60,49,49,49,42,33,33,9,9,9,31,12,12,9,9,31,0],"gold":125,"neow_bonus":"THREE_CARDS","is_prod":false,"is_daily":false,"chose_seed":false,"campfire_upgraded":2,"win_rate":0,"timestamp":1570772317,"path_taken":["M","?","M","M","M","E","R","M","T","R","?","$","E","?","R","BOSS","M","?","$","?","M","R","E","$","T","R","?","?","M","?","R","BOSS"],"build_version":"2019-10-10","purchased_purges":1,"victory":false,"max_hp_per_floor":[75,75,75,75,75,75,75,75,75,75,75,75,75,75,75,75,75,75,75,75,75,75,75,75,75,75,75,75,75,75,75,75,75],"card_choices":[{"not_picked":["Quick Slash","PiercingWail"],"picked":"Noxious Fumes","floor":0},{"not_picked":["Escape Plan","Cloak And Dagger"],"picked":"Crippling Poison","floor":1},{"not_picked":["Flying Knee","Underhanded Strike"],"picked":"PiercingWail","floor":3},{"not_picked":["Flechettes","Dagger Throw","Finisher"],"picked":"SKIP","floor":4},{"not_picked":["Quick Slash","All Out Attack","PiercingWail"],"picked":"SKIP","floor":5},{"not_picked":["Quick Slash","Tools of the Trade"],"picked":"Backflip","floor":6},{"not_picked":["Prepared","Concentrate","PiercingWail"],"picked":"SKIP","floor":8},{"not_picked":["Storm of Steel","Prepared","Slice"],"picked":"SKIP","floor":13},{"not_picked":["Outmaneuver","Infinite Blades","Masterful Stab"],"picked":"SKIP","floor":14},{"not_picked":["Phantasmal Killer","Tools of the Trade"],"picked":"Unload","floor":16},{"not_picked":["Flying Knee","Bane","Acrobatics+1"],"picked":"SKIP","floor":18},{"not_picked":["Outmaneuver","Calculated Gamble","Dagger Spray+1"],"picked":"SKIP","floor":22},{"not_picked":["Poisoned Stab","Leg Sweep+1"],"picked":"Deadly Poison","floor":24},{"not_picked":["Catalyst","Slice+1","Quick Slash"],"picked":"SKIP","floor":28},{"not_picked":["Blade Dance","Flying Knee"],"picked":"Adrenaline","floor":30}],"player_experience":645237,"relics_obtained":[{"floor":6,"key":"Blood Vial"},{"floor":9,"key":"Blue Candle"},{"floor":13,"key":"Matryoshka"},{"floor":24,"key":"Art of War"},{"floor":26,"key":"PreservedInsect"},{"floor":26,"key":"Anchor"}],"event_choices":[{"damage_healed":0,"gold_gain":0,"player_choice":"Take Damage","damage_taken":18,"relics_obtained":["Golden Idol"],"max_hp_gain":0,"max_hp_loss":0,"event_name":"Golden Idol","floor":2,"gold_loss":0},{"damage_healed":0,"gold_gain":0,"player_choice":"1 cards matched","damage_taken":0,"max_hp_gain":0,"max_hp_loss":0,"event_name":"Match and Keep!","floor":11,"gold_loss":0,"cards_obtained":["Well Laid Plans"]},{"damage_healed":0,"gold_gain":0,"player_choice":"Obtained Relic","damage_taken":0,"relics_obtained":["Ornamental Fan"],"max_hp_gain":0,"max_hp_loss":0,"event_name":"Addict","floor":19,"gold_loss":85},{"damage_healed":0,"gold_gain":0,"player_choice":"Damaged","damage_taken":7,"max_hp_gain":0,"max_hp_loss":0,"event_name":"Wheel of Change","floor":21,"gold_loss":0},{"damage_healed":0,"gold_gain":0,"player_choice":"Gave Idol","damage_taken":0,"relics_obtained":["Bloody Idol"],"max_hp_gain":0,"max_hp_loss":0,"event_name":"Forgotten Altar","floor":29,"relics_lost":["Golden Idol"],"gold_loss":0},{"damage_healed":0,"gold_gain":0,"player_choice":"Simplicity","damage_taken":0,"max_hp_gain":0,"max_hp_loss":0,"event_name":"Back to Basics","floor":31,"gold_loss":0,"cards_upgraded":["Strike_G","Strike_G","Strike_G","Strike_G","Defend_G","Defend_G","Defend_G","Defend_G","Defend_G"]}],"is_beta":true,"boss_relics":[{"not_picked":["Busted Crown","WristBlade"],"picked":"Sozu"}],"items_purged_floors":[20],"is_endless":false,"potions_floor_spawned":[1,5,8,13,16,22,24],"killed_by":"Automaton","ascension_level":9}