{"gold_per_floor":[111,126,51,61,79,79,4,32,58,58,70,70,90,120,120,193,243,263,281,297,316,49,49,81,81,105,105,133,148,248,280,280,280],"floor_reached":33,"playtime":1354,"items_purged":["Strike_R"],"score":571,"play_id":"e9348c2a-1e1c-4250-b375-6c3146b01dce","local_time":"20190927232258","is_ascension_mode":true,"campfire_choices":[{"data":"Pummel","floor":6.0,"key":"SMITH"},{"data":"Flex","floor":10.0,"key":"SMITH"},{"floor":15.0,"key":"RECALL"},{"floor":23.0,"key":"REST"},{"floor":25.0,"key":"REST"},{"data":"Pummel","floor":27.0,"key":"SMITH"},{"data":"Whirlwind","floor":32.0,"key":"SMITH"}],"neow_cost":"NONE","seed_source_timestamp":0,"circlet_count":0,"master_deck":["AscendersBane","Strike_R","Strike_R","Strike_R","Defend_R","Defend_R","Defend_R+1","Defend_R+1","Bash+1","Pummel+1","Flex+1","Pummel+1","Flex+1","Whirlwind+1","Impervious"],"special_seed":0,"relics":["Burning Blood","Akabeko","Oddly Smooth Stone","Ancient Tea Set","Bag of Preparation","Tiny House","Meat on the Bone","Potion Belt","Red Skull","Omamori","Champion Belt","Paper Frog","War Paint"],"potions_floor_usage":[],"damage_taken":[{"damage":1.0,"enemies":"Small Slimes","floor":1.0,"turns":3.0},{"damage":7.0,"enemies":"Jaw Worm","floor":2.0,"turns":3.0},{"damage":1.0,"enemies":"Cultist","floor":4.0,"turns":3.0},{"damage":3.0,"enemies":"Blue Slaver","floor":5.0,"turns":2.0},{"damage":35.0,"enemies":"3 Sentries","floor":8.0,"turns":19.0},{"damage":0.0,"enemies":"Large Slime","floor":11.0,"turns":2.0},{"damage":0.0,"enemies":"Looter","floor":13.0,"turns":1.0},{"damage":8.0,"enemies":"Lagavulin","floor":14.0,"turns":3.0},{"damage":50.0,"enemies":"The Guardian","floor":16.0,"turns":14.0},{"damage":39.0,"enemies":"3 Byrds","floor":18.0,"turns":8.0},{"damage":0.0,"enemies":"Shell Parasite","floor":19.0,"turns":2.0},{"damage":25.0,"enemies":"Snake Plant","floor":20.0,"turns":5.0},{"damage":14.0,"enemies":"Sentry and Sphere","floor":21.0,"turns":5.0},{"damage":32.0,"enemies":"Book of Stabbing","floor":24.0,"turns":4.0},{"damage":6.0,"enemies":"Gremlin Leader","floor":28.0,"turns":2.0},{"damage":0.0,"enemies":"Centurion and Healer","floor":29.0,"turns":4.0},{"damage":0.0,"enemies":"Colosseum Slavers","floor":30.0,"turns":2.0},{"damage":29.0,"enemies":"Colosseum Nobs","floor":30.0,"turns":7.0},{"damage":30.0,"enemies":"Slavers","floor":31.0,"turns":6.0},{"damage":62,"enemies":"Champ","floor":33,"turns":6}],"seed_played":"-1812385668855765079","potions_obtained":[{"floor":2.0,"key":"LiquidBronze"},{"floor":4.0,"key":"SkillPotion"},{"floor":13.0,"key":"Block Potion"},{"floor":17.0,"key":"FearPotion"},{"floor":19.0,"key":"Dexterity Potion"},{"floor":24.0,"key":"Block Potion"},{"floor":28.0,"key":"Strength Potion"},{"floor":29.0,"key":"Block Potion"}],"is_trial":false,"path_per_floor":["M","M","?","M","M","R","$","E","T","R","M","?","M","E","R","B",null,"M","M","M","M","$","R","E","R","T","R","E","M","?","E","R","B"],"character_chosen":"IRONCLAD","items_purchased":["Meat on the Bone"],"campfire_rested":2,"item_purchase_floors":[22],"current_hp_per_floor":[73,72,72,75,75,75,75,46,46,46,52,52,58,56,56,12,64,31,37,18,10,10,34,20,44,44,44,56,62,57,45,45,0],"gold":280,"neow_bonus":"RANDOM_COMMON_RELIC","is_prod":false,"is_daily":false,"chose_seed":false,"campfire_upgraded":4,"win_rate":0,"timestamp":1569619378,"path_taken":["M","M","?","M","M","R","$","E","T","R","M","?","M","E","R","BOSS","M","M","M","?","$","R","E","R","T","R","E","M","?","E","R","BOSS"],"build_version":"2019-09-27","purchased_purges":1,"victory":false,"max_hp_per_floor":[75,75,75,75,75,75,75,75,75,75,75,75,75,75,75,75,80,80,80,80,80,80,80,80,80,80,80,80,80,80,80,80,80],"card_choices":[{"not_picked":["Wild Strike","Headbutt","Infernal Blade"],"picked":"SKIP","floor":1.0},{"not_picked":["Headbutt","Hemokinesis"],"picked":"Pummel","floor":2.0},{"not_picked":["Pommel Strike","Wild Strike","Heavy Blade"],"picked":"SKIP","floor":4.0},{"not_picked":["Wild Strike","Sword Boomerang","Twin Strike"],"picked":"SKIP","floor":5.0},{"not_picked":["Armaments","Clash"],"picked":"Flex","floor":8.0},{"not_picked":["Headbutt","True Grit","Offering"],"picked":"SKIP","floor":11.0},{"not_picked":["Perfected Strike","Clothesline","Headbutt"],"picked":"SKIP","floor":13.0},{"not_picked":["Rage","Reckless Charge","Warcry"],"picked":"SKIP","floor":14.0},{"not_picked":["Clothesline","Combust+1","Heavy Blade"],"picked":"SKIP","floor":18.0},{"not_picked":["True Grit+1","Sword Boomerang","Warcry"],"picked":"SKIP","floor":19.0},{"not_picked":["Rampage","Metallicize"],"picked":"Pummel","floor":20.0},{"not_picked":["Reckless Charge","Iron Wave","Twin Strike"],"picked":"SKIP","floor":21.0},{"not_picked":["Dark Embrace","Anger","Clash"],"picked":"SKIP","floor":24.0},{"not_picked":["Iron Wave","Heavy Blade","Sword Boomerang+1"],"picked":"SKIP","floor":28.0},{"not_picked":["Wild Strike","Sword Boomerang"],"picked":"Flex","floor":29.0},{"not_picked":["Warcry","True Grit"],"picked":"Whirlwind","floor":30.0},{"not_picked":["Sentinel+1","Second Wind"],"picked":"Impervious","floor":31.0}],"player_experience":265329,"relics_obtained":[{"floor":8.0,"key":"Oddly Smooth Stone"},{"floor":9.0,"key":"Ancient Tea Set"},{"floor":14.0,"key":"Bag of Preparation"},{"floor":24.0,"key":"Potion Belt"},{"floor":26.0,"key":"Red Skull"},{"floor":28.0,"key":"Omamori"},{"floor":30.0,"key":"Champion Belt"},{"floor":30.0,"key":"Paper Frog"},{"floor":31.0,"key":"War Paint"}],"event_choices":[{"cards_removed":["Strike_R"],"damage_healed":0.0,"max_hp_gain":0.0,"max_hp_loss":0.0,"gold_gain":0.0,"event_name":"The Cleric","player_choice":"Card Removal","floor":3.0,"gold_loss":75.0,"damage_taken":0.0},{"damage_healed":0.0,"max_hp_gain":0.0,"max_hp_loss":0.0,"gold_gain":0.0,"event_name":"Upgrade Shrine","player_choice":"Upgraded","floor":12.0,"gold_loss":0.0,"damage_taken":0.0,"cards_upgraded":["Bash"]},{"damage_healed":0.0,"max_hp_gain":0.0,"max_hp_loss":0.0,"gold_gain":0.0,"event_name":"Colosseum","player_choice":"Fight","floor":30.0,"gold_loss":0.0,"damage_taken":0.0},{"damage_healed":0.0,"max_hp_gain":0.0,"max_hp_loss":0.0,"gold_gain":0.0,"event_name":"Colosseum","player_choice":"Fought Nobs","floor":30.0,"gold_loss":0.0,"damage_taken":0.0}],"is_beta":true,"boss_relics":[{"not_picked":["Runic Dome","Busted Crown"],"picked":"Tiny House"}],"items_purged_floors":[7],"is_endless":false,"potions_floor_spawned":[2,4,5,13,19,24,28,29],"killed_by":"Champ","ascension_level":16}