{"gold_per_floor":[110,124,135,146,161,161,225,225,225,190,190,210,241,241,241,241],"floor_reached":16,"playtime":559,"items_purged":[],"score":196,"play_id":"eeb8529c-1f81-4bbf-a216-2d1384566895","local_time":"20190927153042","is_ascension_mode":true,"campfire_choices":[{"data":"Sword Boomerang","floor":6,"key":"SMITH"},{"data":"Thunderclap","floor":8,"key":"SMITH"},{"data":"Sword Boomerang","floor":11,"key":"SMITH"},{"floor":15,"key":"REST"}],"neow_cost":"NONE","seed_source_timestamp":262144707813650,"circlet_count":0,"master_deck":["AscendersBane","Strike_R","Strike_R","Strike_R","Defend_R","Defend_R","Defend_R","Defend_R","Bash","Blood for Blood","Twin Strike","Thunderclap+1","Shockwave","Sword Boomerang+1","Sword Boomerang+1","Heavy Blade","Heavy Blade"],"relics":["Burning Blood","Tiny Chest","Turnip","Question Card"],"potions_floor_usage":[12,16],"damage_taken":[{"damage":10,"enemies":"Small Slimes","floor":1,"turns":6},{"damage":7,"enemies":"2 Louse","floor":2,"turns":2},{"damage":1,"enemies":"Cultist","floor":3,"turns":3},{"damage":12,"enemies":"Exordium Thugs","floor":4,"turns":4},{"damage":7,"enemies":"2 Fungi Beasts","floor":5,"turns":3},{"damage":45,"enemies":"3 Sentries","floor":7,"turns":7},{"damage":0,"enemies":"Large Slime","floor":12,"turns":4},{"damage":25,"enemies":"Lagavulin","floor":13,"turns":6},{"damage":56,"enemies":"Hexaghost","floor":16,"turns":7}],"seed_played":"7947786637781588644","potions_obtained":[{"floor":1,"key":"Weak Potion"},{"floor":2,"key":"GamblersBrew"},{"floor":4,"key":"Fire Potion"}],"is_trial":false,"path_per_floor":["M","M","M","M","M","R","E","R","T","?","R","M","E","?","R","B"],"character_chosen":"IRONCLAD","items_purchased":[],"campfire_rested":1,"item_purchase_floors":[],"current_hp_per_floor":[64,63,68,62,61,61,22,22,22,40,40,46,27,27,49,0],"gold":241,"neow_bonus":"TRANSFORM_CARD","is_prod":false,"is_daily":false,"chose_seed":false,"campfire_upgraded":3,"win_rate":0,"timestamp":1569591042,"path_taken":["M","M","M","M","M","R","E","R","T","?","R","M","E","?","R","BOSS"],"build_version":"2019-09-26","purchased_purges":0,"victory":false,"max_hp_per_floor":[75,75,75,75,75,75,75,75,75,75,75,75,75,75,75,75],"card_choices":[{"not_picked":["Sever Soul","True Grit"],"picked":"Twin Strike","floor":1},{"not_picked":["Burning Pact","Clash"],"picked":"Thunderclap","floor":2},{"not_picked":["Clothesline","Sever Soul"],"picked":"Shockwave","floor":3},{"not_picked":["Perfected Strike","Warcry"],"picked":"Sword Boomerang","floor":4},{"not_picked":["Clash","Flex"],"picked":"Sword Boomerang","floor":5},{"not_picked":["Intimidate","Dropkick","Perfected Strike"],"picked":"SKIP","floor":7},{"not_picked":["Offering","Seeing Red"],"picked":"Heavy Blade","floor":12},{"not_picked":["Thunderclap","Sword Boomerang"],"picked":"Heavy Blade","floor":13}],"player_experience":258638,"relics_obtained":[{"floor":7,"key":"Tiny Chest"},{"floor":9,"key":"Turnip"},{"floor":13,"key":"Question Card"}],"event_choices":[{"damage_healed":18,"gold_gain":0,"player_choice":"Healed","damage_taken":0,"max_hp_gain":0,"max_hp_loss":0,"event_name":"The Cleric","floor":10,"gold_loss":35},{"cards_removed":["Strike_R"],"damage_healed":0,"gold_gain":0,"player_choice":"Forget","damage_taken":0,"max_hp_gain":0,"max_hp_loss":0,"event_name":"Living Wall","floor":14,"gold_loss":0}],"is_beta":true,"boss_relics":[],"items_purged_floors":[],"is_endless":false,"potions_floor_spawned":[1,2,4],"killed_by":"Hexaghost","ascension_level":15}