{"gold_per_floor":[109,120,120,140,215,215,231,231,231,264,52,68,84,95,95,169,219,238,238,248,258,258,273,273,273],"floor_reached":25,"playtime":1217,"items_purged":["Strike_R"],"score":362,"play_id":"c961a571-b402-4f65-9bbc-3bc183453134","local_time":"20190927162227","is_ascension_mode":true,"campfire_choices":[{"data":"Body Slam","floor":6.0,"key":"SMITH"},{"data":"Cleave","floor":8.0,"key":"SMITH"},{"data":"Metallicize","floor":15,"key":"SMITH"},{"data":"Entrench","floor":24,"key":"SMITH"}],"neow_cost":"NONE","seed_source_timestamp":264577538147556,"circlet_count":0,"master_deck":["AscendersBane","Strike_R","Strike_R+1","Strike_R","Defend_R+1","Defend_R+1","Defend_R","Defend_R","Bash","Metallicize+1","Cleave+1","Body Slam+1","Shrug It Off","Finesse","Battle Trance","Iron Wave","Impervious","Shrug It Off","Entrench+1","Iron Wave+1"],"special_seed":0,"relics":["Burning Blood","Lantern","Bottled Flame","Tiny House"],"potions_floor_usage":[16,16,18,23],"damage_taken":[{"damage":10.0,"enemies":"2 Louse","floor":1.0,"turns":3.0},{"damage":3.0,"enemies":"Cultist","floor":2.0,"turns":5.0},{"damage":7.0,"enemies":"Jaw Worm","floor":4.0,"turns":4.0},{"damage":5.0,"enemies":"Blue Slaver","floor":7.0,"turns":3.0},{"damage":26,"enemies":"Gremlin Nob","floor":10,"turns":4},{"damage":0,"enemies":"Red Slaver","floor":12,"turns":3},{"damage":0,"enemies":"Looter","floor":13,"turns":3},{"damage":0,"enemies":"3 Louse","floor":14,"turns":3},{"damage":19,"enemies":"The Guardian","floor":16,"turns":15},{"damage":9,"enemies":"Spheric Guardian","floor":18,"turns":12},{"damage":17,"enemies":"3 Byrds","floor":20,"turns":7},{"damage":19,"enemies":"Snake Plant","floor":21,"turns":5},{"damage":25,"enemies":"Sentry and Sphere","floor":23,"turns":8},{"damage":37,"enemies":"Slavers","floor":25,"turns":4}],"seed_played":"9066233252242219851","potions_obtained":[{"floor":2.0,"key":"SkillPotion"},{"floor":4.0,"key":"Explosive Potion"},{"floor":7.0,"key":"SkillPotion"},{"floor":17,"key":"GamblersBrew"},{"floor":21,"key":"BloodPotion"}],"is_trial":false,"path_per_floor":["M","M","?","M","?","R","M","R","T","E","$","M","M","M","R","B",null,"M","?","M","M","?","M","R","E"],"character_chosen":"IRONCLAD","items_purchased":["Shrug It Off","Finesse"],"campfire_rested":0,"item_purchase_floors":[11,11],"current_hp_per_floor":[71,74,49,48,37,37,38,38,38,18,18,24,30,36,36,23,72,69,44,33,20,20,19,19,0],"gold":273,"neow_bonus":"TEN_PERCENT_HP_BONUS","is_prod":false,"is_daily":false,"chose_seed":false,"campfire_upgraded":4,"win_rate":0,"timestamp":1569594147,"path_taken":["M","M","?","M","?","R","M","R","T","E","$","M","M","M","R","BOSS","M","?","M","M","?","M","R","E"],"build_version":"2019-09-26","purchased_purges":1,"victory":false,"max_hp_per_floor":[82,82,82,82,82,82,82,82,82,82,82,82,82,82,82,82,87,87,92,92,92,92,92,92,92],"card_choices":[{"not_picked":["Iron Wave","Wild Strike"],"picked":"Metallicize","floor":1.0},{"not_picked":["Inflame","Twin Strike"],"picked":"Cleave","floor":2.0},{"not_picked":["Armaments","True Grit"],"picked":"Body Slam","floor":4.0},{"not_picked":["Clash","Twin Strike","Fire Breathing"],"picked":"SKIP","floor":7.0},{"not_picked":["Berserk","Juggernaut","Disarm"],"picked":"SKIP","floor":10},{"not_picked":["Bloodletting","Flex"],"picked":"Battle Trance","floor":12},{"not_picked":["Heavy Blade","Cleave"],"picked":"Iron Wave","floor":13},{"not_picked":["Berserk","Infernal Blade","Cleave"],"picked":"SKIP","floor":14},{"not_picked":["Berserk","Feed"],"picked":"Impervious","floor":16},{"not_picked":["Anger","True Grit"],"picked":"Shrug It Off","floor":17},{"not_picked":["Sentinel","Cleave"],"picked":"Entrench","floor":18},{"not_picked":["Searing Blow","Clothesline","Uppercut"],"picked":"SKIP","floor":20},{"not_picked":["Twin Strike","Clash"],"picked":"Iron Wave+1","floor":21},{"not_picked":["Iron Wave","Burning Pact","Rage"],"picked":"SKIP","floor":23}],"player_experience":260880,"relics_obtained":[{"floor":9.0,"key":"Lantern"},{"floor":10,"key":"Bottled Flame"}],"event_choices":[{"damage_healed":0.0,"max_hp_gain":0.0,"max_hp_loss":0.0,"gold_gain":0.0,"event_name":"Shining Light","player_choice":"Entered Light","floor":3.0,"gold_loss":0.0,"damage_taken":25.0,"cards_upgraded":["Strike_R","Defend_R"]},{"damage_healed":0.0,"max_hp_gain":0.0,"max_hp_loss":0.0,"gold_gain":75.0,"event_name":"World of Goop","player_choice":"Gather Gold","floor":5.0,"gold_loss":0.0,"damage_taken":11.0},{"damage_healed":0,"gold_gain":0,"player_choice":"Shed Blood","damage_taken":30,"max_hp_gain":5,"max_hp_loss":0,"event_name":"Forgotten Altar","floor":19,"gold_loss":0},{"cards_removed":["Strike_R"],"damage_healed":0,"gold_gain":0,"player_choice":"Purged","damage_taken":0,"max_hp_gain":0,"max_hp_loss":0,"event_name":"Purifier","floor":22,"gold_loss":0}],"is_beta":true,"boss_relics":[{"not_picked":["Velvet Choker","Black Star"],"picked":"Tiny House"}],"items_purged_floors":[11],"is_endless":false,"potions_floor_spawned":[2,4,7,10,14,21],"killed_by":"Slavers","ascension_level":15}