{"gold_per_floor":[112,112,123,136,136,136,147,173,199,55,68,88,88,88,88,188,188,206,206,481,491,511,511],"floor_reached":23,"playtime":1373,"items_purged":[],"score":229,"play_id":"56b21c89-e9df-4a5e-bbfb-2e1b7faf9fba","local_time":"20190813180422","is_ascension_mode":true,"campfire_choices":[{"data":"Inflame","floor":6,"key":"SMITH"},{"data":"Armaments","floor":13,"key":"SMITH"},{"data":"Shrug It Off","floor":15,"key":"SMITH"}],"neow_cost":"NONE","seed_source_timestamp":121541025001200,"circlet_count":0,"master_deck":["Strike_R","Strike_R","Strike_R","Defend_R+1","Defend_R","Defend_R","Bash+1","Clash+1","Inflame+1","Clothesline","Shrug It Off+1","Disarm+1","Armaments+1","Offering","Demon Form+1","Berserk+1","Bloodletting+1","Clash+1","Regret"],"relics":["Burning Blood","Blood Vial","Art of War","Pen Nib","Orichalcum","Odd Mushroom","Astrolabe"],"potions_floor_usage":[7,8,8,23],"damage_taken":[{"damage":0,"enemies":"2 Louse","floor":1,"turns":3},{"damage":19,"enemies":"Small Slimes","floor":3,"turns":6},{"damage":0,"enemies":"Cultist","floor":4,"turns":2},{"damage":5,"enemies":"3 Louse","floor":7,"turns":3},{"damage":20,"enemies":"Lagavulin","floor":8,"turns":7},{"damage":7,"enemies":"Exordium Wildlife","floor":11,"turns":4},{"damage":6,"enemies":"The Mushroom Lair","floor":12,"turns":4},{"damage":29,"enemies":"The Guardian","floor":16,"turns":11},{"damage":19,"enemies":"Shell Parasite","floor":18,"turns":2},{"damage":21,"enemies":"Spheric Guardian","floor":21,"turns":4},{"damage":37,"enemies":"Centurion and Healer","floor":22,"turns":6},{"damage":28,"enemies":"Slavers","floor":23,"turns":2}],"seed_played":"-6838920540008663256","potions_obtained":[{"floor":3,"key":"Block Potion"},{"floor":4,"key":"FearPotion"},{"floor":7,"key":"FearPotion"},{"floor":16,"key":"FearPotion"},{"floor":18,"key":"EssenceOfSteel"}],"is_trial":false,"path_per_floor":["M","?","M","M","?","R","M","E","T","$","M","?","R","?","R","B",null,"M","?","?","M","M","E"],"character_chosen":"IRONCLAD","items_purchased":["Orichalcum"],"campfire_rested":0,"item_purchase_floors":[10],"current_hp_per_floor":[80,77,66,74,58,58,61,49,49,49,50,52,52,52,52,31,80,67,67,67,54,25,0],"gold":511,"neow_bonus":"UPGRADE_CARD","is_prod":false,"is_daily":false,"chose_seed":false,"campfire_upgraded":3,"win_rate":0,"timestamp":1565737462,"path_taken":["M","?","M","M","?","R","M","E","T","$","M","?","R","?","R","BOSS","M","?","?","?","M","E"],"build_version":"2019-07-17","purchased_purges":0,"victory":false,"max_hp_per_floor":[80,80,80,80,80,80,80,80,80,80,80,80,80,80,80,80,80,80,80,80,80,80,80],"card_choices":[{"not_picked":["Second Wind","Sever Soul"],"picked":"Clash","floor":1},{"not_picked":["Combust","Flex"],"picked":"Inflame","floor":3},{"not_picked":["Heavy Blade","Metallicize"],"picked":"Clothesline","floor":4},{"not_picked":["Pommel Strike","Pummel"],"picked":"Shrug It Off","floor":7},{"not_picked":["Evolve","Anger"],"picked":"Disarm","floor":8},{"not_picked":["Hemokinesis","Sword Boomerang","Havoc"],"picked":"SKIP","floor":11},{"not_picked":["Whirlwind","Dropkick"],"picked":"Armaments","floor":12},{"not_picked":["Juggernaut","Limit Break"],"picked":"Offering","floor":16},{"not_picked":["Headbutt","Clothesline"],"picked":"Clash+1","floor":18},{"not_picked":["Warcry","Dual Wield","Second Wind"],"picked":"SKIP","floor":21},{"not_picked":["Metallicize","Shrug It Off","Anger+1"],"picked":"SKIP","floor":22}],"player_experience":146906,"relics_obtained":[{"floor":8,"key":"Art of War"},{"floor":9,"key":"Pen Nib"},{"floor":12,"key":"Odd Mushroom"}],"event_choices":[{"damage_healed":0,"gold_gain":0,"player_choice":"Success","damage_taken":3,"relics_obtained":["Blood Vial"],"max_hp_gain":0,"max_hp_loss":0,"event_name":"Scrap Ooze","floor":2,"gold_loss":0},{"damage_healed":0,"gold_gain":0,"player_choice":"Entered Light","damage_taken":16,"max_hp_gain":0,"max_hp_loss":0,"event_name":"Shining Light","floor":5,"gold_loss":0,"cards_upgraded":["Clash","Defend_R"]},{"damage_healed":0,"gold_gain":0,"player_choice":"Fought Mushrooms","damage_taken":0,"max_hp_gain":0,"max_hp_loss":0,"event_name":"Mushrooms","floor":12,"gold_loss":0},{"damage_healed":0,"gold_gain":0,"player_choice":"Grow","damage_taken":0,"max_hp_gain":0,"max_hp_loss":0,"event_name":"Living Wall","floor":14,"gold_loss":0,"cards_upgraded":["Disarm"]},{"damage_healed":0,"gold_gain":0,"player_choice":"Ignored","damage_taken":0,"max_hp_gain":0,"max_hp_loss":0,"event_name":"Vampires","floor":19,"gold_loss":0},{"damage_healed":0,"gold_gain":275,"player_choice":"Desecrate","damage_taken":0,"max_hp_gain":0,"max_hp_loss":0,"event_name":"Golden Shrine","floor":20,"gold_loss":0,"cards_obtained":["Regret"]}],"is_beta":false,"boss_relics":[{"not_picked":["Fusion Hammer","Pandora\u0027s Box"],"picked":"Astrolabe"}],"items_purged_floors":[],"is_endless":false,"potions_floor_spawned":[3,4,7,16,18],"killed_by":"Slavers","ascension_level":4}