{"gold_per_floor":[20,31,45,45,59,59,93,93,93,93,126,144,144],"floor_reached":13,"playtime":417,"items_purged":[],"score":105,"play_id":"2ac4ff6d-cddc-4ddf-97c3-3c98d9e7c599","local_time":"20190926193102","is_ascension_mode":true,"campfire_choices":[{"data":"Lockon","floor":6,"key":"SMITH"},{"data":"Glacier","floor":10,"key":"SMITH"}],"neow_cost":"NO_GOLD","seed_source_timestamp":1079156540452221,"circlet_count":0,"master_deck":["Strike_B","Strike_B","Strike_B","Strike_B","Defend_B","Defend_B","Defend_B","Defend_B","Zap","Dualcast","Glacier+1","Static Discharge+1","Ball Lightning","Lockon+1","Melter","Genetic Algorithm"],"relics":["Cracked Core","Turnip","Dream Catcher","Ornamental Fan","The Courier","Orichalcum"],"potions_floor_usage":[],"damage_taken":[{"damage":2,"enemies":"Jaw Worm","floor":1,"turns":4},{"damage":1,"enemies":"Cultist","floor":2,"turns":5},{"damage":10,"enemies":"Small Slimes","floor":3,"turns":3},{"damage":15,"enemies":"Exordium Thugs","floor":5,"turns":4},{"damage":13,"enemies":"Lagavulin","floor":7,"turns":4},{"damage":20,"enemies":"Gremlin Nob","floor":11,"turns":4},{"damage":0,"enemies":"Large Slime","floor":12,"turns":4},{"damage":15,"enemies":"3 Louse","floor":13,"turns":1}],"seed_played":"-2320967296854040762","potions_obtained":[{"floor":3,"key":"Swift Potion"},{"floor":7,"key":"EssenceOfDarkness"},{"floor":11,"key":"Weak Potion"}],"is_trial":false,"path_per_floor":["M","M","M","?","M","R","E","?","T","R","E","M","M"],"character_chosen":"DEFECT","items_purchased":[],"campfire_rested":0,"item_purchase_floors":[],"current_hp_per_floor":[73,72,62,62,47,47,34,34,34,34,14,14,0],"gold":144,"neow_bonus":"ONE_RARE_RELIC","is_prod":false,"is_daily":false,"chose_seed":false,"campfire_upgraded":2,"win_rate":0,"timestamp":1569544262,"path_taken":["M","M","M","?","?","R","E","?","T","R","E","M","M"],"build_version":"2019-09-26","purchased_purges":0,"victory":false,"max_hp_per_floor":[75,75,75,75,75,75,75,75,75,75,75,75,75],"card_choices":[{"not_picked":["Leap","Force Field"],"picked":"Glacier","floor":1},{"not_picked":["Darkness","Compile Driver"],"picked":"Static Discharge","floor":2},{"not_picked":["Stack","Redo"],"picked":"Ball Lightning","floor":3},{"not_picked":["Ball Lightning","BootSequence"],"picked":"Lockon","floor":5},{"not_picked":["Multi-Cast","Gash"],"picked":"Melter","floor":7},{"not_picked":["Streamline","Turbo","Redo"],"picked":"SKIP","floor":11},{"not_picked":["Aggregate","Coolheaded"],"picked":"Genetic Algorithm","floor":12}],"player_experience":334036,"relics_obtained":[{"floor":7,"key":"Dream Catcher"},{"floor":9,"key":"The Courier"},{"floor":11,"key":"Orichalcum"}],"event_choices":[{"damage_healed":0,"gold_gain":0,"player_choice":"Upgraded","damage_taken":0,"max_hp_gain":0,"max_hp_loss":0,"event_name":"Upgrade Shrine","floor":4,"gold_loss":0,"cards_upgraded":["Static Discharge"]},{"damage_healed":0,"gold_gain":0,"player_choice":"Gave Potion","damage_taken":0,"relics_obtained":["Ornamental Fan"],"max_hp_gain":0,"max_hp_loss":0,"event_name":"WeMeetAgain","floor":8,"gold_loss":0}],"is_beta":true,"boss_relics":[],"items_purged_floors":[],"is_endless":false,"potions_floor_spawned":[3,7,11],"killed_by":"3 Louse","ascension_level":2}