{"gold_per_floor":[112,130,130,155,178,190,214,252,337,378,390,25,25,39,39,142,142,160,160,171,187,37,69,80,92,117,117,127,127,147,179,179,281,281,300,313,69,124,139,139,168,168,168,193,207,242,257,257,257,257,257,257,52,85,85],"floor_reached":56,"playtime":3129,"items_purged":["Strike_R","Strike_R"],"score":1863,"play_id":"d04e28e3-6c49-48e5-b5a4-5e9af4e8824d","local_time":"20190827125856","is_ascension_mode":true,"campfire_choices":[{"data":"Uppercut","floor":6.0,"key":"SMITH"},{"data":"Bash","floor":15.0,"key":"SMITH"},{"data":"True Grit","floor":27.0,"key":"SMITH"},{"data":"Bludgeon","floor":29.0,"key":"SMITH"},{"data":"Power Through","floor":32.0,"key":"SMITH"},{"data":"Feel No Pain","floor":40.0,"key":"SMITH"},{"floor":42.0,"key":"RECALL"},{"data":"Immolate","floor":49,"key":"SMITH"},{"data":"Dropkick","floor":52,"key":"SMITH"}],"neow_cost":"CURSE","seed_source_timestamp":0,"circlet_count":0,"master_deck":["Strike_R","Strike_R","Defend_R","Defend_R","Defend_R","Defend_R","Bash+1","Uppercut+1","Clothesline","Cleave","Power Through+1","True Grit+1","Shrug It Off+1","Dropkick+1","Bludgeon+1","Shockwave+1","Feel No Pain+1","True Grit+1","Armaments+1","Sentinel+1","Barricade","Offering+1","Evolve+1","Headbutt","Immolate+1","Shockwave+1"],"special_seed":0,"relics":["Burning Blood","FossilizedHelix","Juzu Bracelet","MawBank","Sundial","Toxic Egg 2","Anchor","Mango","Snecko Eye","Strawberry","Champion Belt","Happy Flower","Red Skull","Eternal Feather","Vajra","Dead Branch","Potion Belt","Centennial Puzzle","Bottled Tornado","Cauldron","Mercury Hourglass"],"potions_floor_usage":[46,50,50,55,55,55,55],"damage_taken":[{"damage":17.0,"enemies":"Small Slimes","floor":1.0,"turns":4.0},{"damage":7.0,"enemies":"Jaw Worm","floor":2.0,"turns":4.0},{"damage":5.0,"enemies":"2 Louse","floor":5.0,"turns":3.0},{"damage":12.0,"enemies":"Exordium Thugs","floor":7.0,"turns":5.0},{"damage":26.0,"enemies":"Gremlin Nob","floor":8.0,"turns":4.0},{"damage":16.0,"enemies":"Lagavulin","floor":10.0,"turns":7.0},{"damage":0.0,"enemies":"Looter","floor":14.0,"turns":4.0},{"damage":25.0,"enemies":"The Guardian","floor":16.0,"turns":12.0},{"damage":0.0,"enemies":"Chosen","floor":18.0,"turns":3.0},{"damage":11.0,"enemies":"2 Thieves","floor":20.0,"turns":3.0},{"damage":0.0,"enemies":"Centurion and Healer","floor":21.0,"turns":3.0},{"damage":0.0,"enemies":"Gremlin Leader","floor":23.0,"turns":4.0},{"damage":0.0,"enemies":"Sentry and Sphere","floor":24.0,"turns":5.0},{"damage":0.0,"enemies":"3 Cultists","floor":25.0,"turns":4.0},{"damage":0.0,"enemies":"Centurion and Healer","floor":28.0,"turns":4.0},{"damage":0.0,"enemies":"Snecko","floor":30.0,"turns":4.0},{"damage":0.0,"enemies":"Book of Stabbing","floor":31.0,"turns":4.0},{"damage":0.0,"enemies":"Champ","floor":33.0,"turns":12.0},{"damage":6.0,"enemies":"3 Shapes","floor":35.0,"turns":5.0},{"damage":0.0,"enemies":"Orb Walker","floor":36.0,"turns":4.0},{"damage":81.0,"enemies":"2 Orb Walkers","floor":38.0,"turns":9.0},{"damage":0.0,"enemies":"3 Darklings","floor":39.0,"turns":3.0},{"damage":0.0,"enemies":"Nemesis","floor":41.0,"turns":5.0},{"damage":4.0,"enemies":"Giant Head","floor":44.0,"turns":9.0},{"damage":28.0,"enemies":"Spire Growth","floor":45.0,"turns":4.0},{"damage":10,"enemies":"Nemesis","floor":46,"turns":3},{"damage":0,"enemies":"Transient","floor":47,"turns":5},{"damage":81,"enemies":"Awakened One","floor":50,"turns":13},{"damage":4,"enemies":"Shield and Spear","floor":54,"turns":5},{"damage":38,"enemies":"The Heart","floor":55,"turns":5}],"seed_played":"-429539352802803425","potions_obtained":[{"floor":2.0,"key":"Explosive Potion"},{"floor":7.0,"key":"BloodPotion"},{"floor":8.0,"key":"Dexterity Potion"},{"floor":16.0,"key":"AttackPotion"},{"floor":18.0,"key":"BloodPotion"},{"floor":25.0,"key":"Explosive Potion"},{"floor":33.0,"key":"Strength Potion"},{"floor":41.0,"key":"Poison Potion"},{"floor":44.0,"key":"PowerPotion"},{"floor":45.0,"key":"Energy Potion"},{"floor":47,"key":"Energy Potion"},{"floor":53,"key":"LiquidBronze"},{"floor":53,"key":"LiquidBronze"},{"floor":53,"key":"Dexterity Potion"}],"is_trial":false,"path_per_floor":["M","M","?","T","M","R","M","E","T","E","?","$","$","M","R","B",null,"M","?","M","M","$","E","M","M","T","R","M","R","M","E","R","B",null,"M","M","$","?","M","R","E","R","T","E","M","E","M","?","R","B",null,"R","$","E","B",null],"character_chosen":"IRONCLAD","items_purchased":["Mango","Strawberry","Vajra","Cauldron"],"campfire_rested":0,"item_purchase_floors":[12,22,37,53],"current_hp_per_floor":[61,60,35,35,36,36,30,10,10,20,13,27,27,33,33,14,74,80,80,75,81,88,94,100,101,101,101,101,101,101,101,101,101,101,101,101,101,26,32,44,50,62,62,64,42,38,44,44,59,9,78,93,93,95,63],"gold":85,"neow_bonus":"ONE_RARE_RELIC","is_prod":false,"is_daily":false,"chose_seed":false,"campfire_upgraded":8,"win_rate":0,"timestamp":1566928736,"path_taken":["M","M","?","?","M","R","M","E","T","E","?","?","$","M","R","BOSS","M","?","M","M","?","E","M","M","T","R","M","R","M","E","R","BOSS","M","M","$","?","M","R","E","R","T","E","M","E","M","?","R","BOSS","R","$","E","BOSS"],"build_version":"2019-07-17","purchased_purges":2,"victory":true,"max_hp_per_floor":[80,80,80,80,80,80,80,80,80,80,80,94,94,94,94,94,94,94,94,94,94,101,101,101,101,101,101,101,101,101,101,101,101,101,101,101,101,101,101,101,101,101,101,101,101,101,101,101,101,101,101,101,101,101,101],"card_choices":[{"not_picked":["Havoc","Rage"],"picked":"Uppercut","floor":1.0},{"not_picked":["Sever Soul","Pommel Strike"],"picked":"Clothesline","floor":2.0},{"not_picked":["Wild Strike","Heavy Blade"],"picked":"Cleave","floor":5.0},{"not_picked":["Uppercut","Flex"],"picked":"Power Through","floor":7.0},{"not_picked":["Double Tap","Blood for Blood"],"picked":"True Grit","floor":8.0},{"not_picked":["Pummel","Exhume+1"],"picked":"Shrug It Off+1","floor":10.0},{"not_picked":["Uppercut","Clash"],"picked":"Dropkick","floor":14.0},{"not_picked":["Juggernaut","Dark Embrace"],"picked":"Bludgeon","floor":16.0},{"not_picked":["Havoc+1","Anger","Ghostly Armor+1"],"picked":"SKIP","floor":18.0},{"not_picked":["Evolve","Fire Breathing+1"],"picked":"Shockwave+1","floor":20.0},{"not_picked":["Iron Wave","Cleave"],"picked":"Feel No Pain","floor":21.0},{"not_picked":["Rupture+1","Iron Wave+1","Flex+1"],"picked":"SKIP","floor":23.0},{"not_picked":["Searing Blow+1","Clash"],"picked":"True Grit+1","floor":24.0},{"not_picked":["Clothesline","Thunderclap"],"picked":"Armaments+1","floor":25.0},{"not_picked":["Warcry+1","Clash+1","Ghostly Armor+1"],"picked":"SKIP","floor":28.0},{"not_picked":["Pommel Strike+1","Uppercut+1"],"picked":"Sentinel+1","floor":30.0},{"not_picked":["Headbutt","Anger"],"picked":"Barricade","floor":31.0},{"not_picked":["Feed","Brutality"],"picked":"Offering+1","floor":33.0},{"not_picked":["Inflame","Shrug It Off+1","Wild Strike+1"],"picked":"SKIP","floor":35.0},{"not_picked":["Spot Weakness+1","Twin Strike","Infernal Blade+1"],"picked":"SKIP","floor":36.0},{"not_picked":["Armaments+1","Pommel Strike+1"],"picked":"Evolve+1","floor":39.0},{"not_picked":["Spot Weakness+1","Corruption+1","Havoc+1"],"picked":"SKIP","floor":41.0},{"not_picked":["Perfected Strike+1","Reckless Charge+1","Combust"],"picked":"SKIP","floor":44.0},{"not_picked":["Wild Strike","Reckless Charge"],"picked":"Headbutt","floor":45.0},{"not_picked":["Perfected Strike+1","Anger+1","Wild Strike+1"],"picked":"SKIP","floor":46},{"not_picked":["Uppercut","Evolve"],"picked":"Immolate","floor":47},{"not_picked":["Heavy Blade+1","Ghostly Armor+1"],"picked":"Shockwave+1","floor":54}],"player_experience":223671,"relics_obtained":[{"floor":4.0,"key":"MawBank"},{"floor":8.0,"key":"Sundial"},{"floor":9.0,"key":"Toxic Egg 2"},{"floor":10.0,"key":"Anchor"},{"floor":23.0,"key":"Champion Belt"},{"floor":26.0,"key":"Happy Flower"},{"floor":31.0,"key":"Red Skull"},{"floor":38.0,"key":"Dead Branch"},{"floor":41.0,"key":"Potion Belt"},{"floor":44.0,"key":"Centennial Puzzle"},{"floor":46,"key":"Bottled Tornado"},{"floor":54,"key":"Mercury Hourglass"}],"event_choices":[{"damage_healed":0.0,"max_hp_gain":0.0,"max_hp_loss":0.0,"gold_gain":0.0,"event_name":"Scrap Ooze","player_choice":"Success","floor":3.0,"gold_loss":0.0,"damage_taken":25.0,"relics_obtained":["Juzu Bracelet"]},{"cards_removed":["Pain"],"damage_healed":0.0,"max_hp_gain":0.0,"max_hp_loss":0.0,"gold_gain":0.0,"event_name":"Golden Wing","player_choice":"Card Removal","floor":11.0,"gold_loss":0.0,"damage_taken":7.0},{"cards_removed":["Strike_R"],"damage_healed":0.0,"max_hp_gain":0.0,"max_hp_loss":0.0,"gold_gain":0.0,"event_name":"Bonfire Elementals","player_choice":"Offered Basic","floor":19.0,"gold_loss":0.0,"damage_taken":0.0},{"damage_healed":0.0,"max_hp_gain":0.0,"max_hp_loss":0.0,"gold_gain":0.0,"event_name":"Mysterious Sphere","player_choice":"Fight","floor":38.0,"gold_loss":0.0,"damage_taken":0.0},{"damage_healed":0,"gold_gain":0,"player_choice":"Ignored","damage_taken":0,"max_hp_gain":0,"max_hp_loss":0,"event_name":"The Moai Head","floor":48,"gold_loss":0}],"is_beta":false,"boss_relics":[{"not_picked":["Black Blood","Pandora\u0027s Box"],"picked":"Snecko Eye"},{"not_picked":["Velvet Choker","Runic Pyramid"],"picked":"Eternal Feather"}],"items_purged_floors":[12,37],"is_endless":false,"potions_floor_spawned":[2,7,8,16,18,25,30,31,33,38,41,44,45,47],"ascension_level":7}