{"gold_per_floor":[111,122,8,25,41,41,54,87,87,120,138,9,9],"floor_reached":13,"playtime":554,"items_purged":["Strike_B"],"score":107,"play_id":"fb5e5161-2cf7-406a-874b-6b8f6a76124f","local_time":"20190824100126","is_ascension_mode":true,"campfire_choices":[{"data":"Barrage","floor":6.0,"key":"SMITH"}],"neow_cost":"PERCENT_DAMAGE","seed_source_timestamp":358958372057865,"circlet_count":0,"master_deck":["Strike_B","Strike_B","Strike_B","Defend_B","Defend_B","Defend_B","Defend_B","Zap","Dualcast","Glacier","Cold Snap","Loop","Barrage+1","Hologram","BootSequence","Barrage","FTL+1","FTL+1","Conserve Battery","Consume"],"special_seed":0,"relics":["Cracked Core","StoneCalendar","Molten Egg 2","Sundial","Smiling Mask"],"potions_floor_usage":[],"damage_taken":[{"damage":1.0,"enemies":"Cultist","floor":1.0,"turns":3.0},{"damage":8.0,"enemies":"Small Slimes","floor":2.0,"turns":4.0},{"damage":2.0,"enemies":"Jaw Worm","floor":4.0,"turns":3.0},{"damage":9.0,"enemies":"Lots of Slimes","floor":5.0,"turns":5.0},{"damage":1.0,"enemies":"2 Fungi Beasts","floor":7.0,"turns":4.0},{"damage":13.0,"enemies":"3 Sentries","floor":8.0,"turns":7.0},{"damage":9.0,"enemies":"Lagavulin","floor":10.0,"turns":5.0},{"damage":4,"enemies":"3 Louse","floor":11,"turns":4},{"damage":9,"enemies":"Gremlin Gang","floor":13,"turns":2}],"seed_played":"-1716418994632135463","potions_obtained":[{"floor":1.0,"key":"LiquidBronze"},{"floor":4.0,"key":"Ancient Potion"},{"floor":7.0,"key":"SpeedPotion"},{"floor":8.0,"key":"FearPotion"},{"floor":11,"key":"Strength Potion"}],"is_trial":false,"path_per_floor":["M","M","$","M","M","R","M","E","T","E","M","$","M"],"character_chosen":"DEFECT","items_purchased":["Loop","Barrage","Consume"],"campfire_rested":0,"item_purchase_floors":[3,3,12],"current_hp_per_floor":[53,45,45,43,34,34,33,20,20,11,7,7,0],"gold":9,"neow_bonus":"ONE_RARE_RELIC","is_prod":false,"is_daily":false,"chose_seed":false,"campfire_upgraded":1,"win_rate":0,"timestamp":1566658886,"path_taken":["M","M","$","M","M","R","?","E","T","E","M","$","?"],"build_version":"2019-07-17","purchased_purges":1,"victory":false,"max_hp_per_floor":[75,75,75,75,75,75,75,75,75,75,75,75,75],"card_choices":[{"not_picked":["Ball Lightning","Go for the Eyes"],"picked":"Glacier","floor":1.0},{"not_picked":["Heatsinks","Steam"],"picked":"Cold Snap","floor":2.0},{"not_picked":["Reinforced Body","Turbo"],"picked":"Hologram","floor":4.0},{"not_picked":["Static Discharge","Reinforced Body"],"picked":"BootSequence","floor":5.0},{"not_picked":["Glacier","Turbo"],"picked":"Barrage","floor":7.0},{"not_picked":["Meteor Strike","Go for the Eyes"],"picked":"FTL","floor":8.0},{"not_picked":["Leap","Redo"],"picked":"FTL+1","floor":10.0},{"not_picked":["Stack","Go for the Eyes+1"],"picked":"Conserve Battery","floor":11}],"player_experience":204278,"relics_obtained":[{"floor":8.0,"key":"Molten Egg 2"},{"floor":9.0,"key":"Sundial"},{"floor":10.0,"key":"Smiling Mask"}],"event_choices":[],"is_beta":false,"boss_relics":[],"items_purged_floors":[12],"is_endless":false,"potions_floor_spawned":[1,4,7,8,11],"killed_by":"Gremlin Gang","ascension_level":2}