{"gold_per_floor":[112,130,150,150,168,168,186,186,239,239,239],"floor_reached":11,"playtime":653,"items_purged":[],"score":124,"play_id":"009c067b-5f39-4285-ba8a-b4ec96cd3216","local_time":"20190925231342","is_ascension_mode":true,"campfire_choices":[{"data":"Doom and Gloom","floor":6.0,"key":"SMITH"},{"data":"Leap","floor":8.0,"key":"SMITH"},{"data":"Dualcast","floor":10.0,"key":"SMITH"}],"neow_cost":"NONE","seed_source_timestamp":1473820582391543,"circlet_count":0,"master_deck":["AscendersBane","Strike_B","Strike_B","Strike_B","Defend_B","Defend_B","Defend_B","Defend_B","Zap","Dualcast+1","Doom and Gloom+1","Self Repair","Chill","FTL","Leap+1"],"special_seed":0,"relics":["Inserter","Tiny Chest"],"potions_floor_usage":[],"damage_taken":[{"damage":14.0,"enemies":"Jaw Worm","floor":1.0,"turns":4.0},{"damage":1.0,"enemies":"Cultist","floor":2.0,"turns":3.0},{"damage":3.0,"enemies":"Small Slimes","floor":3.0,"turns":3.0},{"damage":15.0,"enemies":"3 Louse","floor":5.0,"turns":4.0},{"damage":0.0,"enemies":"Large Slime","floor":7.0,"turns":5.0},{"damage":64,"enemies":"Gremlin Nob","floor":11,"turns":5}],"seed_played":"-2605482224764812347","potions_obtained":[{"floor":5.0,"key":"FearPotion"},{"floor":7.0,"key":"Dexterity Potion"}],"is_trial":false,"path_per_floor":["M","M","M","?","M","R","M","R","T","R","E"],"character_chosen":"DEFECT","items_purchased":[],"campfire_rested":0,"item_purchase_floors":[],"current_hp_per_floor":[50,49,53,53,45,45,52,52,52,52,0],"gold":239,"neow_bonus":"BOSS_RELIC","is_prod":false,"is_daily":false,"chose_seed":false,"campfire_upgraded":3,"win_rate":0,"timestamp":1569467622,"path_taken":["M","M","M","?","M","R","M","R","T","R","E"],"build_version":"2019-07-17","purchased_purges":0,"victory":false,"max_hp_per_floor":[71,71,71,71,71,71,71,71,71,71,71],"card_choices":[{"not_picked":["Turbo","Barrage"],"picked":"Doom and Gloom","floor":1.0},{"not_picked":["Turbo","Sweeping Beam"],"picked":"Self Repair","floor":2.0},{"not_picked":["Reprogram","Steam Power"],"picked":"Chill","floor":3.0},{"not_picked":["Rebound","Conserve Battery"],"picked":"FTL","floor":5.0},{"not_picked":["Lockon","Melter"],"picked":"Leap","floor":7.0}],"player_experience":419803,"relics_obtained":[{"floor":9.0,"key":"Tiny Chest"}],"event_choices":[{"cards_removed":["Strike_B"],"damage_healed":0.0,"max_hp_gain":0.0,"max_hp_loss":0.0,"gold_gain":0.0,"event_name":"Bonfire Elementals","player_choice":"Offered Basic","floor":4.0,"gold_loss":0.0,"damage_taken":0.0}],"is_beta":false,"boss_relics":[],"items_purged_floors":[],"is_endless":false,"potions_floor_spawned":[5,7],"killed_by":"Gremlin Nob","ascension_level":18}