{"gold_per_floor":[360,360,360,379,7,7,32,97,122,146,180,195,226,281,281,412,412,427,446,446,446,168,168,187,225,225,225,225],"floor_reached":28,"playtime":1253,"items_purged":["Strike_B","Strike_B"],"score":309,"play_id":"fbc8fbfe-1fce-43d3-b361-ee996c62cafa","local_time":"20190819111340","is_ascension_mode":true,"campfire_choices":[{"data":"Sunder","floor":6.0,"key":"SMITH"},{"data":"Fusion","floor":15.0,"key":"SMITH"},{"data":"Biased Cognition","floor":23.0,"key":"SMITH"},{"floor":27.0,"key":"REST"}],"neow_cost":"TEN_PERCENT_HP_LOSS","seed_source_timestamp":615347712231401,"circlet_count":0,"master_deck":["Strike_B","Strike_B","Defend_B","Defend_B","Defend_B","Defend_B","Zap+1","Dualcast","Redo","BootSequence","Sunder+1","Glacier","Fusion+1","Undo","Loop","Barrage","Biased Cognition+1","Ball Lightning","Amplify","Biased Cognition","Loop","Steam","Shame","Echo Form"],"special_seed":0,"relics":["Cracked Core","Golden Idol","Strawberry","Tiny Chest","Oddly Smooth Stone","StoneCalendar","Art of War","Bronze Scales","Cursed Key","Blood Vial","Membership Card","Dream Catcher","Sundial"],"potions_floor_usage":[28,28],"damage_taken":[{"damage":2.0,"enemies":"2 Louse","floor":1.0,"turns":3.0},{"damage":0.0,"enemies":"Cultist","floor":4.0,"turns":4.0},{"damage":0.0,"enemies":"Jaw Worm","floor":7.0,"turns":2.0},{"damage":14.0,"enemies":"Lagavulin","floor":8.0,"turns":7.0},{"damage":8.0,"enemies":"Large Slime","floor":10.0,"turns":5.0},{"damage":9.0,"enemies":"3 Sentries","floor":11.0,"turns":9.0},{"damage":3.0,"enemies":"Blue Slaver","floor":12.0,"turns":4.0},{"damage":0.0,"enemies":"Gremlin Nob","floor":13.0,"turns":4.0},{"damage":2.0,"enemies":"Hexaghost","floor":16.0,"turns":7.0},{"damage":0.0,"enemies":"Shell Parasite","floor":18.0,"turns":4.0},{"damage":0.0,"enemies":"2 Thieves","floor":19.0,"turns":4.0},{"damage":33.0,"enemies":"Sentry and Sphere","floor":24.0,"turns":5.0},{"damage":43.0,"enemies":"Gremlin Leader","floor":25.0,"turns":5.0},{"damage":27,"enemies":"Slavers","floor":28,"turns":3}],"seed_played":"6970524908306204327","potions_obtained":[{"floor":4.0,"key":"AttackPotion"},{"floor":7.0,"key":"Ancient Potion"},{"floor":11.0,"key":"Ancient Potion"},{"floor":12.0,"key":"Dexterity Potion"},{"floor":19.0,"key":"LiquidBronze"}],"is_trial":false,"path_per_floor":["M","?","?","M","$","R","M","E","T","M","E","M","E","T","R","B",null,"M","M","?","?","$","R","M","E","T","R","E"],"character_chosen":"DEFECT","items_purchased":["Sunder","Glacier","Strawberry","Membership Card","Loop"],"campfire_rested":1,"item_purchase_floors":[5,5,5,22,22],"current_hp_per_floor":[66,49,49,49,56,56,56,42,42,34,25,22,22,22,22,20,75,75,75,75,75,75,75,42,1,1,23,0],"gold":225,"neow_bonus":"TWO_FIFTY_GOLD","is_prod":false,"is_daily":false,"chose_seed":false,"campfire_upgraded":3,"win_rate":0,"timestamp":1566231220,"path_taken":["M","?","?","M","$","R","M","E","T","?","E","M","E","?","R","BOSS","M","M","?","?","$","R","M","E","T","R","E"],"build_version":"2019-07-17","purchased_purges":2,"victory":false,"max_hp_per_floor":[68,68,68,68,75,75,75,75,75,75,75,75,75,75,75,75,75,75,75,75,75,75,75,75,75,75,75,75],"card_choices":[{"not_picked":["Turbo","Chaos"],"picked":"Redo","floor":1.0},{"not_picked":["Stack","Chill"],"picked":"BootSequence","floor":4.0},{"not_picked":["Go for the Eyes","Double Energy"],"picked":"Fusion","floor":7.0},{"not_picked":["Redo","Static Discharge"],"picked":"Undo","floor":8.0},{"not_picked":["Gash","Rebound"],"picked":"Loop","floor":10.0},{"not_picked":["BootSequence","Stack"],"picked":"Barrage","floor":11.0},{"not_picked":["Consume","Recycle"],"picked":"Biased Cognition","floor":12.0},{"not_picked":["Gash","Beam Cell"],"picked":"Ball Lightning","floor":13.0},{"not_picked":["Thunder Strike","Fission"],"picked":"Amplify","floor":16.0},{"not_picked":["Static Discharge","Go for the Eyes","Stack"],"picked":"SKIP","floor":18.0},{"not_picked":["Barrage","Chill","Turbo+1"],"picked":"SKIP","floor":19.0},{"not_picked":["Ball Lightning","Static Discharge","BootSequence"],"picked":"SKIP","floor":24.0},{"not_picked":["Gash+1","Barrage"],"picked":"Steam","floor":25.0},{"not_picked":["Stack","Recycle+1"],"picked":"Echo Form","floor":27.0}],"player_experience":177292,"relics_obtained":[{"floor":8.0,"key":"Tiny Chest"},{"floor":9.0,"key":"Oddly Smooth Stone"},{"floor":11.0,"key":"StoneCalendar"},{"floor":13.0,"key":"Art of War"},{"floor":14.0,"key":"Bronze Scales"},{"floor":25.0,"key":"Dream Catcher"},{"floor":26.0,"key":"Sundial"}],"event_choices":[{"damage_healed":0.0,"max_hp_gain":0.0,"max_hp_loss":0.0,"gold_gain":0.0,"event_name":"Golden Idol","player_choice":"Take Damage","floor":2.0,"gold_loss":0.0,"damage_taken":17.0,"relics_obtained":["Golden Idol"]},{"damage_healed":0.0,"max_hp_gain":0.0,"max_hp_loss":0.0,"gold_gain":0.0,"event_name":"Upgrade Shrine","player_choice":"Upgraded","floor":3.0,"gold_loss":0.0,"damage_taken":0.0,"cards_upgraded":["Zap"]},{"damage_healed":0.0,"max_hp_gain":0.0,"max_hp_loss":0.0,"gold_gain":0.0,"event_name":"The Library","player_choice":"Read","floor":20.0,"gold_loss":0.0,"damage_taken":0.0,"cards_obtained":["Biased Cognition"]},{"damage_healed":0.0,"max_hp_gain":0.0,"max_hp_loss":0.0,"gold_gain":0.0,"event_name":"The Mausoleum","player_choice":"Opened","floor":21.0,"gold_loss":0.0,"damage_taken":0.0,"relics_obtained":["Blood Vial"]}],"is_beta":false,"boss_relics":[{"not_picked":["Ectoplasm","Runic Dome"],"picked":"Cursed Key"}],"items_purged_floors":[5,22],"is_endless":false,"potions_floor_spawned":[4,7,11,12,19,25],"killed_by":"Slavers","ascension_level":2}