{"gold_per_floor":[114,125,125,10,28,28,54,54,54,89,100,30,49,61,61,166,166,183,193,213,227,152,152,181,201,201,201,232,248,248,228,228,325,325,339,350,404,415,0,25,25,25,25,43,43,73,89,89,89,89],"floor_reached":50,"playtime":2226,"items_purged":["Strike_B"],"score":634,"play_id":"c6e6b3a2-e9a4-442e-8360-5ab54366053f","local_time":"20190823113014","is_ascension_mode":true,"campfire_choices":[{"data":"Doom and Gloom","floor":6.0,"key":"SMITH"},{"data":"Rainbow","floor":15.0,"key":"SMITH"},{"data":"Self Repair","floor":23.0,"key":"SMITH"},{"floor":27.0,"key":"REST"},{"data":"Genetic Algorithm","floor":30.0,"key":"SMITH"},{"floor":32.0,"key":"REST"},{"data":"Barrage","floor":41,"key":"SMITH"},{"floor":49,"key":"RECALL"}],"neow_cost":"NONE","seed_source_timestamp":275697672110168,"circlet_count":0,"master_deck":["Strike_B","Defend_B","Defend_B","Defend_B","Defend_B","Zap","Dualcast","Ball Lightning","Self Repair+1","Melter","Doom and Gloom+1","Steam","Capacitor","Go for the Eyes","Genetic Algorithm+1","Rainbow+1","Redo","White Noise","Echo Form","Fusion+1","Machine Learning","Barrage+1","Conserve Battery","Self Repair","Meteor Strike","Barrage+1","Self Repair+1","Self Repair+1","Hologram+1","Leap+1","Writhe","Electrodynamics","Hologram+1"],"special_seed":0,"relics":["Cracked Core","Art of War","Pantograph","Turnip","Bottled Lightning","Centennial Puzzle","Philosopher\u0027s Stone","PreservedInsect","Dodecahedron","Matryoshka","Runic Pyramid","Smiling Mask","Bag of Preparation","Red Mask","Oddly Smooth Stone","Question Card","Pen Nib"],"potions_floor_usage":[40],"damage_taken":[{"damage":0.0,"enemies":"Small Slimes","floor":1.0,"turns":2.0},{"damage":1.0,"enemies":"Cultist","floor":2.0,"turns":3.0},{"damage":6.0,"enemies":"2 Louse","floor":5.0,"turns":2.0},{"damage":41.0,"enemies":"Lagavulin","floor":7.0,"turns":6.0},{"damage":27.0,"enemies":"Gremlin Nob","floor":10.0,"turns":4.0},{"damage":2.0,"enemies":"Exordium Wildlife","floor":11.0,"turns":2.0},{"damage":2.0,"enemies":"Blue Slaver","floor":13.0,"turns":3.0},{"damage":4.0,"enemies":"3 Louse","floor":14.0,"turns":3.0},{"damage":15.0,"enemies":"The Guardian","floor":16.0,"turns":10.0},{"damage":24.0,"enemies":"3 Byrds","floor":18.0,"turns":3.0},{"damage":22.0,"enemies":"2 Thieves","floor":19.0,"turns":4.0},{"damage":9.0,"enemies":"3 Cultists","floor":20.0,"turns":3.0},{"damage":10.0,"enemies":"Sentry and Sphere","floor":21.0,"turns":3.0},{"damage":10.0,"enemies":"Book of Stabbing","floor":24.0,"turns":5.0},{"damage":38.0,"enemies":"Shelled Parasite and Fungi","floor":25.0,"turns":5.0},{"damage":22.0,"enemies":"Gremlin Leader","floor":28.0,"turns":4.0},{"damage":0.0,"enemies":"Snake Plant","floor":29.0,"turns":5.0},{"damage":44.0,"enemies":"Automaton","floor":33.0,"turns":10.0},{"damage":48,"enemies":"3 Darklings","floor":35,"turns":5},{"damage":18,"enemies":"Orb Walker","floor":36,"turns":4},{"damage":16,"enemies":"Sphere and 2 Shapes","floor":38,"turns":4},{"damage":59,"enemies":"Nemesis","floor":40,"turns":7},{"damage":29,"enemies":"Maw","floor":44,"turns":9},{"damage":31,"enemies":"Reptomancer","floor":46,"turns":5},{"damage":64,"enemies":"3 Darklings","floor":47,"turns":5},{"damage":72,"enemies":"Awakened One","floor":50,"turns":3}],"seed_played":"297002548917422357","potions_obtained":[{"floor":2.0,"key":"AttackPotion"},{"floor":5.0,"key":"SteroidPotion"},{"floor":11.0,"key":"Block Potion"},{"floor":14.0,"key":"PowerPotion"},{"floor":16.0,"key":"FairyPotion"},{"floor":21.0,"key":"Poison Potion"},{"floor":25.0,"key":"FairyPotion"},{"floor":29.0,"key":"EssenceOfSteel"},{"floor":31.0,"key":"Weak Potion"},{"floor":35,"key":"LiquidBronze"},{"floor":40,"key":"EssenceOfSteel"},{"floor":44,"key":"Swift Potion"}],"is_trial":false,"path_per_floor":["M","M","?","$","M","R","E","?","T","E","M","$","M","M","R","B",null,"M","M","M","M","?","R","E","M","T","R","E","M","R","?","R","B",null,"M","M","T","M","?","E","R","$","T","M","?","E","M","?","R","B"],"character_chosen":"DEFECT","items_purchased":["Melter","Rainbow"],"campfire_rested":2,"item_purchase_floors":[4,12],"current_hp_per_floor":[75,74,71,71,72,72,38,38,38,18,16,16,21,24,24,34,75,58,43,34,31,31,31,31,17,17,39,17,27,27,27,49,37,75,44,33,33,44,44,44,44,44,44,52,71,67,40,40,40,0],"gold":89,"neow_bonus":"RANDOM_COMMON_RELIC","is_prod":false,"is_daily":false,"chose_seed":false,"campfire_upgraded":5,"win_rate":0,"timestamp":1566577814,"path_taken":["M","M","?","$","M","R","E","?","T","E","M","$","?","M","R","BOSS","M","M","M","M","?","R","E","M","T","R","E","M","R","?","R","BOSS","M","M","?","M","?","E","R","?","T","?","?","E","M","?","R","BOSS"],"build_version":"2019-07-17","purchased_purges":1,"victory":false,"max_hp_per_floor":[75,75,75,75,75,75,75,75,75,75,75,75,75,75,75,75,75,75,75,75,75,75,75,75,75,75,75,75,75,75,75,75,75,75,75,75,75,75,75,75,75,75,75,75,75,75,75,75,75,75],"card_choices":[{"not_picked":["Streamline","Chill"],"picked":"Ball Lightning","floor":1.0},{"not_picked":["Compile Driver","Stack"],"picked":"Self Repair","floor":2.0},{"not_picked":["Leap","Melter"],"picked":"Doom and Gloom","floor":5.0},{"not_picked":["Tempest","Turbo"],"picked":"Steam","floor":7.0},{"not_picked":["Scrape","Beam Cell"],"picked":"Go for the Eyes","floor":10.0},{"not_picked":["Blizzard","Reinforced Body"],"picked":"Genetic Algorithm","floor":11.0},{"not_picked":["Ball Lightning","Static Discharge"],"picked":"Redo","floor":13.0},{"not_picked":["Capacitor","Ball Lightning"],"picked":"White Noise","floor":14.0},{"not_picked":["Electrodynamics","Creative AI"],"picked":"Echo Form","floor":16.0},{"not_picked":["Redo","Sunder","Ball Lightning"],"picked":"SKIP","floor":18.0},{"not_picked":["Redo+1","Streamline"],"picked":"Fusion+1","floor":19.0},{"not_picked":["Beam Cell","Static Discharge","Gash"],"picked":"SKIP","floor":20.0},{"not_picked":["Gash","Cold Snap","Redo"],"picked":"SKIP","floor":21.0},{"not_picked":["Chaos","Redo+1"],"picked":"Machine Learning","floor":24.0},{"not_picked":["Tempest","Streamline"],"picked":"Barrage","floor":25.0},{"not_picked":["Darkness","Doom and Gloom+1"],"picked":"Conserve Battery","floor":28.0},{"not_picked":["Melter+1","Cold Snap"],"picked":"Self Repair","floor":29.0},{"not_picked":["Thunder Strike","Rainbow"],"picked":"Meteor Strike","floor":33.0},{"not_picked":["Melter+1","Gash+1"],"picked":"Barrage+1","floor":35},{"not_picked":["Leap","Capacitor"],"picked":"Self Repair+1","floor":36},{"not_picked":["Gash","Ball Lightning"],"picked":"Self Repair+1","floor":38},{"not_picked":["Compile Driver","Beam Cell+1"],"picked":"Hologram+1","floor":40},{"not_picked":["Doom and Gloom+1","Reprogram+1","Aggregate"],"picked":"Leap+1","floor":44},{"not_picked":["Leap","Coolheaded","Go for the Eyes","Redo"],"picked":"SKIP","floor":46},{"not_picked":["Redo","Lockon","Tempest"],"picked":"Electrodynamics","floor":47}],"player_experience":200235,"relics_obtained":[{"floor":7.0,"key":"Turnip"},{"floor":9.0,"key":"Bottled Lightning"},{"floor":10.0,"key":"Centennial Puzzle"},{"floor":24.0,"key":"PreservedInsect"},{"floor":26.0,"key":"Dodecahedron"},{"floor":28.0,"key":"Matryoshka"},{"floor":37,"key":"Smiling Mask"},{"floor":37,"key":"Bag of Preparation"},{"floor":40,"key":"Oddly Smooth Stone"},{"floor":43,"key":"Question Card"},{"floor":46,"key":"Pen Nib"}],"event_choices":[{"damage_healed":0.0,"max_hp_gain":0.0,"max_hp_loss":0.0,"gold_gain":0.0,"event_name":"Scrap Ooze","player_choice":"Success","floor":3.0,"gold_loss":0.0,"damage_taken":3.0,"relics_obtained":["Pantograph"]},{"damage_healed":0.0,"max_hp_gain":0.0,"max_hp_loss":0.0,"gold_gain":0.0,"cards_transformed":["Strike_B"],"event_name":"Transmorgrifier","player_choice":"Transformed","floor":8.0,"gold_loss":0.0,"damage_taken":0.0,"cards_obtained":["Capacitor"]},{"cards_removed":["Strike_B"],"damage_healed":0.0,"max_hp_gain":0.0,"max_hp_loss":0.0,"gold_gain":0.0,"event_name":"Beggar","player_choice":"Gave Gold","floor":22.0,"gold_loss":75.0,"damage_taken":0.0},{"damage_healed":0.0,"max_hp_gain":0.0,"max_hp_loss":0.0,"gold_gain":0.0,"event_name":"The Woman in Blue","player_choice":"Bought 1 Potion","floor":31.0,"gold_loss":0.0,"damage_taken":0.0},{"damage_healed":0,"gold_gain":0,"player_choice":"Paid","damage_taken":0,"relics_obtained":["Red Mask"],"max_hp_gain":0,"max_hp_loss":0,"event_name":"Tomb of Lord Red Mask","floor":39,"gold_loss":415},{"damage_healed":19,"gold_gain":0,"player_choice":"Writhe","damage_taken":0,"max_hp_gain":0,"max_hp_loss":0,"event_name":"Winding Halls","floor":45,"gold_loss":0,"cards_obtained":["Writhe"]},{"damage_healed":0,"gold_gain":0,"player_choice":"Copied","damage_taken":0,"max_hp_gain":0,"max_hp_loss":0,"event_name":"Duplicator","floor":48,"gold_loss":0,"cards_obtained":["Hologram"]}],"is_beta":false,"boss_relics":[{"not_picked":["Busted Crown","Eternal Feather"],"picked":"Philosopher\u0027s Stone"},{"not_picked":["Sozu","Black Star"],"picked":"Runic Pyramid"}],"items_purged_floors":[4],"is_endless":false,"potions_floor_spawned":[2,5,11,14,16,21,25,29,35,36,40,44],"killed_by":"Awakened One","ascension_level":2}