{"gold_per_floor":[117,128,147,147,164,164,196,196,269,269,269,289,90,109,109,183,183,162,173,173,173,153,153,164,164,164,214,231,19,19],"floor_reached":30,"playtime":2283,"items_purged":["Strike_B"],"score":449,"play_id":"1aaaed8c-b2cc-4c5c-9f37-b8088f1b7a5f","local_time":"20190926080947","is_ascension_mode":true,"campfire_choices":[{"data":"Reinforced Body","floor":6.0,"key":"SMITH"},{"data":"Cold Snap","floor":8.0,"key":"SMITH"},{"data":"Leap","floor":10.0,"key":"SMITH"},{"data":"Loop","floor":15.0,"key":"SMITH"},{"data":"Creative AI","floor":23.0,"key":"SMITH"},{"data":"Glacier","floor":25.0,"key":"SMITH"}],"neow_cost":"NONE","seed_source_timestamp":0,"circlet_count":0,"master_deck":["AscendersBane","Strike_B+1","Strike_B+1","Strike_B+1","Defend_B+1","Defend_B+1","Defend_B+1","Defend_B+1","Zap","Dualcast","Reinforced Body+1","Blizzard","Genetic Algorithm","Cold Snap+1","Leap+1","Creative AI+1","Glacier+1","Loop+1","Multi-Cast","Cold Snap+1","Doom and Gloom"],"special_seed":0,"relics":["Cracked Core","Bronze Scales","Peace Pipe","Letter Opener","Busted Crown","Matryoshka","OrangePellets"],"potions_floor_usage":[],"damage_taken":[{"damage":1.0,"enemies":"Cultist","floor":1.0,"turns":3.0},{"damage":0.0,"enemies":"Small Slimes","floor":2.0,"turns":3.0},{"damage":2.0,"enemies":"Jaw Worm","floor":3.0,"turns":3.0},{"damage":4.0,"enemies":"2 Fungi Beasts","floor":5.0,"turns":4.0},{"damage":28.0,"enemies":"Gremlin Nob","floor":7.0,"turns":4.0},{"damage":0.0,"enemies":"Red Slaver","floor":12.0,"turns":4.0},{"damage":1.0,"enemies":"Blue Slaver","floor":14.0,"turns":3.0},{"damage":30.0,"enemies":"Slime Boss","floor":16.0,"turns":7.0},{"damage":4.0,"enemies":"2 Thieves","floor":18.0,"turns":4.0},{"damage":9.0,"enemies":"3 Byrds","floor":19.0,"turns":2.0},{"damage":4.0,"enemies":"Snecko","floor":24.0,"turns":5.0},{"damage":20.0,"enemies":"Shelled Parasite and Fungi","floor":28.0,"turns":7.0},{"damage":58,"enemies":"Slavers","floor":30,"turns":3}],"seed_played":"-1980051836726724506","potions_obtained":[{"floor":3.0,"key":"Energy Potion"},{"floor":7.0,"key":"FocusPotion"},{"floor":11.0,"key":"Fruit Juice"},{"floor":11.0,"key":"Fire Potion"},{"floor":12.0,"key":"Swift Potion"},{"floor":16.0,"key":"Poison Potion"},{"floor":18.0,"key":"Regen Potion"},{"floor":22.0,"key":"SpeedPotion"}],"is_trial":false,"path_per_floor":["M","M","M","?","M","R","E","R","T","R","?","M","$","M","R","B",null,"M","M","?","?","?","R","M","R","T","?","M","$","E"],"character_chosen":"DEFECT","items_purchased":["Glacier","Loop","OrangePellets"],"campfire_rested":0,"item_purchase_floors":[13,13,29],"current_hp_per_floor":[63,63,61,66,62,62,34,34,34,34,39,39,39,38,38,8,63,59,50,50,50,50,50,46,46,46,46,41,41,0],"gold":19,"neow_bonus":"RANDOM_COMMON_RELIC","is_prod":false,"is_daily":false,"chose_seed":false,"campfire_upgraded":6,"win_rate":0,"timestamp":1569499787,"path_taken":["M","M","M","?","M","R","E","R","T","R","?","M","$","M","R","BOSS","M","?","?","?","?","R","?","R","T","?","?","$","E"],"build_version":"2019-07-17","purchased_purges":1,"victory":false,"max_hp_per_floor":[71,71,71,76,76,76,76,76,76,76,81,81,81,81,81,81,81,81,81,81,81,81,81,81,81,81,81,81,81,81],"card_choices":[{"not_picked":["Hologram","Coolheaded"],"picked":"Reinforced Body","floor":1.0},{"not_picked":["Fusion","Stack"],"picked":"Blizzard","floor":2.0},{"not_picked":["Steam","Streamline"],"picked":"Genetic Algorithm","floor":3.0},{"not_picked":["Conserve Battery","Redo"],"picked":"Cold Snap","floor":5.0},{"not_picked":["Blizzard","Consume"],"picked":"Leap","floor":7.0},{"not_picked":["Gash","Tempest"],"picked":"Creative AI","floor":12.0},{"not_picked":["Capacitor","Leap","Turbo"],"picked":"SKIP","floor":14.0},{"not_picked":["Thunder Strike","Hyperbeam"],"picked":"Multi-Cast","floor":16.0},{"not_picked":[],"picked":"Cold Snap+1","floor":18.0},{"not_picked":["Static Discharge"],"picked":"SKIP","floor":19.0},{"not_picked":["Steam+1"],"picked":"SKIP","floor":24.0},{"not_picked":["Leap"],"picked":"SKIP","floor":28.0}],"player_experience":440366,"relics_obtained":[{"floor":7.0,"key":"Peace Pipe"},{"floor":9.0,"key":"Letter Opener"},{"floor":26.0,"key":"Matryoshka"}],"event_choices":[{"damage_healed":0.0,"max_hp_gain":5.0,"max_hp_loss":0.0,"gold_gain":0.0,"event_name":"Big Fish","player_choice":"Donut","floor":4.0,"gold_loss":0.0,"damage_taken":0.0},{"damage_healed":0.0,"max_hp_gain":0.0,"max_hp_loss":0.0,"gold_gain":0.0,"event_name":"Lab","player_choice":"Got Potions","floor":11.0,"gold_loss":0.0,"damage_taken":0.0},{"damage_healed":0.0,"max_hp_gain":0.0,"max_hp_loss":0.0,"gold_gain":0.0,"event_name":"Back to Basics","player_choice":"Simplicity","floor":20.0,"gold_loss":0.0,"damage_taken":0.0,"cards_upgraded":["Strike_B","Strike_B","Strike_B","Defend_B","Defend_B","Defend_B","Defend_B"]},{"damage_healed":0.0,"max_hp_gain":0.0,"max_hp_loss":0.0,"gold_gain":0.0,"event_name":"The Library","player_choice":"Read","floor":21.0,"gold_loss":0.0,"damage_taken":0.0,"cards_obtained":["Doom and Gloom"]},{"damage_healed":0.0,"max_hp_gain":0.0,"max_hp_loss":0.0,"gold_gain":0.0,"event_name":"The Woman in Blue","player_choice":"Bought 1 Potion","floor":22.0,"gold_loss":0.0,"damage_taken":0.0},{"damage_healed":0.0,"max_hp_gain":0.0,"max_hp_loss":0.0,"gold_gain":100.0,"event_name":"The Joust","player_choice":"Bet on Murderer","floor":27.0,"gold_loss":50.0,"damage_taken":0.0}],"is_beta":false,"boss_relics":[{"not_picked":["Empty Cage","Coffee Dripper"],"picked":"Busted Crown"}],"items_purged_floors":[13],"is_endless":false,"potions_floor_spawned":[3,7,12,16,18],"killed_by":"Slavers","ascension_level":19}