{"gold_per_floor":[109,109,34,58,73,73,106,106,106,119,133,146,146,184,184,308,371,385,385,364,377,20,60,60,60,86,106,106,106,116,133,133,133],"floor_reached":33,"playtime":2306,"items_purged":["Strike_G","Defend_G"],"score":469,"play_id":"dc995479-dbd9-4b19-905b-2db30a4019fe","local_time":"20190927035554","is_ascension_mode":true,"campfire_choices":[{"data":"Neutralize","floor":6,"key":"SMITH"},{"data":"Bouncing Flask","floor":8,"key":"SMITH"},{"data":"Backflip","floor":13,"key":"SMITH"},{"floor":15,"key":"REST"},{"data":"Tools of the Trade","floor":24,"key":"SMITH"},{"data":"Backflip","floor":28,"key":"SMITH"},{"data":"Deflect","floor":32,"key":"SMITH"}],"neow_cost":"NONE","seed_source_timestamp":218705561697811,"circlet_count":0,"master_deck":["Defend_G","Defend_G","Defend_G","Defend_G","Survivor","Neutralize+1","Backflip+1","Deflect","Deflect+1","Bouncing Flask+1","Acrobatics","Deflect","After Image+1","Backflip+1","Bite","Bite","Bite","Bite","Bite","Tools of the Trade+1"],"relics":["Ring of the Snake","Bloody Idol","White Beast Statue","Centennial Puzzle","Lantern","Tiny House","HornCleat","Matryoshka","Pen Nib","Bag of Marbles"],"potions_floor_usage":[12,18,23,33,33,33],"damage_taken":[{"damage":0,"enemies":"Jaw Worm","floor":1,"turns":6},{"damage":0,"enemies":"2 Louse","floor":4,"turns":5},{"damage":0,"enemies":"Small Slimes","floor":5,"turns":9},{"damage":29,"enemies":"3 Sentries","floor":7,"turns":15},{"damage":0,"enemies":"3 Louse","floor":10,"turns":6},{"damage":4,"enemies":"2 Fungi Beasts","floor":11,"turns":3},{"damage":0,"enemies":"Gremlin Gang","floor":12,"turns":6},{"damage":27,"enemies":"Gremlin Nob","floor":14,"turns":4},{"damage":0,"enemies":"Hexaghost","floor":16,"turns":9},{"damage":11,"enemies":"Spheric Guardian","floor":18,"turns":8},{"damage":18,"enemies":"2 Thieves","floor":20,"turns":5},{"damage":21,"enemies":"Shelled Parasite and Fungi","floor":21,"turns":17},{"damage":29,"enemies":"Slavers","floor":23,"turns":6},{"damage":0,"enemies":"Snecko","floor":27,"turns":6},{"damage":4,"enemies":"Centurion and Healer","floor":30,"turns":10},{"damage":24,"enemies":"Sentry and Sphere","floor":31,"turns":9},{"damage":61,"enemies":"Champ","floor":33,"turns":16}],"seed_played":"-4449907980921605780","potions_obtained":[{"floor":5,"key":"GhostInAJar"},{"floor":7,"key":"Swift Potion"},{"floor":10,"key":"SkillPotion"},{"floor":11,"key":"Fire Potion"},{"floor":12,"key":"LiquidBronze"},{"floor":14,"key":"PowerPotion"},{"floor":18,"key":"Dexterity Potion"},{"floor":23,"key":"Fire Potion"},{"floor":30,"key":"Poison Potion"}],"is_trial":false,"path_per_floor":["M","?","$","M","M","R","E","R","T","M","M","M","R","E","R","B",null,"M","?","M","M","$","E","R","?","T","M","R","?","M","M","R","B"],"character_chosen":"THE_SILENT","items_purchased":["HornCleat"],"campfire_rested":1,"item_purchase_floors":[22],"current_hp_per_floor":[70,70,70,70,70,70,41,41,41,41,37,37,37,10,31,31,66,55,53,43,53,53,30,30,30,35,52,52,52,53,46,46,0],"gold":133,"neow_bonus":"TEN_PERCENT_HP_BONUS","is_prod":false,"is_daily":false,"chose_seed":false,"campfire_upgraded":6,"win_rate":0,"timestamp":1569549354,"path_taken":["M","?","$","M","M","R","E","R","T","M","M","M","R","E","R","BOSS","M","?","M","M","$","E","R","?","T","M","R","?","M","M","R","BOSS"],"build_version":"2019-09-26","purchased_purges":2,"victory":false,"max_hp_per_floor":[77,71,71,71,71,71,71,71,71,71,71,71,71,71,71,71,76,76,53,53,53,53,53,53,53,53,53,53,53,53,53,53,53],"card_choices":[{"not_picked":["Dagger Throw","Prepared"],"picked":"Backflip","floor":1},{"not_picked":["Quick Slash","Flying Knee"],"picked":"Deflect","floor":4},{"not_picked":["Flechettes","Blade Dance"],"picked":"Deflect","floor":5},{"not_picked":["Backflip","Masterful Stab"],"picked":"Bouncing Flask","floor":7},{"not_picked":["Predator","Unload","Dodge and Roll"],"picked":"SKIP","floor":10},{"not_picked":["Underhanded Strike","Sucker Punch"],"picked":"Acrobatics","floor":11},{"not_picked":["Acrobatics","Backstab","Dash"],"picked":"SKIP","floor":12},{"not_picked":["A Thousand Cuts","Flying Knee"],"picked":"Deflect","floor":14},{"not_picked":["Grand Finale","Storm of Steel"],"picked":"After Image","floor":16},{"not_picked":["Sucker Punch","Riddle With Holes+1"],"picked":"Backflip","floor":18},{"not_picked":["Prepared","Bane","Terror+1"],"picked":"SKIP","floor":20},{"not_picked":["Quick Slash+1","Sucker Punch","Bane+1"],"picked":"SKIP","floor":21},{"not_picked":["Cloak And Dagger","Poisoned Stab"],"picked":"Tools of the Trade","floor":23},{"not_picked":["Flying Knee+1","Dagger Spray","Outmaneuver"],"picked":"SKIP","floor":27},{"not_picked":["Flying Knee","Dagger Spray","All Out Attack"],"picked":"SKIP","floor":30},{"not_picked":["Eviscerate+1","Dagger Spray","Cloak And Dagger+1"],"picked":"SKIP","floor":31}],"player_experience":248417,"relics_obtained":[{"floor":7,"key":"White Beast Statue"},{"floor":9,"key":"Centennial Puzzle"},{"floor":14,"key":"Lantern"},{"floor":23,"key":"Matryoshka"},{"floor":26,"key":"Pen Nib"},{"floor":26,"key":"Bag of Marbles"}],"event_choices":[{"damage_healed":0,"gold_gain":0,"player_choice":"Lose Max HP","damage_taken":0,"relics_obtained":["Golden Idol"],"max_hp_gain":0,"max_hp_loss":6,"event_name":"Golden Idol","floor":2,"gold_loss":0},{"damage_healed":0,"gold_gain":0,"player_choice":"Became a vampire","damage_taken":0,"max_hp_gain":0,"max_hp_loss":23,"event_name":"Vampires","floor":19,"gold_loss":0,"cards_obtained":["Bite","Bite","Bite","Bite","Bite"]},{"damage_healed":0,"gold_gain":0,"player_choice":"Gave Idol","damage_taken":0,"relics_obtained":["Bloody Idol"],"max_hp_gain":0,"max_hp_loss":0,"event_name":"Forgotten Altar","floor":25,"relics_lost":["Golden Idol"],"gold_loss":0},{"damage_healed":0,"gold_gain":0,"player_choice":"Ignored","damage_taken":0,"max_hp_gain":0,"max_hp_loss":0,"event_name":"Ghosts","floor":29,"gold_loss":0}],"is_beta":true,"boss_relics":[{"not_picked":["WristBlade","Runic Dome"],"picked":"Tiny House"}],"items_purged_floors":[3,22],"is_endless":false,"potions_floor_spawned":[5,7,10,11,12,14,16,18,20,21,23,27,30,31],"killed_by":"Champ","ascension_level":7}