{"gold_per_floor":[112,132,143,143,159,159,188,207,233,233,252,252,252,286,286,406,406,425,475,466,466,28,28],"floor_reached":23,"playtime":897,"items_purged":["Strike_B"],"score":221,"play_id":"59566103-1349-4715-986f-e64db4b77039","local_time":"20190822142520","is_ascension_mode":true,"campfire_choices":[{"data":"Echo Form","floor":6.0,"key":"SMITH"},{"floor":12.0,"key":"REST"},{"floor":15.0,"key":"REST"}],"neow_cost":"NONE","seed_source_timestamp":201659116263221,"circlet_count":0,"master_deck":["Strike_B+1","Strike_B+1","Defend_B+1","Defend_B","Defend_B+1","Defend_B","Zap","Dualcast","Sweeping Beam","Sweeping Beam","Loop","Cold Snap","Echo Form+1","Ball Lightning","Tempest","Cold Snap","Ball Lightning","Glacier","Electrodynamics","Genetic Algorithm","Coolheaded+1","Self Repair","FTL","Steam"],"special_seed":0,"relics":["Cracked Core","Whetstone","War Paint","Juzu Bracelet","Oddly Smooth Stone","Golden Idol","Dream Catcher","White Beast Statue","Toy Ornithopter"],"potions_floor_usage":[20],"damage_taken":[{"damage":1.0,"enemies":"Cultist","floor":1.0,"turns":3.0},{"damage":0.0,"enemies":"2 Louse","floor":2.0,"turns":3.0},{"damage":2.0,"enemies":"Jaw Worm","floor":3.0,"turns":3.0},{"damage":1.0,"enemies":"2 Fungi Beasts","floor":5.0,"turns":3.0},{"damage":29.0,"enemies":"3 Sentries","floor":7.0,"turns":5.0},{"damage":26.0,"enemies":"Exordium Thugs","floor":8.0,"turns":5.0},{"damage":3.0,"enemies":"3 Louse","floor":11.0,"turns":3.0},{"damage":14.0,"enemies":"Gremlin Nob","floor":14.0,"turns":4.0},{"damage":31.0,"enemies":"The Guardian","floor":16.0,"turns":10.0},{"damage":6.0,"enemies":"3 Byrds","floor":18.0,"turns":2.0},{"damage":18,"enemies":"2 Thieves","floor":20,"turns":5},{"damage":47,"enemies":"Slavers","floor":23,"turns":4}],"seed_played":"4641250913592493843","potions_obtained":[{"floor":2.0,"key":"Strength Potion"},{"floor":3.0,"key":"SpeedPotion"},{"floor":11.0,"key":"SmokeBomb"},{"floor":14.0,"key":"Energy Potion"},{"floor":18.0,"key":"Swift Potion"},{"floor":20,"key":"LiquidBronze"}],"is_trial":false,"path_per_floor":["M","M","M","?","M","R","E","M","T","?","M","R","?","E","R","B",null,"M","?","M","?","$","E"],"character_chosen":"DEFECT","items_purchased":["Toy Ornithopter","Self Repair","FTL","Steam"],"campfire_rested":2,"item_purchase_floors":[22,22,22,22],"current_hp_per_floor":[74,74,72,72,71,71,42,16,16,13,10,32,32,18,38,7,69,63,63,45,45,45,0],"gold":28,"neow_bonus":"RANDOM_COMMON_RELIC","is_prod":false,"is_daily":false,"chose_seed":false,"campfire_upgraded":1,"win_rate":0,"timestamp":1566501920,"path_taken":["M","M","?","?","?","R","E","M","T","?","M","R","?","E","R","BOSS","M","?","M","?","$","E"],"build_version":"2019-07-17","purchased_purges":1,"victory":false,"max_hp_per_floor":[75,75,75,75,75,75,75,75,75,75,75,75,69,69,69,69,69,69,69,69,69,69,69],"card_choices":[{"not_picked":["Steam Power","Aggregate"],"picked":"Sweeping Beam","floor":1.0},{"not_picked":["Redo","Hologram"],"picked":"Sweeping Beam","floor":2.0},{"not_picked":["Rebound","Conserve Battery"],"picked":"Loop","floor":3.0},{"not_picked":["Ball Lightning","Sweeping Beam"],"picked":"Echo Form","floor":5.0},{"not_picked":["Cold Snap","Recycle"],"picked":"Ball Lightning","floor":7.0},{"not_picked":["Ball Lightning","Redo"],"picked":"Tempest","floor":8.0},{"not_picked":["Barrage","Reinforced Body"],"picked":"Cold Snap","floor":11.0},{"not_picked":["Streamline","Rebound"],"picked":"Ball Lightning","floor":14.0},{"not_picked":["Beam Cell","BootSequence"],"picked":"Glacier","floor":15.0},{"not_picked":["Amplify","Fission"],"picked":"Electrodynamics","floor":16.0},{"not_picked":["Beam Cell","Steam Power"],"picked":"Genetic Algorithm","floor":18.0},{"not_picked":["Hello World","Stack+1"],"picked":"Coolheaded+1","floor":20}],"player_experience":188677,"relics_obtained":[{"floor":7.0,"key":"War Paint"},{"floor":9.0,"key":"Juzu Bracelet"},{"floor":14.0,"key":"Dream Catcher"}],"event_choices":[{"damage_healed":0.0,"max_hp_gain":0.0,"max_hp_loss":0.0,"gold_gain":0.0,"cards_transformed":["Strike_B"],"event_name":"Transmorgrifier","player_choice":"Transformed","floor":4.0,"gold_loss":0.0,"damage_taken":0.0,"cards_obtained":["Cold Snap"]},{"damage_healed":0.0,"max_hp_gain":0.0,"max_hp_loss":0.0,"gold_gain":0.0,"event_name":"Scrap Ooze","player_choice":"Success","floor":10.0,"gold_loss":0.0,"damage_taken":3.0,"relics_obtained":["Oddly Smooth Stone"]},{"damage_healed":0.0,"max_hp_gain":0.0,"max_hp_loss":6.0,"gold_gain":0.0,"event_name":"Golden Idol","player_choice":"Lose Max HP","floor":13.0,"gold_loss":0.0,"damage_taken":0.0,"relics_obtained":["Golden Idol"]},{"damage_healed":0.0,"max_hp_gain":0.0,"max_hp_loss":0.0,"gold_gain":100.0,"event_name":"The Joust","player_choice":"Bet on Murderer","floor":19.0,"gold_loss":50.0,"damage_taken":0.0},{"damage_healed":0,"gold_gain":0,"player_choice":"Ignored","damage_taken":0,"max_hp_gain":0,"max_hp_loss":0,"event_name":"Ghosts","floor":21,"gold_loss":0}],"is_beta":false,"boss_relics":[{"not_picked":["Pandora\u0027s Box","Coffee Dripper"],"picked":"White Beast Statue"}],"items_purged_floors":[22],"is_endless":false,"potions_floor_spawned":[2,3,11,14,18,20],"killed_by":"Slavers","ascension_level":2}