{"gold_per_floor":[111,186,197,17,31,47,80,80,80,108,108,108,134,154,154,154],"floor_reached":16,"playtime":1290,"items_purged":[],"score":152,"play_id":"c6321a6e-aae9-40a2-85b1-968e2cf07d30","local_time":"20190722143715","is_ascension_mode":true,"campfire_choices":[{"data":"Ghostly Armor","floor":8,"key":"SMITH"},{"data":"Corruption","floor":12,"key":"SMITH"},{"data":"Iron Wave","floor":15,"key":"SMITH"}],"neow_cost":"NONE","seed_source_timestamp":0,"circlet_count":0,"master_deck":["Strike_R","Strike_R","Strike_R","Strike_R","Strike_R","Defend_R","Defend_R","Bash","Intimidate","Twin Strike","Bloodletting","Carnage","Armaments","Ghostly Armor+1","Corruption+1","Carnage","Iron Wave+1"],"special_seed":0,"relics":["Burning Blood","PreservedInsect","Bag of Preparation","Bottled Lightning","FossilizedHelix","Centennial Puzzle"],"potions_floor_usage":[16,16],"damage_taken":[{"damage":5,"enemies":"Small Slimes","floor":1,"turns":3},{"damage":0,"enemies":"2 Louse","floor":3,"turns":2},{"damage":5,"enemies":"Jaw Worm","floor":5,"turns":4},{"damage":10,"enemies":"2 Fungi Beasts","floor":6,"turns":4},{"damage":26,"enemies":"Lagavulin","floor":7,"turns":5},{"damage":3,"enemies":"Gremlin Nob","floor":10,"turns":3},{"damage":21,"enemies":"Lagavulin","floor":13,"turns":4},{"damage":12,"enemies":"3 Louse","floor":14,"turns":3},{"damage":40,"enemies":"Hexaghost","floor":16,"turns":7}],"seed_played":"2156876096608059798","potions_obtained":[{"floor":1,"key":"GamblersBrew"},{"floor":6,"key":"GamblersBrew"},{"floor":13,"key":"PowerPotion"},{"floor":14,"key":"Poison Potion"}],"is_trial":false,"path_per_floor":["M","?","M","$","M","M","E","R","T","E","?","R","E","M","R","B"],"character_chosen":"IRONCLAD","items_purchased":["Bloodletting","PreservedInsect"],"campfire_rested":0,"item_purchase_floors":[4,4],"current_hp_per_floor":[80,69,75,75,76,72,52,52,52,55,55,55,40,34,34,0],"gold":154,"neow_bonus":"REMOVE_CARD","is_prod":false,"is_daily":false,"chose_seed":false,"campfire_upgraded":3,"win_rate":0,"timestamp":1563824235,"path_taken":["M","?","M","$","M","M","E","R","T","E","?","R","E","M","R","BOSS"],"build_version":"2019-07-17","purchased_purges":0,"victory":false,"max_hp_per_floor":[80,80,80,80,80,80,80,80,80,80,80,80,80,80,80,80],"card_choices":[{"not_picked":["Perfected Strike","Clothesline"],"picked":"Intimidate","floor":1},{"not_picked":["Flex","Cleave"],"picked":"Twin Strike","floor":3},{"not_picked":["Reckless Charge","Dark Embrace"],"picked":"Carnage","floor":5},{"not_picked":["Burning Pact","Whirlwind"],"picked":"Armaments","floor":6},{"not_picked":["Clothesline","Heavy Blade"],"picked":"Ghostly Armor","floor":7},{"not_picked":["Twin Strike","Feel No Pain"],"picked":"Corruption","floor":10},{"not_picked":["Heavy Blade","Whirlwind"],"picked":"Carnage","floor":13},{"not_picked":["Body Slam","Sword Boomerang"],"picked":"Iron Wave","floor":14}],"player_experience":66786,"relics_obtained":[{"floor":7,"key":"Bag of Preparation"},{"floor":9,"key":"Bottled Lightning"},{"floor":10,"key":"FossilizedHelix"},{"floor":13,"key":"Centennial Puzzle"}],"event_choices":[{"damage_healed":0,"gold_gain":75,"player_choice":"Gather Gold","damage_taken":11,"max_hp_gain":0,"max_hp_loss":0,"event_name":"World of Goop","floor":2,"gold_loss":0},{"cards_removed":["Defend_R"],"damage_healed":0,"gold_gain":0,"player_choice":"Forget","damage_taken":0,"max_hp_gain":0,"max_hp_loss":0,"event_name":"Living Wall","floor":11,"gold_loss":0}],"is_beta":false,"boss_relics":[],"items_purged_floors":[],"is_endless":false,"potions_floor_spawned":[1,6,13,14],"killed_by":"Hexaghost","ascension_level":1}