{"gold_per_floor":[119,119,131,141,156,156,156,156,156,184,184,198,218,245,245,245],"floor_reached":16,"playtime":975,"items_purged":[],"score":218,"play_id":"1f661869-c8a8-4780-b809-c9f9119a2c6e","local_time":"20190926072112","is_ascension_mode":true,"campfire_choices":[{"data":"Electrodynamics","floor":6.0,"key":"SMITH"},{"data":"Ball Lightning","floor":11.0,"key":"SMITH"},{"data":"Leap","floor":15.0,"key":"SMITH"}],"neow_cost":"NONE","seed_source_timestamp":0,"circlet_count":0,"master_deck":["AscendersBane","Strike_B","Strike_B","Strike_B","Defend_B","Defend_B","Defend_B","Defend_B","Zap","Dualcast","Electrodynamics+1","Ball Lightning+1","Steam","Redo","Biased Cognition","Leap+1","Go for the Eyes","Recycle"],"special_seed":0,"relics":["Cracked Core","Meat on the Bone","Shuriken","Matryoshka"],"potions_floor_usage":[16,16],"damage_taken":[{"damage":4.0,"enemies":"Jaw Worm","floor":1.0,"turns":3.0},{"damage":10.0,"enemies":"2 Louse","floor":3.0,"turns":2.0},{"damage":0.0,"enemies":"Cultist","floor":4.0,"turns":3.0},{"damage":0.0,"enemies":"3 Louse","floor":5.0,"turns":1.0},{"damage":8.0,"enemies":"Gremlin Nob","floor":10.0,"turns":3.0},{"damage":2.0,"enemies":"Blue Slaver","floor":12.0,"turns":2.0},{"damage":0.0,"enemies":"Exordium Wildlife","floor":13.0,"turns":2.0},{"damage":10.0,"enemies":"3 Sentries","floor":14.0,"turns":2.0},{"damage":47,"enemies":"Hexaghost","floor":16,"turns":10}],"seed_played":"-7227713604970559932","potions_obtained":[{"floor":3.0,"key":"Ancient Potion"},{"floor":8.0,"key":"PowerPotion"},{"floor":8.0,"key":"PowerPotion"},{"floor":13.0,"key":"Weak Potion"},{"floor":14.0,"key":"Dexterity Potion"}],"is_trial":false,"path_per_floor":["M","?","M","M","M","R","?","?","T","E","R","M","M","E","R","B"],"character_chosen":"DEFECT","items_purchased":[],"campfire_rested":0,"item_purchase_floors":[],"current_hp_per_floor":[60,53,43,43,43,43,43,43,43,47,47,45,45,47,47,0],"gold":245,"neow_bonus":"ONE_RANDOM_RARE_CARD","is_prod":false,"is_daily":false,"chose_seed":false,"campfire_upgraded":3,"win_rate":0,"timestamp":1569496872,"path_taken":["M","?","M","M","M","R","?","?","T","E","R","M","M","E","R","BOSS"],"build_version":"2019-07-17","purchased_purges":0,"victory":false,"max_hp_per_floor":[71,71,71,71,71,71,71,71,71,71,71,71,71,71,71,71],"card_choices":[{"not_picked":["Sweeping Beam","Stack"],"picked":"Ball Lightning","floor":1.0},{"not_picked":["Rebound","Stack"],"picked":"Steam","floor":3.0},{"not_picked":["Rip and Tear","Rebound"],"picked":"Redo","floor":4.0},{"not_picked":["Redo","Force Field","Stack"],"picked":"SKIP","floor":5.0},{"not_picked":["Electrodynamics","Blizzard"],"picked":"Biased Cognition","floor":10.0},{"not_picked":["Hologram","Sweeping Beam"],"picked":"Leap","floor":12.0},{"not_picked":["Compile Driver","Streamline"],"picked":"Go for the Eyes","floor":13.0},{"not_picked":["Steam","Ball Lightning"],"picked":"Recycle","floor":14.0}],"player_experience":439391,"relics_obtained":[{"floor":9.0,"key":"Meat on the Bone"},{"floor":10.0,"key":"Shuriken"},{"floor":14.0,"key":"Matryoshka"}],"event_choices":[{"cards_removed":["Strike_B"],"damage_healed":0.0,"max_hp_gain":0.0,"max_hp_loss":0.0,"gold_gain":0.0,"event_name":"Golden Wing","player_choice":"Card Removal","floor":2.0,"gold_loss":0.0,"damage_taken":7.0},{"damage_healed":0.0,"max_hp_gain":0.0,"max_hp_loss":0.0,"gold_gain":0.0,"event_name":"Shining Light","player_choice":"Ignored","floor":7.0,"gold_loss":0.0,"damage_taken":0.0},{"damage_healed":0.0,"max_hp_gain":0.0,"max_hp_loss":0.0,"gold_gain":0.0,"event_name":"Lab","player_choice":"Got Potions","floor":8.0,"gold_loss":0.0,"damage_taken":0.0}],"is_beta":false,"boss_relics":[],"items_purged_floors":[],"is_endless":false,"potions_floor_spawned":[3,13,14],"killed_by":"Hexaghost","ascension_level":19}