{"gold_per_floor":[119,119,44,63,79,79,104,118,118,148,160,172,216,246,258,369,381,411,442,465,253,273,273,292,308,308,323,323,323,323,124,124,229,229,242,257,257],"floor_reached":37,"playtime":2150,"items_purged":["Regret","Strike_P","Eruption"],"score":460,"play_id":"b0f8ea41-6dbf-4b36-9c4d-0fa5521fd5ae","local_time":"20190926221232","is_ascension_mode":false,"campfire_choices":[{"data":"1","floor":6.0,"key":"LIFT"},{"data":"2","floor":11.0,"key":"LIFT"},{"floor":15.0,"key":"REST"},{"data":"Tantrum","floor":23.0,"key":"SMITH"},{"data":"3","floor":29.0,"key":"LIFT"},{"floor":32.0,"key":"REST"}],"neow_cost":"PERCENT_DAMAGE","seed_source_timestamp":198044579193190,"circlet_count":0,"master_deck":["Strike_P+1","Defend_P+1","Defend_P+1","Vigilance","Tantrum","ClearTheMind","Consecrate","FlyingSleeves","ForeignInfluence","FlyingSleeves","Perseverance","Establishment","Protect+1","Tantrum+1","Devotion","Consecrate","ClearTheMind","DeceiveReality","BattleHymn","Unraveling","ThirdEye+1","DeusExMachina+1","Devotion+1","Protect+1"],"special_seed":0,"relics":["PureWater","Girya","Pen Nib","Question Card","MawBank","Regal Pillow","Philosopher\u0027s Stone","Astrolabe"],"potions_floor_usage":[36],"damage_taken":[{"damage":7.0,"enemies":"2 Louse","floor":1.0,"turns":3.0},{"damage":0.0,"enemies":"Jaw Worm","floor":4.0,"turns":2.0},{"damage":0.0,"enemies":"Small Slimes","floor":5.0,"turns":2.0},{"damage":0.0,"enemies":"Gremlin Nob","floor":7.0,"turns":2.0},{"damage":6.0,"enemies":"Exordium Wildlife","floor":8.0,"turns":2.0},{"damage":0.0,"enemies":"2 Fungi Beasts","floor":10.0,"turns":1.0},{"damage":4.0,"enemies":"3 Sentries","floor":13.0,"turns":2.0},{"damage":5.0,"enemies":"Looter","floor":14.0,"turns":2.0},{"damage":0.0,"enemies":"Slime Boss","floor":16.0,"turns":3.0},{"damage":10.0,"enemies":"2 Thieves","floor":18.0,"turns":4.0},{"damage":5.0,"enemies":"Shell Parasite","floor":19.0,"turns":3.0},{"damage":0.0,"enemies":"3 Cultists","floor":20.0,"turns":2.0},{"damage":7.0,"enemies":"Centurion and Healer","floor":22.0,"turns":3.0},{"damage":8.0,"enemies":"Snecko","floor":24.0,"turns":3.0},{"damage":0.0,"enemies":"3 Cultists","floor":25.0,"turns":3.0},{"damage":21.0,"enemies":"Snake Plant","floor":27.0,"turns":3.0},{"damage":8.0,"enemies":"Automaton","floor":33.0,"turns":6.0},{"damage":41.0,"enemies":"3 Darklings","floor":35.0,"turns":4.0},{"damage":20,"enemies":"3 Shapes","floor":36,"turns":5},{"damage":5,"enemies":"Sphere and 2 Shapes","floor":37,"turns":3}],"seed_played":"8195188135035223607","potions_obtained":[{"floor":5.0,"key":"SkillPotion"},{"floor":8.0,"key":"Block Potion"},{"floor":10.0,"key":"Swift Potion"},{"floor":16.0,"key":"PowerPotion"},{"floor":19.0,"key":"PowerPotion"},{"floor":22.0,"key":"BottledMiracle"},{"floor":27.0,"key":"Weak Potion"}],"is_trial":false,"path_per_floor":["M","?","$","M","M","R","E","M","T","M","R","?","E","M","R","B",null,"M","M","M","$","M","R","M","M","T","M","?","R","?","$","R","B",null,"M","M","M"],"character_chosen":"WATCHER","items_purchased":["Devotion","Consecrate","BattleHymn"],"campfire_rested":2,"item_purchase_floors":[21,21,31],"current_hp_per_floor":[40,40,40,40,40,40,40,34,34,34,34,27,23,18,52,52,65,55,50,50,50,43,43,35,35,35,14,35,35,35,35,65,57,65,24,4,0],"gold":257,"neow_bonus":"ONE_RARE_RELIC","is_prod":false,"is_daily":false,"chose_seed":false,"campfire_upgraded":1,"win_rate":0.0,"timestamp":1569528752,"path_taken":["M","?","?","M","M","R","E","M","T","M","R","?","E","M","R","BOSS","M","M","M","$","M","R","M","M","T","M","?","R","?","$","R","BOSS","M","M","M"],"build_version":"2019-09-25","purchased_purges":3,"victory":false,"max_hp_per_floor":[65,65,65,65,65,65,65,65,65,65,65,65,65,65,65,65,65,65,65,65,65,65,65,65,65,65,65,65,65,65,65,65,65,65,65,65,65],"card_choices":[{"not_picked":["EmptyFist","ThirdEye"],"picked":"Tantrum","floor":1.0},{"not_picked":["ThirdEye","ClearTheMind","EmptyFist"],"picked":"SKIP","floor":4.0},{"not_picked":["CarveReality","CutThroughFate"],"picked":"ClearTheMind","floor":5.0},{"not_picked":["Wallop","EmptyBody"],"picked":"Consecrate","floor":7.0},{"not_picked":["PathToVictory","ThirdEye","LessonLearned"],"picked":"FlyingSleeves","floor":8.0},{"not_picked":["WaveOfTheHand","Worship","Fasting"],"picked":"ForeignInfluence","floor":10.0},{"not_picked":["Worship","Wallop","Crescendo"],"picked":"FlyingSleeves","floor":13.0},{"not_picked":["EmptyFist","ThirdEye","EmptyMind"],"picked":"Perseverance","floor":14.0},{"not_picked":["Ragnarok","Brilliance","Nirvana"],"picked":"Establishment","floor":16.0},{"not_picked":["Halt","JustLucky","Scrawl"],"picked":"Protect+1","floor":18.0},{"not_picked":["FlyingSleeves","Sanctity+1","Swivel"],"picked":"Tantrum","floor":19.0},{"not_picked":["CleanseEvil","InnerPeace","Weave","Crescendo+1"],"picked":"SKIP","floor":20.0},{"not_picked":["Worship","Crescendo+1","CutThroughFate","EmptyMind"],"picked":"SKIP","floor":22.0},{"not_picked":["FollowUp+1","Sanctity","Halt"],"picked":"ClearTheMind","floor":24.0},{"not_picked":["CrushJoints","Evaluate","Sanctity","ThirdEye"],"picked":"SKIP","floor":25.0},{"not_picked":["FollowUp","SashWhip","Wallop"],"picked":"DeceiveReality","floor":27.0},{"not_picked":["LessonLearned","DeusExMachina","Judgement"],"picked":"Unraveling","floor":33.0},{"not_picked":["Crescendo+1","Weave+1","FlyingSleeves+1","Protect"],"picked":"SKIP","floor":35.0},{"not_picked":["ThirdEye+1","WindmillStrike","Meditate"],"picked":"Protect+1","floor":36}],"player_experience":230463,"relics_obtained":[{"floor":7.0,"key":"Question Card"},{"floor":9.0,"key":"MawBank"},{"floor":13.0,"key":"Regal Pillow"}],"event_choices":[{"damage_healed":0.0,"max_hp_gain":0.0,"max_hp_loss":0.0,"gold_gain":0.0,"event_name":"Big Fish","player_choice":"Box","floor":2.0,"gold_loss":0.0,"damage_taken":0.0,"relics_obtained":["Pen Nib"],"cards_obtained":["Regret"]},{"cards_removed":["Strike_P"],"damage_healed":0.0,"max_hp_gain":0.0,"max_hp_loss":0.0,"gold_gain":0.0,"event_name":"Golden Wing","player_choice":"Card Removal","floor":12.0,"gold_loss":0.0,"damage_taken":7.0},{"damage_healed":21.0,"max_hp_gain":0.0,"max_hp_loss":0.0,"gold_gain":0.0,"event_name":"The Library","player_choice":"Heal","floor":28.0,"gold_loss":0.0,"damage_taken":0.0},{"damage_healed":0.0,"max_hp_gain":0.0,"max_hp_loss":0.0,"gold_gain":0.0,"event_name":"Back to Basics","player_choice":"Simplicity","floor":30.0,"gold_loss":0.0,"damage_taken":0.0,"cards_upgraded":["Strike_P","Strike_P","Defend_P","Defend_P","Defend_P","Defend_P"]}],"is_beta":true,"boss_relics":[{"not_picked":["HolyWater","Ectoplasm"],"picked":"Philosopher\u0027s Stone"},{"not_picked":["Fusion Hammer","Empty Cage"],"picked":"Astrolabe"}],"items_purged_floors":[3,21,31],"is_endless":false,"potions_floor_spawned":[5,8,10,13,16,19,20,22,27],"killed_by":"Sphere and 2 Shapes","ascension_level":0}