{"gold_per_floor":[115,128,143,157,170,170,205,130,199,199,274,274,274,287,287,391,391,408,420,431,89,105,105,105,139,163,163,176,176,191,208,208,310,310,329,429,444,444,462,462,488,60,60,85,100,115,115,131,131,131],"floor_reached":50,"playtime":3149,"items_purged":["Strike_P","Strike_P","Strike_P"],"score":553,"play_id":"03b10d2f-8062-4b0e-b3c2-c64c09409720","local_time":"20190926230514","is_ascension_mode":false,"campfire_choices":[{"data":"Eruption","floor":6,"key":"SMITH"},{"data":"Establishment","floor":10,"key":"SMITH"},{"floor":12,"key":"REST"},{"data":"SandsOfTime","floor":15,"key":"SMITH"},{"data":"DevaForm","floor":23,"key":"SMITH"},{"data":"SandsOfTime","floor":27,"key":"SMITH"},{"data":"WindmillStrike","floor":29,"key":"SMITH"},{"data":"Defend_P","floor":32,"key":"SMITH"},{"floor":40,"key":"REST"},{"floor":47,"key":"RECALL"},{"data":"Strike_P","floor":49,"key":"PURGE"}],"neow_cost":"NONE","seed_source_timestamp":200422850893285,"circlet_count":0,"master_deck":["Defend_P+1","Defend_P","Defend_P","Defend_P","Eruption+1","Vigilance+1","DeusExMachina","SandsOfTime+1","Halt+1","Prostrate","Establishment+1","DevaForm+1","SandsOfTime+1","WindmillStrike+1","Vault","Tantrum","Vault","Swivel"],"relics":["PureWater","White Beast Statue","Bottled Lightning","Unceasing Top","Snecko Eye","Eternal Feather","Ancient Tea Set","War Paint","Sozu","Peace Pipe","Ginger","Happy Flower","Strawberry"],"potions_floor_usage":[7,20,25,25,33,41,50,50],"damage_taken":[{"damage":0,"enemies":"2 Louse","floor":1,"turns":3},{"damage":0,"enemies":"Cultist","floor":2,"turns":3},{"damage":5,"enemies":"Small Slimes","floor":3,"turns":3},{"damage":0,"enemies":"2 Fungi Beasts","floor":4,"turns":3},{"damage":9,"enemies":"Lots of Slimes","floor":5,"turns":6},{"damage":18,"enemies":"Lagavulin","floor":7,"turns":7},{"damage":0,"enemies":"Looter","floor":14,"turns":3},{"damage":22,"enemies":"Hexaghost","floor":16,"turns":8},{"damage":0,"enemies":"Spheric Guardian","floor":18,"turns":3},{"damage":5,"enemies":"Chosen","floor":19,"turns":3},{"damage":3,"enemies":"Centurion and Healer","floor":20,"turns":4},{"damage":10,"enemies":"Cultist and Chosen","floor":22,"turns":6},{"damage":18,"enemies":"Gremlin Leader","floor":25,"turns":4},{"damage":0,"enemies":"3 Cultists","floor":28,"turns":4},{"damage":12,"enemies":"Centurion and Healer","floor":30,"turns":4},{"damage":4,"enemies":"Snake Plant","floor":31,"turns":3},{"damage":38,"enemies":"Automaton","floor":33,"turns":8},{"damage":9,"enemies":"3 Shapes","floor":35,"turns":3},{"damage":6,"enemies":"Mind Bloom Boss Battle","floor":36,"turns":7},{"damage":11,"enemies":"Orb Walker","floor":37,"turns":3},{"damage":32,"enemies":"3 Darklings","floor":39,"turns":5},{"damage":13,"enemies":"Reptomancer","floor":41,"turns":2},{"damage":0,"enemies":"Giant Head","floor":44,"turns":6},{"damage":0,"enemies":"Maw","floor":45,"turns":5},{"damage":0,"enemies":"Transient","floor":46,"turns":5},{"damage":1,"enemies":"Jaw Worm Horde","floor":48,"turns":3},{"damage":48,"enemies":"Time Eater","floor":50,"turns":7}],"seed_played":"-592244544920429435","potions_obtained":[{"floor":5,"key":"AttackPotion"},{"floor":7,"key":"GamblersBrew"},{"floor":14,"key":"EssenceOfSteel"},{"floor":16,"key":"StancePotion"},{"floor":18,"key":"SteroidPotion"},{"floor":20,"key":"DuplicationPotion"},{"floor":25,"key":"Weak Potion"},{"floor":28,"key":"SteroidPotion"},{"floor":30,"key":"StancePotion"},{"floor":31,"key":"PowerPotion"},{"floor":33,"key":"FearPotion"}],"is_trial":false,"path_per_floor":["M","M","M","M","M","R","E","$","T","R","?","R","?","M","R","B",null,"M","M","M","$","M","R","?","E","T","R","M","R","M","M","R","B",null,"M","?","M","?","M","R","E","$","T","E","M","M","R","M","R","B"],"character_chosen":"WATCHER","items_purchased":["Eternal Feather","Vault","Happy Flower"],"campfire_rested":2,"item_purchase_floors":[21,42,42],"current_hp_per_floor":[65,65,60,60,51,51,33,33,33,33,22,41,41,41,41,19,65,65,60,57,57,47,53,53,35,35,44,44,53,41,37,46,8,65,56,50,39,39,7,35,22,22,22,29,29,29,38,37,46,0],"gold":131,"neow_bonus":"ONE_RANDOM_RARE_CARD","is_prod":false,"is_daily":false,"chose_seed":false,"campfire_upgraded":7,"win_rate":0.0,"timestamp":1569531914,"path_taken":["M","M","M","M","M","R","E","$","T","R","?","R","?","M","R","BOSS","M","?","M","$","M","R","?","E","T","R","M","R","M","M","R","BOSS","M","?","M","?","M","R","E","$","T","E","?","M","R","M","R","BOSS"],"build_version":"2019-09-25","purchased_purges":3,"victory":false,"max_hp_per_floor":[65,65,65,65,65,65,65,65,65,65,65,65,65,65,65,65,65,65,65,65,65,65,65,65,65,65,65,65,65,65,65,65,65,65,65,65,65,65,65,65,65,65,65,72,72,72,72,72,72,72],"card_choices":[{"not_picked":["Crescendo","Weave","ThirdEye"],"picked":"SKIP","floor":1},{"not_picked":["Collect","InnerPeace","CrushJoints"],"picked":"SKIP","floor":2},{"not_picked":["ClearTheMind","BowlingBash"],"picked":"SandsOfTime","floor":3},{"not_picked":["Collect","CrushJoints"],"picked":"Halt","floor":4},{"not_picked":["EmptyBody","Nirvana"],"picked":"Prostrate","floor":5},{"not_picked":["FollowUp","FlyingSleeves"],"picked":"Establishment","floor":7},{"not_picked":["Crescendo","WheelKick","Wallop"],"picked":"SKIP","floor":14},{"not_picked":["MasterReality","Nirvana"],"picked":"DevaForm","floor":16},{"not_picked":["Perseverance","Swivel","CarveReality"],"picked":"SKIP","floor":18},{"not_picked":["Crescendo","Prostrate","SashWhip"],"picked":"SKIP","floor":19},{"not_picked":["CrushJoints","BowlingBash+1","Sanctity"],"picked":"SKIP","floor":20},{"not_picked":["SashWhip","JustLucky","WreathOfFlame+1"],"picked":"SKIP","floor":22},{"not_picked":["CleanseEvil","SashWhip"],"picked":"WindmillStrike","floor":25},{"not_picked":["EmptyBody","Tantrum","CutThroughFate"],"picked":"SKIP","floor":28},{"not_picked":["ClearTheMind+1","Consecrate","Halt"],"picked":"SKIP","floor":30},{"not_picked":["EmptyFist","ClearTheMind","Pray"],"picked":"SKIP","floor":31},{"not_picked":["Nirvana","Judgement"],"picked":"Vault","floor":33},{"not_picked":["InnerPeace","WaveOfTheHand+1","Perseverance+1"],"picked":"SKIP","floor":35},{"not_picked":["FlurryOfBlows+1","FlyingSleeves+1","Sanctity+1"],"picked":"SKIP","floor":37},{"not_picked":["EmptyMind+1","ClearTheMind","ForeignInfluence"],"picked":"SKIP","floor":39},{"not_picked":["Crescendo","Fasting+1"],"picked":"Tantrum","floor":41},{"not_picked":["CarveReality+1","Prostrate+1","FollowUp+1"],"picked":"SKIP","floor":44},{"not_picked":["Conclude+1","TalkToTheHand","Halt"],"picked":"SKIP","floor":45},{"not_picked":["EmptyMind","FlowState","CarveReality"],"picked":"SKIP","floor":46},{"not_picked":["CutThroughFate+1","Worship"],"picked":"Swivel","floor":48}],"player_experience":232613,"relics_obtained":[{"floor":7,"key":"White Beast Statue"},{"floor":9,"key":"Bottled Lightning"},{"floor":25,"key":"Ancient Tea Set"},{"floor":26,"key":"War Paint"},{"floor":36,"key":"Peace Pipe"},{"floor":41,"key":"Ginger"},{"floor":44,"key":"Strawberry"}],"event_choices":[{"damage_healed":0,"gold_gain":75,"player_choice":"Gather Gold","damage_taken":11,"max_hp_gain":0,"max_hp_loss":0,"event_name":"World of Goop","floor":11,"gold_loss":0},{"damage_healed":0,"gold_gain":0,"player_choice":"Gave Potion","damage_taken":0,"relics_obtained":["Unceasing Top"],"max_hp_gain":0,"max_hp_loss":0,"event_name":"WeMeetAgain","floor":13,"gold_loss":0},{"damage_healed":0,"gold_gain":0,"player_choice":"Read","damage_taken":0,"max_hp_gain":0,"max_hp_loss":0,"event_name":"The Library","floor":24,"gold_loss":0,"cards_obtained":["SandsOfTime"]},{"damage_healed":0,"gold_gain":0,"player_choice":"Fight","damage_taken":0,"max_hp_gain":0,"max_hp_loss":0,"event_name":"MindBloom","floor":36,"gold_loss":0},{"damage_healed":0,"gold_gain":0,"player_choice":"Bought 0 Potions","damage_taken":0,"max_hp_gain":0,"max_hp_loss":0,"event_name":"The Woman in Blue","floor":38,"gold_loss":0}],"is_beta":true,"boss_relics":[{"not_picked":["Runic Dome","Calling Bell"],"picked":"Snecko Eye"},{"not_picked":["Tiny House","Velvet Choker"],"picked":"Sozu"}],"items_purged_floors":[8,21,42],"is_endless":false,"potions_floor_spawned":[5,7,14,16,18,19,20,22,25,28,30,31,33,35,36,37,39,41,44,45,46,48],"killed_by":"Time Eater","ascension_level":0}