{"gold_per_floor":[113,124,124,139,214,247,247,263,263,281,281],"floor_reached":11,"playtime":860,"items_purged":[],"score":79,"play_id":"7415e05f-3572-4be7-9c5d-2f87ca6a6c73","local_time":"20190721160134","is_ascension_mode":true,"campfire_choices":[{"floor":7,"key":"REST"}],"neow_cost":"CURSE","seed_source_timestamp":880950656769390,"circlet_count":0,"master_deck":["Strike_B","Strike_B","Strike_B","Defend_B","Defend_B","Zap","Dualcast","Parasite","Consume","Gash","Cold Snap","White Noise","Barrage","Consume","Conserve Battery","Storm","Chill"],"relics":["Cracked Core","Pantograph","Dodecahedron"],"potions_floor_usage":[6],"damage_taken":[{"damage":6,"enemies":"Jaw Worm","floor":1,"turns":3},{"damage":7,"enemies":"2 Louse","floor":2,"turns":2},{"damage":6,"enemies":"Small Slimes","floor":4,"turns":3},{"damage":21,"enemies":"3 Sentries","floor":6,"turns":7},{"damage":8,"enemies":"Looter","floor":8,"turns":3},{"damage":8,"enemies":"Blue Slaver","floor":10,"turns":3},{"damage":31,"enemies":"Gremlin Nob","floor":11,"turns":5}],"seed_played":"-1272788109608513117","potions_obtained":[{"floor":4,"key":"Dexterity Potion"},{"floor":8,"key":"SmokeBomb"}],"is_trial":false,"path_per_floor":["M","M","?","M","?","E","R","M","T","M","E"],"character_chosen":"DEFECT","items_purchased":[],"campfire_rested":1,"item_purchase_floors":[],"current_hp_per_floor":[69,62,62,56,45,24,46,38,38,30,0],"gold":281,"neow_bonus":"TRANSFORM_TWO_CARDS","is_prod":false,"is_daily":false,"chose_seed":false,"campfire_upgraded":0,"win_rate":0,"timestamp":1563742894,"path_taken":["M","M","?","M","?","E","R","M","T","M","E"],"build_version":"2019-07-17","purchased_purges":0,"victory":false,"max_hp_per_floor":[75,75,75,75,75,75,75,75,75,75,75],"card_choices":[{"not_picked":["Stack","Consume"],"picked":"Cold Snap","floor":1},{"not_picked":["Scrape","Streamline"],"picked":"White Noise","floor":2},{"not_picked":["Fusion","Tempest"],"picked":"Consume","floor":4},{"not_picked":["Consume","Double Energy"],"picked":"Conserve Battery","floor":6},{"not_picked":["Streamline","Tempest"],"picked":"Storm","floor":8},{"not_picked":["Steam","Barrage"],"picked":"Chill","floor":10}],"player_experience":53971,"relics_obtained":[{"floor":6,"key":"Pantograph"},{"floor":9,"key":"Dodecahedron"}],"event_choices":[{"damage_healed":0,"gold_gain":0,"cards_transformed":["Defend_B"],"player_choice":"Change","damage_taken":0,"max_hp_gain":0,"max_hp_loss":0,"event_name":"Living Wall","floor":3,"gold_loss":0,"cards_obtained":["Barrage"]},{"damage_healed":0,"gold_gain":75,"player_choice":"Gather Gold","damage_taken":11,"max_hp_gain":0,"max_hp_loss":0,"event_name":"World of Goop","floor":5,"gold_loss":0}],"is_beta":false,"boss_relics":[],"items_purged_floors":[],"is_endless":false,"potions_floor_spawned":[4,8],"killed_by":"Gremlin Nob","ascension_level":1}