{"gold_per_floor":[109,123,48,60,135,135,164,164,219,253,266,282,313,26,26,127,127,146,146,158,170,85,85,184,219,219,219,230,230,256,275,275,373,373,392,55,69,84,34,34,34,54,54,154,154,154],"floor_reached":46,"playtime":2370,"items_purged":["Strike_P","Strike_P","Strike_P","Strike_P"],"score":554,"play_id":"86d4a7e7-8347-4d65-bac9-8ff57fa66fcb","local_time":"20190927135242","is_ascension_mode":true,"campfire_choices":[{"data":"BattleHymn","floor":6.0,"key":"SMITH"},{"data":"Consecrate","floor":8.0,"key":"SMITH"},{"data":"Conclude","floor":15.0,"key":"SMITH"},{"data":"Ragnarok","floor":23.0,"key":"SMITH"},{"data":"WreathOfFlame","floor":27.0,"key":"SMITH"},{"floor":32.0,"key":"REST"},{"data":"Alpha","floor":40.0,"key":"SMITH"},{"floor":45.0,"key":"REST"}],"neow_cost":"NONE","seed_source_timestamp":254181107759169,"circlet_count":0,"master_deck":["Defend_P","Defend_P","Defend_P","Defend_P","Eruption+1","Vigilance","FollowUp","ClearTheMind","BattleHymn+1","Consecrate+1","FlowState","Weave","JustLucky","CutThroughFate","Conclude+1","LessonLearned","Ragnarok+1","Crescendo+1","WreathOfFlame+1","JustLucky+1","ThirdEye","FollowUp","Alpha+1","ThirdEye","Tantrum","Weave+1","Crescendo+1"],"special_seed":0,"relics":["PureWater","Bag of Preparation","Tiny Chest","Lizard Tail","Omamori","Strawberry","Philosopher\u0027s Stone","Smiling Mask","Peace Pipe","Potion Belt","Happy Flower","Unceasing Top","Snecko Eye","Bottled Tornado","Nunchaku"],"potions_floor_usage":[46,46],"damage_taken":[{"damage":0.0,"enemies":"Cultist","floor":1.0,"turns":2.0},{"damage":0.0,"enemies":"2 Louse","floor":2.0,"turns":2.0},{"damage":1.0,"enemies":"Jaw Worm","floor":4.0,"turns":4.0},{"damage":23.0,"enemies":"Lagavulin","floor":7.0,"turns":4.0},{"damage":14.0,"enemies":"3 Sentries","floor":10.0,"turns":4.0},{"damage":0.0,"enemies":"2 Fungi Beasts","floor":11.0,"turns":2.0},{"damage":2.0,"enemies":"Looter","floor":12.0,"turns":2.0},{"damage":14.0,"enemies":"Gremlin Nob","floor":13.0,"turns":3.0},{"damage":0.0,"enemies":"Slime Boss","floor":16.0,"turns":4.0},{"damage":14.0,"enemies":"2 Thieves","floor":18.0,"turns":2.0},{"damage":2.0,"enemies":"Chosen","floor":20.0,"turns":3.0},{"damage":14.0,"enemies":"Centurion and Healer","floor":21.0,"turns":3.0},{"damage":21.0,"enemies":"Gremlin Leader","floor":25.0,"turns":3.0},{"damage":13.0,"enemies":"Snake Plant","floor":28.0,"turns":4.0},{"damage":25.0,"enemies":"Book of Stabbing","floor":30.0,"turns":4.0},{"damage":12.0,"enemies":"Shelled Parasite and Fungi","floor":31.0,"turns":3.0},{"damage":14.0,"enemies":"Champ","floor":33.0,"turns":6.0},{"damage":10.0,"enemies":"3 Shapes","floor":35.0,"turns":2.0},{"damage":0.0,"enemies":"3 Darklings","floor":37.0,"turns":2.0},{"damage":33.0,"enemies":"Spire Growth","floor":38.0,"turns":4.0},{"damage":32.0,"enemies":"Writhing Mass","floor":42.0,"turns":3.0},{"damage":0.0,"enemies":"Mind Bloom Boss Battle","floor":44.0,"turns":3.0},{"damage":41,"enemies":"Maw","floor":46,"turns":2}],"seed_played":"369392539198998926","potions_obtained":[{"floor":4.0,"key":"Dexterity Potion"},{"floor":7.0,"key":"Ambrosia"},{"floor":10.0,"key":"Fire Potion"},{"floor":21.0,"key":"Swift Potion"},{"floor":25.0,"key":"Strength Potion"},{"floor":31.0,"key":"FearPotion"},{"floor":35.0,"key":"Strength Potion"},{"floor":44.0,"key":"Dexterity Potion"}],"is_trial":false,"path_per_floor":["M","M","$","M","?","R","E","R","T","E","M","M","E","$","R","B",null,"M","?","M","M","?","R","?","E","T","R","M","T","E","M","R","B",null,"M","$","M","M","$","R","$","M","T","?","R","M"],"character_chosen":"WATCHER","items_purchased":["Conclude","Strawberry","Bottled Tornado","ThirdEye"],"campfire_rested":2,"item_purchase_floors":[14,14,36,36],"current_hp_per_floor":[72,72,72,71,60,60,37,37,37,23,23,21,7,14,14,14,79,65,50,48,34,34,34,34,13,13,13,42,42,17,5,30,16,84,74,74,74,41,41,41,41,9,9,9,34,0],"gold":154,"neow_bonus":"UPGRADE_CARD","is_prod":false,"is_daily":false,"chose_seed":false,"campfire_upgraded":6,"win_rate":0,"timestamp":1569585162,"path_taken":["M","?","$","M","?","R","E","R","T","E","M","M","E","$","R","BOSS","M","?","M","M","?","R","?","E","T","R","M","?","E","M","R","BOSS","M","$","M","M","$","R","$","M","T","?","R","M"],"build_version":"2019-09-26","purchased_purges":4,"victory":false,"max_hp_per_floor":[72,72,72,72,72,72,72,72,72,72,72,72,72,79,79,79,79,79,84,84,84,84,84,84,84,84,84,84,84,84,84,84,84,84,84,84,84,84,84,84,84,84,84,84,84,84],"card_choices":[{"not_picked":["JustLucky","MasterReality"],"picked":"FollowUp","floor":1.0},{"not_picked":["EmptyBody","FlurryOfBlows"],"picked":"ClearTheMind","floor":2.0},{"not_picked":["PathToVictory","ClearTheMind"],"picked":"BattleHymn","floor":4.0},{"not_picked":["Vengeance","FearNoEvil"],"picked":"Consecrate","floor":7.0},{"not_picked":["BowlingBash","Scrawl"],"picked":"FlowState","floor":10.0},{"not_picked":["Devotion","Wireheading"],"picked":"Weave","floor":11.0},{"not_picked":["BowlingBash","ClearTheMind"],"picked":"JustLucky","floor":12.0},{"not_picked":["Sanctity","Collect"],"picked":"CutThroughFate","floor":13.0},{"not_picked":["DeusExMachina","Pray"],"picked":"LessonLearned","floor":16.0},{"not_picked":["CarveReality","Halt","ClearTheMind"],"picked":"SKIP","floor":18.0},{"not_picked":["Protect","Prostrate+1"],"picked":"Ragnarok","floor":20.0},{"not_picked":["Indignation","SpiritShield+1"],"picked":"Crescendo+1","floor":21.0},{"not_picked":["ClearTheMind","Wireheading"],"picked":"WreathOfFlame","floor":25.0},{"not_picked":["Prostrate+1","Vengeance+1"],"picked":"JustLucky","floor":28.0},{"not_picked":["Wireheading+1","ClearTheMind"],"picked":"ThirdEye","floor":30.0},{"not_picked":["CrushJoints+1","BattleHymn"],"picked":"FollowUp","floor":31.0},{"not_picked":["Wish","DevaForm"],"picked":"Alpha","floor":33.0},{"not_picked":["Halt","EmptyFist","InnerPeace"],"picked":"SKIP","floor":35.0},{"not_picked":["FlurryOfBlows","Conclude","Worship"],"picked":"SKIP","floor":37.0},{"not_picked":["SashWhip+1","Halt"],"picked":"Tantrum","floor":38.0},{"not_picked":["JustLucky+1","EmptyMind"],"picked":"Weave+1","floor":42.0},{"not_picked":["SashWhip","JustLucky"],"picked":"Crescendo+1","floor":44.0}],"player_experience":251580,"relics_obtained":[{"floor":7.0,"key":"Bag of Preparation"},{"floor":9.0,"key":"Tiny Chest"},{"floor":10.0,"key":"Lizard Tail"},{"floor":13.0,"key":"Omamori"},{"floor":25.0,"key":"Peace Pipe"},{"floor":26.0,"key":"Potion Belt"},{"floor":29.0,"key":"Happy Flower"},{"floor":30.0,"key":"Unceasing Top"},{"floor":44.0,"key":"Nunchaku"}],"event_choices":[{"damage_healed":0.0,"max_hp_gain":0.0,"max_hp_loss":0.0,"gold_gain":75.0,"event_name":"World of Goop","player_choice":"Gather Gold","floor":5.0,"gold_loss":0.0,"damage_taken":11.0},{"damage_healed":0.0,"max_hp_gain":5.0,"max_hp_loss":0.0,"gold_gain":0.0,"event_name":"Forgotten Altar","player_choice":"Shed Blood","floor":19.0,"gold_loss":0.0,"damage_taken":20.0},{"damage_healed":0.0,"max_hp_gain":0.0,"max_hp_loss":0.0,"gold_gain":0.0,"event_name":"Addict","player_choice":"Obtained Relic","floor":22.0,"gold_loss":85.0,"damage_taken":0.0,"relics_obtained":["Smiling Mask"]},{"damage_healed":0.0,"max_hp_gain":0.0,"max_hp_loss":0.0,"gold_gain":99.0,"event_name":"Nest","player_choice":"Stole From Cult","floor":24.0,"gold_loss":0.0,"damage_taken":0.0},{"damage_healed":0.0,"max_hp_gain":0.0,"max_hp_loss":0.0,"gold_gain":0.0,"event_name":"MindBloom","player_choice":"Fight","floor":44.0,"gold_loss":0.0,"damage_taken":0.0}],"is_beta":true,"boss_relics":[{"not_picked":["Empty Cage","Astrolabe"],"picked":"Philosopher\u0027s Stone"},{"not_picked":["Tiny House","Coffee Dripper"],"picked":"Snecko Eye"}],"items_purged_floors":[3,14,36,39],"is_endless":false,"potions_floor_spawned":[4,7,10,21,25,31,35,44],"killed_by":"Maw","ascension_level":1}