{"gold_per_floor":[110,130,130,130,142,175,190,190,236,288,315,334,369,395,395,495,495,513,513,524,524,544,571,583,611,623,635,662,686,698,728,740,848,860,886,928,954,984,1014,1056,1068,34,58,58,78,89,119,139,139,139],"floor_reached":51,"playtime":2944,"items_purged":["Flex"],"score":1190,"play_id":"f4647fb6-82f5-43e9-932b-17739d6738ab","local_time":"20190927210004","is_ascension_mode":true,"campfire_choices":[{"floor":8.0,"key":"REST"},{"floor":15.0,"key":"REST"},{"floor":27.0,"key":"REST"},{"floor":32.0,"key":"REST"},{"floor":41.0,"key":"REST"},{"floor":44.0,"key":"REST"},{"data":"Corruption","floor":49,"key":"SMITH"}],"neow_cost":"PERCENT_DAMAGE","seed_source_timestamp":0,"circlet_count":0,"master_deck":["Strike_R+1","Strike_R+1","Strike_R+1","Strike_R+1","Strike_R+1","Defend_R+1","Defend_R+1","Defend_R+1","Defend_R+1","Bash","Immolate","Flex","Pommel Strike","Cleave","Corruption+1","Clash+1","Perfected Strike+1","Cleave","Flex+1","Impervious+1","Clash+1","Shrug It Off+1","Flex+1","Armaments+1","Intimidate+1","Heavy Blade","Writhe","Anger+1","Headbutt+1","Corruption+1","Headbutt","Immolate","Clumsy","Doubt","Regret","Armaments+1","Headbutt+1","Limit Break+1","Heavy Blade+1","Ghostly Armor+1","Body Slam+1","Reaper","Forethought+1","Shockwave+1","Normality","Intimidate+1","Shrug It Off+1","Reckless Charge+1","Immolate","Flex+1"],"special_seed":0,"relics":["Burning Blood","Self Forming Clay","Dream Catcher","Vajra","Toxic Egg 2","Dead Branch","Potion Belt","Cursed Key","Spirit Poop","Bronze Scales","MawBank","PreservedInsect","Calling Bell","Bag of Marbles","Shuriken","Nunchaku","Tiny Chest","Happy Flower","Brimstone","Bag of Preparation","Calipers","Whetstone","Dodecahedron"],"potions_floor_usage":[50],"damage_taken":[{"damage":0.0,"enemies":"Small Slimes","floor":1.0,"turns":2.0},{"damage":0.0,"enemies":"Cultist","floor":2.0,"turns":2.0},{"damage":2.0,"enemies":"Jaw Worm","floor":5.0,"turns":2.0},{"damage":54.0,"enemies":"Lagavulin","floor":6.0,"turns":6.0},{"damage":12.0,"enemies":"Exordium Thugs","floor":7.0,"turns":4.0},{"damage":16.0,"enemies":"3 Sentries","floor":11.0,"turns":4.0},{"damage":9.0,"enemies":"Red Slaver","floor":12.0,"turns":3.0},{"damage":34.0,"enemies":"Lagavulin","floor":13.0,"turns":6.0},{"damage":11.0,"enemies":"Slime Boss","floor":16.0,"turns":5.0},{"damage":2.0,"enemies":"3 Byrds","floor":18.0,"turns":3.0},{"damage":0.0,"enemies":"Shell Parasite","floor":20.0,"turns":1.0},{"damage":9.0,"enemies":"Centurion and Healer","floor":22.0,"turns":3.0},{"damage":9.0,"enemies":"Gremlin Leader","floor":23.0,"turns":13.0},{"damage":19.0,"enemies":"Snake Plant","floor":24.0,"turns":2.0},{"damage":25.0,"enemies":"Book of Stabbing","floor":25.0,"turns":4.0},{"damage":3.0,"enemies":"Shelled Parasite and Fungi","floor":28.0,"turns":2.0},{"damage":0.0,"enemies":"Chosen and Byrds","floor":29.0,"turns":3.0},{"damage":16.0,"enemies":"Snake Plant","floor":31.0,"turns":2.0},{"damage":55.0,"enemies":"Collector","floor":33.0,"turns":11.0},{"damage":6.0,"enemies":"3 Shapes","floor":35.0,"turns":2.0},{"damage":28.0,"enemies":"3 Darklings","floor":37.0,"turns":4.0},{"damage":16.0,"enemies":"Jaw Worm Horde","floor":38.0,"turns":4.0},{"damage":0.0,"enemies":"4 Shapes","floor":39.0,"turns":3.0},{"damage":28.0,"enemies":"Nemesis","floor":40.0,"turns":5.0},{"damage":15.0,"enemies":"Sphere and 2 Shapes","floor":45.0,"turns":3.0},{"damage":1.0,"enemies":"Maw","floor":46.0,"turns":3.0},{"damage":23.0,"enemies":"Reptomancer","floor":47.0,"turns":11.0},{"damage":3.0,"enemies":"Transient","floor":48.0,"turns":5.0},{"damage":22,"enemies":"Awakened One","floor":50,"turns":6}],"seed_played":"2541696001209157833","potions_obtained":[{"floor":1.0,"key":"Energy Potion"},{"floor":2.0,"key":"Swift Potion"},{"floor":4.0,"key":"BloodPotion"},{"floor":4.0,"key":"GamblersBrew"},{"floor":6.0,"key":"PowerPotion"},{"floor":12.0,"key":"Block Potion"},{"floor":16.0,"key":"AttackPotion"},{"floor":20.0,"key":"AttackPotion"},{"floor":22.0,"key":"Weak Potion"},{"floor":24.0,"key":"SkillPotion"},{"floor":29.0,"key":"SpeedPotion"},{"floor":38.0,"key":"Fire Potion"},{"floor":39.0,"key":"EssenceOfSteel"},{"floor":48.0,"key":"Weak Potion"}],"is_trial":false,"path_per_floor":["M","M","?","?","M","E","M","R","T","?","E","M","E","T","R","B",null,"M","?","M","?","M","E","M","E","T","R","M","M","?","M","R","B",null,"M","?","M","M","M","E","R","$","T","R","M","M","E","M","R","B",null],"character_chosen":"IRONCLAD","items_purchased":["Brimstone","Bag of Preparation","Calipers","Reaper","Forethought+1","Shockwave+1","GamblersBrew"],"campfire_rested":6,"item_purchase_floors":[42,42,42,42,42,42,42],"current_hp_per_floor":[62,68,68,68,72,24,18,42,42,42,32,29,21,21,45,40,70,74,74,80,80,77,74,61,42,42,66,69,75,75,65,80,31,68,68,68,46,36,42,20,44,44,44,68,59,64,47,71,71,55],"gold":139,"neow_bonus":"THREE_RARE_CARDS","is_prod":false,"is_daily":false,"chose_seed":false,"campfire_upgraded":1,"win_rate":0,"timestamp":1569610804,"path_taken":["M","M","?","?","?","E","M","R","T","?","E","M","E","?","R","BOSS","M","?","M","?","M","E","M","E","T","R","M","?","?","M","R","BOSS","M","?","M","M","M","E","R","$","T","R","M","?","E","M","R","BOSS"],"build_version":"2019-07-17","purchased_purges":1,"victory":true,"max_hp_per_floor":[80,80,80,80,80,80,80,80,80,80,80,80,80,80,80,80,80,80,80,80,80,80,80,80,80,80,80,80,80,80,80,80,80,80,80,80,80,80,80,80,80,80,80,80,80,80,80,80,80,80],"card_choices":[{"not_picked":["Fiend Fire","Limit Break"],"picked":"Immolate","floor":0.0},{"not_picked":["Whirlwind","Burning Pact"],"picked":"Flex","floor":1.0},{"not_picked":["Dual Wield","Headbutt"],"picked":"Flex","floor":2.0},{"not_picked":["Bloodletting","Fire Breathing"],"picked":"Pommel Strike","floor":5.0},{"not_picked":["Rupture","Double Tap"],"picked":"Cleave","floor":6.0},{"not_picked":["Clash","Pummel"],"picked":"Corruption","floor":7.0},{"not_picked":["Dropkick","Cleave"],"picked":"Clash","floor":8.0},{"not_picked":["True Grit","Corruption"],"picked":"Clash","floor":11.0},{"not_picked":["Havoc+1","Combust"],"picked":"Perfected Strike","floor":12.0},{"not_picked":["Havoc+1","Berserk"],"picked":"Cleave","floor":13.0},{"not_picked":["Perfected Strike","Fire Breathing"],"picked":"Flex+1","floor":15.0},{"not_picked":["Brutality","Double Tap+1"],"picked":"Impervious+1","floor":16.0},{"not_picked":["Seeing Red+1","Corruption"],"picked":"Clash+1","floor":18.0},{"not_picked":["Iron Wave+1","Perfected Strike+1"],"picked":"Shrug It Off+1","floor":20.0},{"not_picked":["Reckless Charge","Intimidate+1"],"picked":"Flex+1","floor":22.0},{"not_picked":["Combust","Clash"],"picked":"Armaments+1","floor":23.0},{"not_picked":["Perfected Strike+1","Sword Boomerang+1"],"picked":"Intimidate+1","floor":24.0},{"not_picked":["Body Slam","Thunderclap"],"picked":"Heavy Blade","floor":25.0},{"not_picked":["Combust+1","Metallicize"],"picked":"Anger+1","floor":28.0},{"not_picked":["Reckless Charge","Pommel Strike+1"],"picked":"Headbutt+1","floor":29.0},{"not_picked":["Headbutt","Havoc+1"],"picked":"Corruption+1","floor":31.0},{"not_picked":["Combust","Carnage"],"picked":"Headbutt","floor":32.0},{"not_picked":["Barricade","Dark Embrace"],"picked":"Immolate","floor":33.0},{"not_picked":["Anger","Thunderclap"],"picked":"Armaments+1","floor":35.0},{"not_picked":["Infernal Blade+1","Clash+1"],"picked":"Headbutt+1","floor":37.0},{"not_picked":["Rupture+1","Warcry+1"],"picked":"Limit Break+1","floor":38.0},{"not_picked":["Rampage+1","Headbutt"],"picked":"Heavy Blade+1","floor":39.0},{"not_picked":["Sever Soul+1","Combust+1"],"picked":"Ghostly Armor+1","floor":40.0},{"not_picked":["Anger+1","Sword Boomerang+1"],"picked":"Body Slam+1","floor":41.0},{"not_picked":["Thunderclap","Sword Boomerang"],"picked":"Intimidate+1","floor":44.0},{"not_picked":["Sword Boomerang+1","Havoc+1"],"picked":"Shrug It Off+1","floor":45.0},{"not_picked":["Iron Wave","Evolve+1"],"picked":"Reckless Charge+1","floor":46.0},{"not_picked":["Uppercut+1","Warcry+1"],"picked":"Immolate","floor":47.0},{"not_picked":["Dual Wield+1","Shrug It Off+1"],"picked":"Flex+1","floor":48.0}],"player_experience":442971,"relics_obtained":[{"floor":6.0,"key":"Dream Catcher"},{"floor":9.0,"key":"Vajra"},{"floor":11.0,"key":"Toxic Egg 2"},{"floor":13.0,"key":"Dead Branch"},{"floor":14.0,"key":"Potion Belt"},{"floor":23.0,"key":"Bronze Scales"},{"floor":25.0,"key":"MawBank"},{"floor":26.0,"key":"PreservedInsect"},{"floor":34.0,"key":"Bag of Marbles"},{"floor":34.0,"key":"Shuriken"},{"floor":34.0,"key":"Nunchaku"},{"floor":40.0,"key":"Happy Flower"},{"floor":43.0,"key":"Whetstone"},{"floor":47.0,"key":"Dodecahedron"}],"event_choices":[{"damage_healed":0.0,"max_hp_gain":0.0,"max_hp_loss":0.0,"gold_gain":0.0,"event_name":"Big Fish","player_choice":"Box","floor":3.0,"gold_loss":0.0,"damage_taken":0.0,"relics_obtained":["Self Forming Clay"],"cards_obtained":["Regret"]},{"damage_healed":0.0,"max_hp_gain":0.0,"max_hp_loss":0.0,"gold_gain":0.0,"event_name":"Lab","player_choice":"Got Potions","floor":4.0,"gold_loss":0.0,"damage_taken":0.0},{"damage_healed":0.0,"max_hp_gain":0.0,"max_hp_loss":0.0,"gold_gain":52.0,"event_name":"Golden Wing","player_choice":"Gained Gold","floor":10.0,"gold_loss":0.0,"damage_taken":0.0},{"damage_healed":0.0,"max_hp_gain":0.0,"max_hp_loss":0.0,"gold_gain":0.0,"cards_transformed":["Regret"],"event_name":"Transmorgrifier","player_choice":"Transformed","floor":19.0,"gold_loss":0.0,"damage_taken":0.0,"cards_obtained":["Injury"]},{"cards_removed":["Injury"],"damage_healed":0.0,"max_hp_gain":0.0,"max_hp_loss":0.0,"gold_gain":0.0,"event_name":"Bonfire Elementals","player_choice":"Offered Curse","floor":21.0,"gold_loss":0.0,"damage_taken":0.0,"relics_obtained":["Spirit Poop"]},{"damage_healed":0.0,"max_hp_gain":0.0,"max_hp_loss":0.0,"gold_gain":0.0,"event_name":"Back to Basics","player_choice":"Simplicity","floor":30.0,"gold_loss":0.0,"damage_taken":0.0,"cards_upgraded":["Strike_R","Strike_R","Strike_R","Strike_R","Strike_R","Defend_R","Defend_R","Defend_R","Defend_R"]},{"cards_removed":["Clash"],"damage_healed":0.0,"max_hp_gain":0.0,"max_hp_loss":0.0,"gold_gain":0.0,"event_name":"WeMeetAgain","player_choice":"Gave Card","floor":36.0,"gold_loss":0.0,"damage_taken":0.0,"relics_obtained":["Tiny Chest"]}],"is_beta":false,"boss_relics":[{"not_picked":["Coffee Dripper","Tiny House"],"picked":"Cursed Key"},{"not_picked":["Runic Pyramid","Eternal Feather"],"picked":"Calling Bell"}],"items_purged_floors":[42],"is_endless":false,"potions_floor_spawned":[1,2,6,12,16,20,22,24,29,38,39,48],"ascension_level":5}