{"gold_per_floor":[112,112,187,204,219,219,230,262,262,290,349,368,378,403,403,507,507,527,527,540,10,10,45,45,102,102,115,115,131,231,35,35,139,139,152,152,162,182,201,229,229,229,254,265,277,277,297,38,38,38,38,38,38,69,69],"floor_reached":55,"playtime":3623,"items_purged":["Strike_R"],"score":997,"play_id":"8abc2758-54df-4230-ae3d-9301c3836077","local_time":"20190823102103","is_ascension_mode":true,"campfire_choices":[{"data":"Fiend Fire","floor":6.0,"key":"SMITH"},{"data":"Armaments","floor":15.0,"key":"SMITH"},{"data":"RitualDagger","floor":24.0,"key":"SMITH"},{"data":"Clothesline","floor":28.0,"key":"SMITH"},{"floor":32.0,"key":"REST"},{"data":"Feel No Pain","floor":41.0,"key":"SMITH"},{"data":"Disarm","floor":46.0,"key":"SMITH"},{"floor":49.0,"key":"RECALL"},{"data":"Feel No Pain","floor":52.0,"key":"SMITH"}],"neow_cost":"NONE","seed_source_timestamp":269585391054424,"circlet_count":0,"master_deck":["Strike_R","Strike_R","Defend_R","Defend_R","Defend_R","Defend_R","Bash","Fiend Fire+1","Armaments+1","Sword Boomerang","Shrug It Off","Clothesline+1","Disarm+1","Reaper","Flex","Havoc","Second Wind","True Grit","Immolate","Headbutt","RitualDagger+1","Immolate","Inflame","Feel No Pain+1","Entrench+1","Impervious+1","Uppercut","Havoc+1","Havoc+1","Infernal Blade+1","Sentinel+1","Shrug It Off+1","Shockwave+1","Secret Weapon+1","Feel No Pain+1","Corruption"],"special_seed":0,"relics":["Burning Blood","Bottled Flame","Thread and Needle","StoneCalendar","Pocketwatch","Ginger","Runic Cube","Torii","Blood Vial","Toxic Egg 2","Tiny Chest","Champion Belt","Pear","Nunchaku","Bag of Preparation","Empty Cage","Molten Egg 2","Red Skull"],"potions_floor_usage":[55],"damage_taken":[{"damage":0.0,"enemies":"Cultist","floor":1.0,"turns":4.0},{"damage":5.0,"enemies":"Small Slimes","floor":4.0,"turns":2.0},{"damage":0.0,"enemies":"Jaw Worm","floor":5.0,"turns":3.0},{"damage":8.0,"enemies":"3 Louse","floor":7.0,"turns":4.0},{"damage":24.0,"enemies":"Lagavulin","floor":8.0,"turns":7.0},{"damage":20.0,"enemies":"3 Sentries","floor":10.0,"turns":11.0},{"damage":15.0,"enemies":"Lagavulin Event","floor":11.0,"turns":5.0},{"damage":0.0,"enemies":"Large Slime","floor":12.0,"turns":6.0},{"damage":0.0,"enemies":"Looter","floor":13.0,"turns":2.0},{"damage":6.0,"enemies":"Lagavulin","floor":14.0,"turns":3.0},{"damage":3.0,"enemies":"Hexaghost","floor":16.0,"turns":9.0},{"damage":2.0,"enemies":"2 Thieves","floor":18.0,"turns":4.0},{"damage":7.0,"enemies":"Spheric Guardian","floor":20.0,"turns":3.0},{"damage":2.0,"enemies":"Book of Stabbing","floor":23.0,"turns":7.0},{"damage":58.0,"enemies":"Slavers","floor":25.0,"turns":5.0},{"damage":0.0,"enemies":"Snake Plant","floor":27.0,"turns":2.0},{"damage":15.0,"enemies":"3 Cultists","floor":29.0,"turns":4.0},{"damage":19.0,"enemies":"Colosseum Slavers","floor":30.0,"turns":6.0},{"damage":2.0,"enemies":"Colosseum Nobs","floor":30.0,"turns":3.0},{"damage":61.0,"enemies":"Automaton","floor":33.0,"turns":8.0},{"damage":12.0,"enemies":"3 Shapes","floor":35.0,"turns":4.0},{"damage":23.0,"enemies":"3 Darklings","floor":37.0,"turns":7.0},{"damage":20.0,"enemies":"Sphere and 2 Shapes","floor":38.0,"turns":3.0},{"damage":1.0,"enemies":"Spire Growth","floor":39.0,"turns":4.0},{"damage":36.0,"enemies":"Reptomancer","floor":40.0,"turns":9.0},{"damage":20.0,"enemies":"3 Darklings","floor":44.0,"turns":5.0},{"damage":12.0,"enemies":"Sphere and 2 Shapes","floor":45.0,"turns":6.0},{"damage":5.0,"enemies":"4 Shapes","floor":47.0,"turns":6.0},{"damage":66.0,"enemies":"Awakened One","floor":50.0,"turns":17.0},{"damage":97,"enemies":"Shield and Spear","floor":54,"turns":8},{"damage":29,"enemies":"The Heart","floor":55,"turns":2}],"seed_played":"8545204667058874394","potions_obtained":[{"floor":4.0,"key":"Fire Potion"},{"floor":12.0,"key":"AttackPotion"},{"floor":13.0,"key":"Block Potion"},{"floor":20.0,"key":"SkillPotion"},{"floor":27.0,"key":"FairyPotion"},{"floor":29.0,"key":"Poison Potion"},{"floor":38.0,"key":"Explosive Potion"},{"floor":44.0,"key":"Fire Potion"}],"is_trial":false,"path_per_floor":["M","?","?","M","M","R","M","E","T","E","?","M","M","E","R","B",null,"M","?","M","$","?","E","R","E","T","M","R","M","?","$","R","B",null,"M","?","M","M","M","E","R","?","T","M","M","R","M","$","R","B",null,"R","$","E","B"],"character_chosen":"IRONCLAD","items_purchased":["Torii","Blood Vial","Bag of Preparation","PowerPotion","Secret Weapon+1","Feel No Pain"],"campfire_rested":1,"item_purchase_floors":[21,21,31,31,48,48],"current_hp_per_floor":[78,83,72,73,79,79,77,59,59,45,36,42,48,48,48,51,77,81,65,64,64,58,64,64,26,26,34,34,27,38,38,68,15,79,75,75,83,71,78,62,62,67,67,69,65,65,82,82,82,36,84,84,84,14,0],"gold":69,"neow_bonus":"ONE_RANDOM_RARE_CARD","is_prod":false,"is_daily":false,"chose_seed":false,"campfire_upgraded":7,"win_rate":0,"timestamp":1566573663,"path_taken":["M","?","?","M","M","R","M","E","T","E","?","M","M","E","R","BOSS","M","?","M","$","?","E","R","E","T","M","R","M","?","?","R","BOSS","M","?","?","M","M","E","R","?","T","M","M","R","M","?","R","BOSS","R","$","E","BOSS"],"build_version":"2019-07-17","purchased_purges":1,"victory":false,"max_hp_per_floor":[80,85,85,85,85,85,85,85,85,85,85,85,85,85,85,85,85,85,90,90,90,90,90,90,90,90,90,90,90,100,100,100,100,100,100,100,100,100,100,100,100,100,100,100,100,100,100,100,100,100,100,100,100,100,100],"card_choices":[{"not_picked":["Shrug It Off","Twin Strike"],"picked":"Armaments","floor":1.0},{"not_picked":["Cleave","Entrench"],"picked":"Sword Boomerang","floor":4.0},{"not_picked":["Ghostly Armor","Blood for Blood"],"picked":"Shrug It Off","floor":5.0},{"not_picked":["True Grit","Double Tap"],"picked":"Clothesline","floor":7.0},{"not_picked":["Thunderclap","Body Slam"],"picked":"Disarm","floor":8.0},{"not_picked":["Carnage","Reckless Charge"],"picked":"Reaper","floor":10.0},{"not_picked":["Intimidate","Fire Breathing"],"picked":"Flex","floor":11.0},{"not_picked":["Thunderclap","Searing Blow"],"picked":"Havoc","floor":12.0},{"not_picked":["Wild Strike","Armaments"],"picked":"Second Wind","floor":13.0},{"not_picked":["Rupture","Twin Strike"],"picked":"True Grit","floor":14.0},{"not_picked":["Exhume","Brutality"],"picked":"Immolate","floor":16.0},{"not_picked":["Wild Strike+1","Hemokinesis"],"picked":"Headbutt","floor":18.0},{"not_picked":["Intimidate","Clash","Rupture"],"picked":"SKIP","floor":20.0},{"not_picked":["Heavy Blade+1","Second Wind","Berserk"],"picked":"SKIP","floor":23.0},{"not_picked":["Wild Strike+1","Headbutt"],"picked":"Immolate","floor":25.0},{"not_picked":["Twin Strike","Rupture"],"picked":"Inflame","floor":27.0},{"not_picked":["Pommel Strike","Clash"],"picked":"Feel No Pain","floor":29.0},{"not_picked":["Pommel Strike","Armaments+1"],"picked":"Entrench+1","floor":30.0},{"not_picked":["Exhume+1","Dark Embrace"],"picked":"Impervious+1","floor":33.0},{"not_picked":["Thunderclap","Sword Boomerang"],"picked":"Flex+1","floor":35.0},{"not_picked":["Sentinel+1","Warcry+1"],"picked":"Havoc+1","floor":37.0},{"not_picked":["Headbutt","Fiend Fire"],"picked":"Havoc+1","floor":38.0},{"not_picked":["Cleave+1","Shrug It Off+1"],"picked":"Infernal Blade+1","floor":39.0},{"not_picked":["Anger","Ghostly Armor+1","Wild Strike+1"],"picked":"SKIP","floor":40.0},{"not_picked":["Entrench+1","Armaments+1"],"picked":"Sentinel+1","floor":44.0},{"not_picked":["Sentinel+1","Havoc+1"],"picked":"Shrug It Off+1","floor":45.0},{"not_picked":["Heavy Blade+1","Armaments+1"],"picked":"Shockwave+1","floor":47.0},{"not_picked":["Clash+1","Hemokinesis+1"],"picked":"Corruption","floor":54}],"player_experience":196612,"relics_obtained":[{"floor":8.0,"key":"Bottled Flame"},{"floor":9.0,"key":"Thread and Needle"},{"floor":10.0,"key":"StoneCalendar"},{"floor":14.0,"key":"Ginger"},{"floor":23.0,"key":"Toxic Egg 2"},{"floor":25.0,"key":"Tiny Chest"},{"floor":26.0,"key":"Champion Belt"},{"floor":30.0,"key":"Pear"},{"floor":30.0,"key":"Nunchaku"},{"floor":40.0,"key":"Molten Egg 2"},{"floor":54,"key":"Red Skull"}],"event_choices":[{"damage_healed":0.0,"max_hp_gain":5.0,"max_hp_loss":0.0,"gold_gain":0.0,"event_name":"Big Fish","player_choice":"Donut","floor":2.0,"gold_loss":0.0,"damage_taken":0.0},{"damage_healed":0.0,"max_hp_gain":0.0,"max_hp_loss":0.0,"gold_gain":75.0,"event_name":"World of Goop","player_choice":"Gather Gold","floor":3.0,"gold_loss":0.0,"damage_taken":11.0},{"damage_healed":0.0,"max_hp_gain":0.0,"max_hp_loss":0.0,"gold_gain":0.0,"event_name":"Dead Adventurer","player_choice":"Searched \u00272\u0027 times","floor":11.0,"gold_loss":0.0,"damage_taken":0.0,"relics_obtained":["Pocketwatch"]},{"damage_healed":0.0,"max_hp_gain":5.0,"max_hp_loss":0.0,"gold_gain":0.0,"event_name":"Forgotten Altar","player_choice":"Shed Blood","floor":19.0,"gold_loss":0.0,"damage_taken":21.0},{"damage_healed":0.0,"max_hp_gain":0.0,"max_hp_loss":0.0,"gold_gain":0.0,"event_name":"Nest","player_choice":"Joined the Cult","floor":22.0,"gold_loss":0.0,"damage_taken":6.0,"cards_obtained":["RitualDagger"]},{"damage_healed":0.0,"max_hp_gain":0.0,"max_hp_loss":0.0,"gold_gain":0.0,"event_name":"Colosseum","player_choice":"Fight","floor":30.0,"gold_loss":0.0,"damage_taken":0.0},{"damage_healed":0.0,"max_hp_gain":0.0,"max_hp_loss":0.0,"gold_gain":0.0,"event_name":"Colosseum","player_choice":"Fought Nobs","floor":30.0,"gold_loss":0.0,"damage_taken":0.0},{"damage_healed":0.0,"max_hp_gain":0.0,"max_hp_loss":0.0,"gold_gain":0.0,"event_name":"Match and Keep!","player_choice":"1 cards matched","floor":36.0,"gold_loss":0.0,"damage_taken":0.0,"cards_obtained":["Uppercut"]},{"cards_removed":["Flex"],"damage_healed":5.0,"max_hp_gain":0.0,"max_hp_loss":0.0,"gold_gain":0.0,"event_name":"Bonfire Elementals","player_choice":"Offered Common","floor":42.0,"gold_loss":0.0,"damage_taken":0.0},{"cards_removed":["Flex"],"damage_healed":5.0,"max_hp_gain":0.0,"max_hp_loss":0.0,"gold_gain":0.0,"event_name":"Bonfire Elementals","player_choice":"Offered Special","floor":42.0,"gold_loss":0.0,"damage_taken":0.0}],"is_beta":false,"boss_relics":[{"not_picked":["Busted Crown","Calling Bell"],"picked":"Runic Cube"},{"not_picked":["White Beast Statue","Eternal Feather"],"picked":"Empty Cage"}],"items_purged_floors":[21],"is_endless":false,"potions_floor_spawned":[4,12,13,20,27,29,30,38,44,47],"killed_by":"The Heart","ascension_level":6}