{"gold_per_floor":[11,30,30,49,49,88,88,88,88,108,129,129,147,107,107,232,232,247,247,7,282,301,301,326,366,366,389,389,389,389,414,414,414],"floor_reached":33,"playtime":2069,"items_purged":[],"score":280,"play_id":"9ae777f4-63bf-4383-8cd1-1564230102c4","local_time":"20190723093043","is_ascension_mode":true,"campfire_choices":[{"data":"Bash","floor":7,"key":"SMITH"},{"data":"Bludgeon","floor":12,"key":"SMITH"},{"floor":15,"key":"REST"},{"floor":23,"key":"RECALL"},{"data":"Reaper","floor":30,"key":"SMITH"},{"data":"Infernal Blade","floor":32,"key":"SMITH"}],"neow_cost":"NO_GOLD","seed_source_timestamp":1029090792712250,"circlet_count":0,"master_deck":["Strike_R+1","Strike_R+1","Strike_R+1","Strike_R+1","Strike_R+1","Defend_R+1","Defend_R+1","Defend_R+1","Defend_R+1","Bash+1","Bludgeon+1","Anger","Corruption+1","Spot Weakness","Iron Wave","Iron Wave","Headbutt","Infernal Blade+1","Reaper+1","Pommel Strike","Armaments","Regret","Clothesline+1","Twin Strike","Rupture+1","Anger+1","Carnage+1"],"relics":["Burning Blood","Golden Idol","Bottled Lightning","Paper Frog","Lizard Tail","HandDrill","Meat on the Bone","Magic Flower"],"potions_floor_usage":[4,6,13,16,16,22,27,33,33],"damage_taken":[{"damage":11,"enemies":"Jaw Worm","floor":1,"turns":2},{"damage":10,"enemies":"Small Slimes","floor":2,"turns":2},{"damage":0,"enemies":"2 Louse","floor":4,"turns":2},{"damage":29,"enemies":"3 Sentries","floor":6,"turns":8},{"damage":26,"enemies":"Exordium Thugs","floor":10,"turns":3},{"damage":7,"enemies":"3 Louse","floor":11,"turns":3},{"damage":15,"enemies":"Gremlin Gang","floor":13,"turns":4},{"damage":31,"enemies":"Hexaghost","floor":16,"turns":8},{"damage":30,"enemies":"2 Thieves","floor":18,"turns":4},{"damage":24,"enemies":"Spheric Guardian","floor":22,"turns":4},{"damage":39,"enemies":"Cultist and Chosen","floor":24,"turns":6},{"damage":72,"enemies":"Slavers","floor":25,"turns":7},{"damage":13,"enemies":"Snake Plant","floor":27,"turns":4},{"damage":12,"enemies":"Chosen and Byrds","floor":31,"turns":6},{"damage":95,"enemies":"Collector","floor":33,"turns":8}],"seed_played":"-976883352609334354","potions_obtained":[{"floor":2,"key":"AttackPotion"},{"floor":4,"key":"GamblersBrew"},{"floor":11,"key":"LiquidBronze"},{"floor":14,"key":"LiquidBronze"},{"floor":14,"key":"Weak Potion"},{"floor":14,"key":"Ancient Potion"},{"floor":18,"key":"Fruit Juice"},{"floor":25,"key":"Regen Potion"},{"floor":27,"key":"Regen Potion"}],"is_trial":false,"path_per_floor":["M","M","?","M","?","E","R","?","T","M","M","R","M","?","R","B",null,"M","?","$","?","M","R","M","E","T","M","?","?","R","M","R","B"],"character_chosen":"IRONCLAD","items_purchased":["HandDrill","Armaments"],"campfire_rested":1,"item_purchase_floors":[20,20],"current_hp_per_floor":[75,71,71,77,57,34,34,60,60,40,39,39,30,30,54,29,80,64,64,64,64,51,51,38,25,25,42,42,42,42,57,57,0],"gold":414,"neow_bonus":"THREE_RARE_CARDS","is_prod":false,"is_daily":false,"chose_seed":false,"campfire_upgraded":4,"win_rate":0,"timestamp":1563892243,"path_taken":["M","M","?","M","?","E","R","?","T","M","M","R","?","?","R","BOSS","M","?","$","?","?","R","M","E","T","M","?","?","R","M","R","BOSS"],"build_version":"2019-07-17","purchased_purges":0,"victory":false,"max_hp_per_floor":[80,80,80,80,80,80,80,80,80,80,80,80,80,80,80,80,80,80,80,80,80,85,85,85,85,85,85,85,85,85,85,85,85],"card_choices":[{"not_picked":["Double Tap","Immolate"],"picked":"Bludgeon","floor":0},{"not_picked":["Thunderclap","Combust"],"picked":"Anger","floor":1},{"not_picked":["Iron Wave","Burning Pact"],"picked":"Corruption","floor":2},{"not_picked":["Heavy Blade","Headbutt"],"picked":"Spot Weakness","floor":4},{"not_picked":["Cleave","Perfected Strike"],"picked":"Iron Wave","floor":6},{"not_picked":["Clash","Headbutt"],"picked":"Iron Wave","floor":10},{"not_picked":["Sword Boomerang","True Grit"],"picked":"Headbutt","floor":11},{"not_picked":["True Grit","Ghostly Armor"],"picked":"Infernal Blade","floor":13},{"not_picked":["Feed","Barricade"],"picked":"Reaper","floor":16},{"not_picked":["Heavy Blade+1","Burning Pact"],"picked":"Pommel Strike","floor":18},{"not_picked":["Sword Boomerang","Thunderclap+1"],"picked":"Clothesline+1","floor":22},{"not_picked":["Thunderclap+1","True Grit"],"picked":"Twin Strike","floor":24},{"not_picked":["Armaments+1","Second Wind"],"picked":"Rupture+1","floor":25},{"not_picked":["Clash","Thunderclap+1"],"picked":"Anger+1","floor":27},{"not_picked":["Reckless Charge","Anger+1"],"picked":"Carnage+1","floor":31}],"player_experience":76970,"relics_obtained":[{"floor":6,"key":"Bottled Lightning"},{"floor":9,"key":"Paper Frog"},{"floor":25,"key":"Meat on the Bone"}],"event_choices":[{"damage_healed":0,"gold_gain":0,"player_choice":"Grow","damage_taken":0,"max_hp_gain":0,"max_hp_loss":0,"event_name":"Living Wall","floor":3,"gold_loss":0,"cards_upgraded":["Corruption"]},{"damage_healed":0,"gold_gain":0,"player_choice":"Take Damage","damage_taken":20,"relics_obtained":["Golden Idol"],"max_hp_gain":0,"max_hp_loss":0,"event_name":"Golden Idol","floor":5,"gold_loss":0},{"damage_healed":26,"gold_gain":0,"player_choice":"Banana","damage_taken":0,"max_hp_gain":0,"max_hp_loss":0,"event_name":"Big Fish","floor":8,"gold_loss":0},{"damage_healed":0,"gold_gain":0,"player_choice":"Bought 3 Potions","damage_taken":0,"max_hp_gain":0,"max_hp_loss":0,"event_name":"The Woman in Blue","floor":14,"gold_loss":0},{"damage_healed":0,"gold_gain":0,"player_choice":"Simplicity","damage_taken":0,"max_hp_gain":0,"max_hp_loss":0,"event_name":"Back to Basics","floor":19,"gold_loss":0,"cards_upgraded":["Strike_R","Strike_R","Strike_R","Strike_R","Strike_R","Defend_R","Defend_R","Defend_R","Defend_R"]},{"damage_healed":0,"gold_gain":275,"player_choice":"Desecrate","damage_taken":0,"max_hp_gain":0,"max_hp_loss":0,"event_name":"Golden Shrine","floor":21,"gold_loss":0,"cards_obtained":["Regret"]},{"damage_healed":0,"gold_gain":0,"player_choice":"Opened","damage_taken":0,"relics_obtained":["Magic Flower"],"max_hp_gain":0,"max_hp_loss":0,"event_name":"The Mausoleum","floor":28,"gold_loss":0},{"damage_healed":0,"gold_gain":0,"player_choice":"Ignored","damage_taken":0,"max_hp_gain":0,"max_hp_loss":0,"event_name":"Vampires","floor":29,"gold_loss":0}],"is_beta":false,"boss_relics":[{"not_picked":["Busted Crown","Ectoplasm"],"picked":"Lizard Tail"}],"items_purged_floors":[],"is_endless":false,"potions_floor_spawned":[2,4,11,18,25,27],"killed_by":"Collector","ascension_level":1}