{"gold_per_floor":[368,74,74,94,94,94,111,11,11,22,22,33,33,33,33,129,129,140,156,173,190,203,203,230,230,256,256,270,270,270,280,280,377,377,387,90,107,120,138,138,149,149,149,149,72,105,125,157,157,157],"floor_reached":51,"playtime":2558,"items_purged":["Strike_R","Strike_R","Strike_R","Strike_R"],"score":821,"play_id":"0a38e378-62c8-446b-87a4-f9a3780dde8f","local_time":"20190926213209","is_ascension_mode":false,"campfire_choices":[{"data":"Armaments","floor":6.0,"key":"SMITH"},{"data":"Body Slam","floor":13.0,"key":"SMITH"},{"data":"Metallicize","floor":15.0,"key":"SMITH"},{"data":"Shrug It Off","floor":23.0,"key":"SMITH"},{"data":"Limit Break","floor":25.0,"key":"SMITH"},{"data":"Whirlwind","floor":27.0,"key":"SMITH"},{"data":"Shrug It Off","floor":29.0,"key":"SMITH"},{"data":"Limit Break","floor":32.0,"key":"SMITH"},{"data":"Mayhem","floor":40.0,"key":"SMITH"},{"data":"Whirlwind","floor":42.0,"key":"SMITH"},{"data":"Shrug It Off","floor":49,"key":"SMITH"}],"neow_cost":"TEN_PERCENT_HP_LOSS","seed_source_timestamp":195363752763159,"circlet_count":0,"master_deck":["Defend_R","Defend_R","Defend_R","Bash","Armaments+1","Metallicize+1","Fire Breathing","Body Slam+1","Shrug It Off+1","Limit Break+1","Whirlwind+1","Shrug It Off+1","Spot Weakness","Limit Break+1","Double Tap","Mayhem+1","Whirlwind+1","Entrench+1","Shrug It Off","Shrug It Off+1","Battle Trance"],"special_seed":0,"relics":["Burning Blood","Oddly Smooth Stone","Gambling Chip","Meat on the Bone","Coffee Dripper","Art of War","Smiling Mask","Philosopher\u0027s Stone","CultistMask","Potion Belt","Bag of Preparation"],"potions_floor_usage":[47,50],"damage_taken":[{"damage":4.0,"enemies":"2 Louse","floor":1.0,"turns":4.0},{"damage":0.0,"enemies":"Small Slimes","floor":4.0,"turns":5.0},{"damage":0.0,"enemies":"Cultist","floor":7.0,"turns":3.0},{"damage":3.0,"enemies":"Blue Slaver","floor":10.0,"turns":5.0},{"damage":6.0,"enemies":"Lots of Slimes","floor":12.0,"turns":8.0},{"damage":11.0,"enemies":"The Guardian","floor":16.0,"turns":14.0},{"damage":0.0,"enemies":"Chosen","floor":18.0,"turns":4.0},{"damage":7.0,"enemies":"3 Byrds","floor":19.0,"turns":8.0},{"damage":0.0,"enemies":"Cultist and Chosen","floor":20.0,"turns":6.0},{"damage":8.0,"enemies":"Centurion and Healer","floor":21.0,"turns":6.0},{"damage":30.0,"enemies":"3 Cultists","floor":22.0,"turns":5.0},{"damage":36.0,"enemies":"Slavers","floor":24.0,"turns":6.0},{"damage":0.0,"enemies":"Chosen and Byrds","floor":28.0,"turns":4.0},{"damage":4.0,"enemies":"Snake Plant","floor":31.0,"turns":4.0},{"damage":24.0,"enemies":"Collector","floor":33.0,"turns":8.0},{"damage":19.0,"enemies":"3 Darklings","floor":35.0,"turns":4.0},{"damage":3.0,"enemies":"3 Shapes","floor":37.0,"turns":2.0},{"damage":5.0,"enemies":"Spire Growth","floor":38.0,"turns":4.0},{"damage":20.0,"enemies":"Transient","floor":39.0,"turns":5.0},{"damage":9.0,"enemies":"4 Shapes","floor":41.0,"turns":5.0},{"damage":21.0,"enemies":"Giant Head","floor":46.0,"turns":6.0},{"damage":23,"enemies":"Spire Growth","floor":47,"turns":4},{"damage":20,"enemies":"Nemesis","floor":48,"turns":7},{"damage":0,"enemies":"Donu and Deca","floor":50,"turns":4}],"seed_played":"-7281834122402599593","potions_obtained":[{"floor":4.0,"key":"Weak Potion"},{"floor":16.0,"key":"EssenceOfSteel"},{"floor":18.0,"key":"Swift Potion"},{"floor":20.0,"key":"Ancient Potion"},{"floor":22.0,"key":"BloodPotion"},{"floor":31.0,"key":"GamblersBrew"},{"floor":47,"key":"HeartOfIron"}],"is_trial":false,"path_per_floor":["M","$","?","M","?","R","M","$","T","M","?","M","R","$","R","B",null,"M","M","M","M","M","R","E","R","T","R","M","R","?","M","R","B",null,"M","$","M","M","M","R","M","R","T","?","$","E","M","E","R","B",null],"character_chosen":"IRONCLAD","items_purchased":["Metallicize","Oddly Smooth Stone","Mayhem","Whirlwind","Shrug It Off"],"campfire_rested":0,"item_purchase_floors":[2,2,36,36,45],"current_hp_per_floor":[72,72,72,72,54,54,60,60,60,63,63,63,63,63,63,58,72,72,71,72,70,46,46,28,28,28,28,46,46,46,48,48,42,72,59,59,62,63,49,49,46,46,46,46,46,43,38,36,36,54],"gold":157,"neow_bonus":"TWO_FIFTY_GOLD","is_prod":false,"is_daily":false,"chose_seed":false,"campfire_upgraded":11,"win_rate":0,"timestamp":1569526329,"path_taken":["M","$","?","M","?","R","M","$","T","M","?","M","R","$","R","BOSS","M","M","M","M","M","R","E","R","T","R","M","R","?","M","R","BOSS","M","$","M","M","M","R","M","R","T","?","$","E","?","E","R","BOSS"],"build_version":"2019-09-25","purchased_purges":4,"victory":true,"max_hp_per_floor":[72,72,72,72,72,72,72,72,72,72,72,72,72,72,72,72,72,72,72,72,72,72,72,72,72,72,72,72,72,72,72,72,72,72,72,72,72,72,72,72,72,72,72,72,72,72,72,72,72,72],"card_choices":[{"not_picked":["Perfected Strike","Uppercut"],"picked":"Armaments","floor":1.0},{"not_picked":["Sword Boomerang","Perfected Strike"],"picked":"Fire Breathing","floor":4.0},{"not_picked":["Clash","Pommel Strike"],"picked":"Body Slam","floor":7.0},{"not_picked":["Hemokinesis","Inflame"],"picked":"Shrug It Off","floor":10.0},{"not_picked":["Infernal Blade","Ghostly Armor","Anger"],"picked":"SKIP","floor":12.0},{"not_picked":["Immolate","Feed"],"picked":"Limit Break","floor":16.0},{"not_picked":["Pommel Strike","Clothesline+1","Wild Strike"],"picked":"SKIP","floor":18.0},{"not_picked":["Heavy Blade+1","Flex"],"picked":"Whirlwind","floor":19.0},{"not_picked":["Feel No Pain","Headbutt+1","Wild Strike"],"picked":"SKIP","floor":20.0},{"not_picked":["Sword Boomerang","Evolve","Intimidate"],"picked":"SKIP","floor":21.0},{"not_picked":["Dropkick","Perfected Strike"],"picked":"Shrug It Off","floor":22.0},{"not_picked":["Searing Blow+1","Anger"],"picked":"Spot Weakness","floor":24.0},{"not_picked":["Disarm","Blood for Blood","Perfected Strike"],"picked":"SKIP","floor":28.0},{"not_picked":["Warcry","Anger"],"picked":"Limit Break","floor":31.0},{"not_picked":["Exhume","Demon Form"],"picked":"Double Tap","floor":33.0},{"not_picked":["Pommel Strike","Second Wind+1","Wild Strike+1"],"picked":"SKIP","floor":35.0},{"not_picked":["Flame Barrier","Armaments","Warcry+1"],"picked":"SKIP","floor":37.0},{"not_picked":["Sword Boomerang+1","Sever Soul","Armaments"],"picked":"SKIP","floor":38.0},{"not_picked":["Anger","Disarm+1","Demon Form"],"picked":"SKIP","floor":39.0},{"not_picked":["Anger","Sword Boomerang"],"picked":"Entrench+1","floor":41.0},{"not_picked":["Anger+1","Searing Blow","Shockwave"],"picked":"SKIP","floor":46.0},{"not_picked":["Havoc","Sentinel"],"picked":"Shrug It Off","floor":47},{"not_picked":["Immolate","Infernal Blade+1"],"picked":"Battle Trance","floor":48}],"player_experience":227905,"relics_obtained":[{"floor":9.0,"key":"Meat on the Bone"},{"floor":24.0,"key":"Art of War"},{"floor":26.0,"key":"Smiling Mask"},{"floor":46.0,"key":"Potion Belt"},{"floor":48,"key":"Bag of Preparation"}],"event_choices":[{"cards_removed":["Defend_R"],"damage_healed":0.0,"max_hp_gain":0.0,"max_hp_loss":0.0,"gold_gain":0.0,"event_name":"Living Wall","player_choice":"Forget","floor":3.0,"gold_loss":0.0,"damage_taken":0.0},{"damage_healed":0.0,"max_hp_gain":0.0,"max_hp_loss":0.0,"gold_gain":0.0,"event_name":"Scrap Ooze","player_choice":"Success","floor":5.0,"gold_loss":0.0,"damage_taken":18.0,"relics_obtained":["Gambling Chip"]},{"damage_healed":0.0,"max_hp_gain":0.0,"max_hp_loss":0.0,"gold_gain":0.0,"event_name":"Liars Game","player_choice":"Ignored","floor":11.0,"gold_loss":0.0,"damage_taken":0.0},{"cards_removed":["Strike_R"],"damage_healed":0.0,"max_hp_gain":0.0,"max_hp_loss":0.0,"gold_gain":0.0,"event_name":"Back to Basics","player_choice":"Elegance","floor":30.0,"gold_loss":0.0,"damage_taken":0.0},{"damage_healed":0.0,"max_hp_gain":0.0,"max_hp_loss":0.0,"gold_gain":0.0,"event_name":"FaceTrader","player_choice":"Trade","floor":44.0,"gold_loss":0.0,"damage_taken":0.0,"relics_obtained":["CultistMask"]}],"is_beta":true,"boss_relics":[{"not_picked":["Snecko Eye","Empty Cage"],"picked":"Coffee Dripper"},{"not_picked":["SlaversCollar","Pandora\u0027s Box"],"picked":"Philosopher\u0027s Stone"}],"items_purged_floors":[2,8,36,45],"is_endless":false,"potions_floor_spawned":[4,16,18,19,20,22,31,37,41,47],"ascension_level":0}