{"gold_per_floor":[110,127,139,152,163,163,181,197,265,265,280,280],"floor_reached":12,"playtime":802,"items_purged":[],"score":148,"play_id":"4c32613d-0ab5-468a-935b-6074128e5e21","local_time":"20190927031807","is_ascension_mode":true,"campfire_choices":[{"data":"Sunder","floor":6.0,"key":"SMITH"},{"floor":10.0,"key":"REST"}],"neow_cost":"NONE","seed_source_timestamp":1574965201141053,"circlet_count":0,"master_deck":["AscendersBane","Strike_B","Strike_B","Strike_B","Strike_B","Defend_B","Defend_B","Defend_B","Defend_B","Zap","Dualcast","Sunder+1","Self Repair","Gash","Skim","Steam","Normality","Rebound"],"special_seed":0,"relics":["Cursed Key"],"potions_floor_usage":[12],"damage_taken":[{"damage":2.0,"enemies":"Cultist","floor":1.0,"turns":4.0},{"damage":0.0,"enemies":"Small Slimes","floor":2.0,"turns":2.0},{"damage":12.0,"enemies":"Jaw Worm","floor":3.0,"turns":3.0},{"damage":9.0,"enemies":"Red Slaver","floor":4.0,"turns":2.0},{"damage":41.0,"enemies":"Exordium Wildlife","floor":5.0,"turns":6.0},{"damage":0.0,"enemies":"Large Slime","floor":7.0,"turns":3.0},{"damage":0.0,"enemies":"Gremlin Gang","floor":8.0,"turns":3.0},{"damage":12.0,"enemies":"Exordium Thugs","floor":11.0,"turns":4.0},{"damage":44,"enemies":"Gremlin Nob","floor":12,"turns":4}],"seed_played":"5852238118715357861","potions_obtained":[{"floor":2.0,"key":"FearPotion"},{"floor":4.0,"key":"SpeedPotion"},{"floor":5.0,"key":"Explosive Potion"},{"floor":7.0,"key":"Weak Potion"}],"is_trial":false,"path_per_floor":["M","M","M","M","M","R","M","M","T","R","M","E"],"character_chosen":"DEFECT","items_purchased":[],"campfire_rested":1,"item_purchase_floors":[],"current_hp_per_floor":[62,62,57,48,14,14,21,28,28,49,44,0],"gold":280,"neow_bonus":"BOSS_RELIC","is_prod":false,"is_daily":false,"chose_seed":false,"campfire_upgraded":1,"win_rate":0,"timestamp":1569568687,"path_taken":["M","M","M","M","M","R","M","M","T","R","M","E"],"build_version":"2019-07-17","purchased_purges":0,"victory":false,"max_hp_per_floor":[71,71,71,71,71,71,71,71,71,71,71,71],"card_choices":[{"not_picked":["Stack","Gash"],"picked":"Sunder","floor":1.0},{"not_picked":["Aggregate","Capacitor"],"picked":"Self Repair","floor":2.0},{"not_picked":["Steam","Barrage"],"picked":"Gash","floor":3.0},{"not_picked":["Compile Driver","Chaos","Reprogram"],"picked":"SKIP","floor":4.0},{"not_picked":["Barrage","Fusion","White Noise"],"picked":"SKIP","floor":5.0},{"not_picked":["Conserve Battery","Lockon"],"picked":"Skim","floor":7.0},{"not_picked":["Streamline","Auto Shields"],"picked":"Steam","floor":8.0},{"not_picked":["Defragment","Steam"],"picked":"Rebound","floor":11.0}],"player_experience":462960,"relics_obtained":[],"event_choices":[],"is_beta":false,"boss_relics":[],"items_purged_floors":[],"is_endless":false,"potions_floor_spawned":[2,4,5,7],"killed_by":"Gremlin Nob","ascension_level":19}