{"gold_per_floor":[114,132,146,146,162,217,227,259,259,285,285,295,311,198,198,300,300,319,64,64,89,101,101,113,130,157,157,171,191,91,105,105,209,209,227,237,237],"floor_reached":37,"playtime":1982,"items_purged":["Pain","Pain"],"score":556,"play_id":"d85dc4a6-bd21-4037-86ad-912a72640b7f","local_time":"20190906173429","is_ascension_mode":true,"campfire_choices":[{"floor":15.0,"key":"REST"},{"data":"Flame Barrier","floor":23.0,"key":"SMITH"},{"data":"Disarm","floor":32.0,"key":"SMITH"}],"neow_cost":"NONE","seed_source_timestamp":438140002488402,"circlet_count":0,"master_deck":["Strike_R","Strike_R+1","Strike_R","Defend_R","Defend_R","Defend_R","Defend_R","Bash","Clash+1","Inflame","Whirlwind","Thunderclap","Flex","Shrug It Off","Clash","Flame Barrier+1","Disarm+1","Impervious","Battle Trance","Shame","Shrug It Off+1","Inflame","RitualDagger","Exhume","Feed","Combust+1"],"special_seed":0,"relics":["Burning Blood","WarpedTongs","Tiny Chest","Whetstone","Orichalcum","Cursed Key","Shuriken","Pantograph","Red Mask","Anchor","Empty Cage"],"potions_floor_usage":[],"damage_taken":[{"damage":15.0,"enemies":"Small Slimes","floor":1.0,"turns":5.0},{"damage":15.0,"enemies":"Cultist","floor":2.0,"turns":5.0},{"damage":1.0,"enemies":"2 Louse","floor":3.0,"turns":2.0},{"damage":7.0,"enemies":"Looter","floor":5.0,"turns":3.0},{"damage":40.0,"enemies":"3 Sentries","floor":6.0,"turns":7.0},{"damage":11.0,"enemies":"2 Fungi Beasts","floor":7.0,"turns":4.0},{"damage":10.0,"enemies":"Lagavulin","floor":8.0,"turns":5.0},{"damage":15.0,"enemies":"3 Sentries","floor":10.0,"turns":6.0},{"damage":31.0,"enemies":"Exordium Wildlife","floor":12.0,"turns":6.0},{"damage":2.0,"enemies":"Lots of Slimes","floor":13.0,"turns":2.0},{"damage":5.0,"enemies":"Slime Boss","floor":16.0,"turns":7.0},{"damage":9.0,"enemies":"Shell Parasite","floor":18.0,"turns":5.0},{"damage":13.0,"enemies":"Masked Bandits","floor":21.0,"turns":5.0},{"damage":14.0,"enemies":"2 Thieves","floor":22.0,"turns":4.0},{"damage":2.0,"enemies":"Shelled Parasite and Fungi","floor":24.0,"turns":4.0},{"damage":0.0,"enemies":"Centurion and Healer","floor":25.0,"turns":3.0},{"damage":24.0,"enemies":"Sentry and Sphere","floor":28.0,"turns":8.0},{"damage":11.0,"enemies":"Cultist and Chosen","floor":29.0,"turns":8.0},{"damage":0.0,"enemies":"Snake Plant","floor":31.0,"turns":3.0},{"damage":60.0,"enemies":"Collector","floor":33.0,"turns":9.0},{"damage":72.0,"enemies":"3 Shapes","floor":35.0,"turns":6.0},{"damage":20.0,"enemies":"3 Darklings","floor":36.0,"turns":6.0},{"damage":19,"enemies":"Transient","floor":37,"turns":4}],"seed_played":"4697499188294382375","potions_obtained":[{"floor":5.0,"key":"Ancient Potion"},{"floor":6.0,"key":"SkillPotion"},{"floor":7.0,"key":"Fire Potion"},{"floor":12.0,"key":"SkillPotion"},{"floor":13.0,"key":"SkillPotion"},{"floor":21.0,"key":"Fire Potion"},{"floor":22.0,"key":"Energy Potion"},{"floor":28.0,"key":"AttackPotion"},{"floor":29.0,"key":"BloodPotion"}],"is_trial":false,"path_per_floor":["M","M","M","?","M","E","M","E","T","E","?","M","M","$","R","B",null,"M","$","?","?","M","R","M","M","T","?","M","M","$","M","R","B",null,"M","M","M"],"character_chosen":"IRONCLAD","items_purchased":["Disarm","Shuriken"],"campfire_rested":1,"item_purchase_floors":[14,19],"current_hp_per_floor":[71,62,67,67,66,32,27,23,23,14,43,18,22,22,48,49,78,75,75,75,68,60,60,64,70,70,64,46,41,41,47,47,18,71,9,18,0],"gold":237,"neow_bonus":"TEN_PERCENT_HP_BONUS","is_prod":false,"is_daily":false,"chose_seed":false,"campfire_upgraded":2,"win_rate":0,"timestamp":1567809269,"path_taken":["M","M","M","?","M","E","?","E","T","E","?","M","M","$","R","BOSS","M","$","?","?","M","R","M","M","T","?","?","M","$","M","R","BOSS","M","M","M"],"build_version":"2019-07-17","purchased_purges":2,"victory":false,"max_hp_per_floor":[88,88,88,88,88,88,88,88,88,88,88,88,88,88,88,88,88,88,88,88,88,88,88,88,88,88,88,88,88,88,88,88,88,88,92,92,92],"card_choices":[{"not_picked":["Twin Strike","Wild Strike"],"picked":"Clash","floor":1.0},{"not_picked":["Dual Wield","Shrug It Off"],"picked":"Inflame","floor":2.0},{"not_picked":["Perfected Strike","Body Slam"],"picked":"Whirlwind","floor":3.0},{"not_picked":["True Grit","Double Tap"],"picked":"Thunderclap","floor":5.0},{"not_picked":["Iron Wave","Entrench"],"picked":"Flex","floor":6.0},{"not_picked":["Corruption","Sever Soul"],"picked":"Shrug It Off","floor":7.0},{"not_picked":["Dual Wield","Searing Blow","Flex"],"picked":"SKIP","floor":8.0},{"not_picked":["Metallicize","Rupture"],"picked":"Clash","floor":10.0},{"not_picked":["Wild Strike","Cleave","Evolve"],"picked":"SKIP","floor":12.0},{"not_picked":["Seeing Red","Flex"],"picked":"Flame Barrier","floor":13.0},{"not_picked":["Barricade","Brutality"],"picked":"Impervious","floor":16.0},{"not_picked":["Clash","Pummel+1"],"picked":"Battle Trance","floor":18.0},{"not_picked":["Pummel+1","Pommel Strike+1"],"picked":"Shrug It Off+1","floor":22.0},{"not_picked":["Warcry+1","Cleave"],"picked":"Inflame","floor":24.0},{"not_picked":["Pommel Strike","Cleave+1","Shrug It Off+1"],"picked":"SKIP","floor":25.0},{"not_picked":["Body Slam+1","Perfected Strike","Cleave"],"picked":"SKIP","floor":28.0},{"not_picked":["Twin Strike","Perfected Strike","Evolve"],"picked":"SKIP","floor":29.0},{"not_picked":["Rupture","Wild Strike"],"picked":"Exhume","floor":31.0},{"not_picked":["Exhume","Dark Embrace"],"picked":"Feed","floor":33.0},{"not_picked":["Entrench","Body Slam"],"picked":"Combust+1","floor":35.0},{"not_picked":["Intimidate","Bloodletting+1","Twin Strike+1"],"picked":"SKIP","floor":36.0}],"player_experience":250266,"relics_obtained":[{"floor":6.0,"key":"Tiny Chest"},{"floor":8.0,"key":"Whetstone"},{"floor":10.0,"key":"Orichalcum"},{"floor":21.0,"key":"Red Mask"},{"floor":26.0,"key":"Anchor"}],"event_choices":[{"damage_healed":0.0,"max_hp_gain":0.0,"max_hp_loss":0.0,"gold_gain":0.0,"event_name":"Accursed Blacksmith","player_choice":"Rummage","floor":4.0,"gold_loss":0.0,"damage_taken":0.0,"relics_obtained":["WarpedTongs"],"cards_obtained":["Pain"]},{"damage_healed":29.0,"max_hp_gain":0.0,"max_hp_loss":0.0,"gold_gain":0.0,"event_name":"Big Fish","player_choice":"Banana","floor":11.0,"gold_loss":0.0,"damage_taken":0.0},{"damage_healed":0.0,"max_hp_gain":0.0,"max_hp_loss":0.0,"gold_gain":0.0,"event_name":"Addict","player_choice":"Stole Relic","floor":20.0,"gold_loss":0.0,"damage_taken":0.0,"relics_obtained":["Pantograph"],"cards_obtained":["Shame"]},{"damage_healed":0.0,"max_hp_gain":0.0,"max_hp_loss":0.0,"gold_gain":0.0,"event_name":"Masked Bandits","player_choice":"Fought Bandits","floor":21.0,"gold_loss":0.0,"damage_taken":0.0},{"damage_healed":0.0,"max_hp_gain":0.0,"max_hp_loss":0.0,"gold_gain":0.0,"event_name":"Nest","player_choice":"Joined the Cult","floor":27.0,"gold_loss":0.0,"damage_taken":6.0,"cards_obtained":["RitualDagger"]}],"is_beta":false,"boss_relics":[{"not_picked":["Pandora\u0027s Box","Tiny House"],"picked":"Cursed Key"},{"not_picked":["Lizard Tail","Eternal Feather"],"picked":"Empty Cage"}],"items_purged_floors":[14,30],"is_endless":false,"potions_floor_spawned":[5,6,7,12,13,21,22,28,29],"killed_by":"Transient","ascension_level":8}