{"gold_per_floor":[109,123,25,25,25,25,53,53,79,29,46,62,62,95,95,197,197,217,41,140,153,2,2],"floor_reached":23,"playtime":1810,"items_purged":["Strike_B","Strike_B"],"score":207,"play_id":"ed5485dc-9809-4b96-b804-c01f7606e59a","local_time":"20190823111208","is_ascension_mode":true,"campfire_choices":[{"data":"Chill","floor":6,"key":"SMITH"},{"floor":8,"key":"REST"},{"data":"Coolheaded","floor":15,"key":"SMITH"}],"neow_cost":"NONE","seed_source_timestamp":76396235802097,"circlet_count":0,"master_deck":["Strike_B","Strike_B+1","Defend_B+1","Defend_B","Zap+1","Dualcast","Sweeping Beam","Chill+1","Leap","Redo","Melter","Ball Lightning","Coolheaded+1","All For One","Creative AI","Sunder","Loop","Streamline"],"relics":["Cracked Core","Pantograph","Juzu Bracelet","PreservedInsect","Inserter","Oddly Smooth Stone"],"potions_floor_usage":[16],"damage_taken":[{"damage":0,"enemies":"Cultist","floor":1,"turns":4},{"damage":5,"enemies":"Small Slimes","floor":2,"turns":2},{"damage":21,"enemies":"Lagavulin","floor":7,"turns":6},{"damage":0,"enemies":"2 Louse","floor":11,"turns":2},{"damage":14,"enemies":"Large Slime","floor":12,"turns":4},{"damage":9,"enemies":"3 Sentries","floor":14,"turns":6},{"damage":39,"enemies":"Hexaghost","floor":16,"turns":10},{"damage":22,"enemies":"2 Thieves","floor":18,"turns":4},{"damage":27,"enemies":"3 Byrds","floor":21,"turns":6},{"damage":26,"enemies":"Slavers","floor":23,"turns":1}],"seed_played":"1757593364472198779","potions_obtained":[{"floor":2,"key":"EntropicBrew"},{"floor":7,"key":"EssenceOfSteel"},{"floor":11,"key":"Ancient Potion"},{"floor":21,"key":"Swift Potion"}],"is_trial":false,"path_per_floor":["M","M","$","?","?","R","E","R","T","?","M","M","$","E","R","B",null,"M","$","?","M","$","E"],"character_chosen":"DEFECT","items_purchased":["Leap","Loop","Oddly Smooth Stone"],"campfire_rested":1,"item_purchase_floors":[3,19,22],"current_hp_per_floor":[75,70,70,55,55,55,34,56,56,56,56,42,42,33,33,19,75,53,53,53,26,26,0],"gold":2,"neow_bonus":"UPGRADE_CARD","is_prod":false,"is_daily":false,"chose_seed":false,"campfire_upgraded":2,"win_rate":0,"timestamp":1566551528,"path_taken":["M","M","?","?","?","R","E","R","T","?","M","M","$","E","R","BOSS","M","$","?","M","$","E"],"build_version":"2019-07-17","purchased_purges":2,"victory":false,"max_hp_per_floor":[75,75,75,75,75,75,75,75,75,75,75,75,75,75,75,75,75,75,75,75,75,75,75],"card_choices":[{"not_picked":["Stack","Redo"],"picked":"Sweeping Beam","floor":1},{"not_picked":["Scrape","FTL"],"picked":"Chill","floor":2},{"not_picked":["Leap","Turbo"],"picked":"Melter","floor":7},{"not_picked":["Sweeping Beam","Steam"],"picked":"Ball Lightning","floor":11},{"not_picked":["Beam Cell","Reboot"],"picked":"Coolheaded","floor":12},{"not_picked":["Steam","Go for the Eyes"],"picked":"All For One","floor":14},{"not_picked":["Seek","Thunder Strike"],"picked":"Creative AI","floor":16},{"not_picked":["Loop+1","Steam Power+1"],"picked":"Sunder","floor":18},{"not_picked":["Sweeping Beam","Undo"],"picked":"Streamline","floor":21}],"player_experience":61132,"relics_obtained":[{"floor":7,"key":"Pantograph"},{"floor":9,"key":"Juzu Bracelet"},{"floor":14,"key":"PreservedInsect"}],"event_choices":[{"damage_healed":0,"gold_gain":0,"player_choice":"Entered Light","damage_taken":15,"max_hp_gain":0,"max_hp_loss":0,"event_name":"Shining Light","floor":4,"gold_loss":0,"cards_upgraded":["Strike_B","Defend_B"]},{"damage_healed":0,"gold_gain":0,"cards_transformed":["Defend_B"],"player_choice":"Transformed","damage_taken":0,"max_hp_gain":0,"max_hp_loss":0,"event_name":"Transmorgrifier","floor":5,"gold_loss":0,"cards_obtained":["Redo"]},{"cards_removed":["Defend_B"],"damage_healed":0,"gold_gain":0,"player_choice":"Card Removal","damage_taken":0,"max_hp_gain":0,"max_hp_loss":0,"event_name":"The Cleric","floor":10,"gold_loss":50},{"damage_healed":0,"gold_gain":99,"player_choice":"Stole From Cult","damage_taken":0,"max_hp_gain":0,"max_hp_loss":0,"event_name":"Nest","floor":20,"gold_loss":0}],"is_beta":false,"boss_relics":[{"not_picked":["Coffee Dripper","Ectoplasm"],"picked":"Inserter"}],"items_purged_floors":[3,19],"is_endless":false,"potions_floor_spawned":[2,7,11,21],"killed_by":"Slavers","ascension_level":1}