{"gold_per_floor":[114,76,91,106,106,136,136,166,216,231,74,89,104,119,119,219,219,234,234,249,264,179,179],"floor_reached":23,"playtime":2295,"items_purged":[],"score":230,"play_id":"907b1c81-01bd-4ed1-bc82-750ed831cd4c","local_time":"20190819105920","daily_mods":["Draft","Colorless Cards","Lethality"],"is_ascension_mode":false,"campfire_choices":[{"data":"Backstab","floor":7.0,"key":"SMITH"},{"data":"Envenom","floor":15.0,"key":"SMITH"}],"neow_cost":"","seed_source_timestamp":0,"circlet_count":0,"master_deck":["Flying Knee","Quick Slash","Expertise","Poisoned Stab","Backflip","Poisoned Stab","Flying Knee","Catalyst","Cloak And Dagger","Dagger Throw","Deadly Poison","Escape Plan","Slice","Deadly Poison","Deep Breath","Backstab+1","Slice","Bouncing Flask","Setup","Discovery","Die Die Die","Crippling Poison","Good Instincts","Envenom+1","Panache","Good Instincts+1","Backflip","Bandage Up"],"special_seed":18127,"relics":["Ring of the Snake","Snake Skull","Orichalcum","Potion Belt","Black Star","Enchiridion","Omamori"],"potions_floor_usage":[],"damage_taken":[{"damage":0.0,"enemies":"Small Slimes","floor":1.0,"turns":2.0},{"damage":0.0,"enemies":"Cultist","floor":3.0,"turns":2.0},{"damage":0.0,"enemies":"Jaw Worm","floor":4.0,"turns":1.0},{"damage":0.0,"enemies":"Gremlin Nob","floor":6.0,"turns":2.0},{"damage":21.0,"enemies":"Lagavulin","floor":8.0,"turns":3.0},{"damage":0.0,"enemies":"3 Louse","floor":10.0,"turns":1.0},{"damage":0.0,"enemies":"Exordium Wildlife","floor":12.0,"turns":1.0},{"damage":0.0,"enemies":"Lots of Slimes","floor":13.0,"turns":1.0},{"damage":0.0,"enemies":"Large Slime","floor":14.0,"turns":2.0},{"damage":39.0,"enemies":"Hexaghost","floor":16.0,"turns":4.0},{"damage":13.0,"enemies":"2 Thieves","floor":18.0,"turns":2.0},{"damage":10.0,"enemies":"Chosen","floor":20.0,"turns":2.0},{"damage":17.0,"enemies":"Centurion and Healer","floor":21.0,"turns":3.0},{"damage":23,"enemies":"Gremlin Leader","floor":23,"turns":2}],"seed_played":"-1712421257355705167","potions_obtained":[{"floor":3.0,"key":"Ancient Potion"},{"floor":4.0,"key":"Block Potion"},{"floor":10.0,"key":"Ancient Potion"},{"floor":12.0,"key":"Fire Potion"}],"is_trial":false,"path_per_floor":["M","?","M","M","?","E","R","E","T","M","$","M","M","M","R","B",null,"M","?","M","M","?","E"],"character_chosen":"THE_SILENT","items_purchased":["Die Die Die"],"campfire_rested":0,"item_purchase_floors":[11],"current_hp_per_floor":[70,70,70,70,70,70,70,49,49,49,49,49,49,49,49,10,70,57,41,31,14,14,0],"gold":179,"neow_bonus":"","is_prod":false,"is_daily":true,"chose_seed":false,"campfire_upgraded":2,"win_rate":0.0,"timestamp":1566205160,"path_taken":["M","?","M","M","?","E","R","E","T","M","$","M","?","M","R","BOSS","M","?","M","M","?","E"],"build_version":"2019-07-17","purchased_purges":0,"victory":false,"max_hp_per_floor":[70,70,70,70,70,70,70,70,70,70,70,70,70,70,70,70,70,70,70,70,70,70,70],"card_choices":[{"not_picked":["Slice","Expertise"],"picked":"Flying Knee","floor":0.0},{"not_picked":["Sucker Punch","All Out Attack"],"picked":"Quick Slash","floor":0.0},{"not_picked":["Distraction","Outmaneuver"],"picked":"Expertise","floor":0.0},{"not_picked":["Leg Sweep","Deflect"],"picked":"Poisoned Stab","floor":0.0},{"not_picked":["Outmaneuver","Deflect"],"picked":"Backflip","floor":0.0},{"not_picked":["Masterful Stab","PiercingWail"],"picked":"Poisoned Stab","floor":0.0},{"not_picked":["PiercingWail","Deflect"],"picked":"Flying Knee","floor":0.0},{"not_picked":["Blur","Quick Slash"],"picked":"Catalyst","floor":0.0},{"not_picked":["Dodge and Roll","Deflect"],"picked":"Cloak And Dagger","floor":0.0},{"not_picked":["Quick Slash","Deflect"],"picked":"Dagger Throw","floor":0.0},{"not_picked":["Quick Slash","Bane"],"picked":"Deadly Poison","floor":0.0},{"not_picked":["Poisoned Stab","Underhanded Strike"],"picked":"Escape Plan","floor":0.0},{"not_picked":["PiercingWail","Expertise"],"picked":"Slice","floor":0.0},{"not_picked":["Bane","Underhanded Strike"],"picked":"Deadly Poison","floor":0.0},{"not_picked":["Deadly Poison","Expertise"],"picked":"Deep Breath","floor":0.0},{"not_picked":["Blade Dance","Sucker Punch"],"picked":"Backstab","floor":1.0},{"not_picked":["Deadly Poison","Underhanded Strike","Sucker Punch"],"picked":"SKIP","floor":3.0},{"not_picked":["Underhanded Strike","Poisoned Stab"],"picked":"Slice","floor":4.0},{"not_picked":["Prepared","Panacea"],"picked":"Bouncing Flask","floor":6.0},{"not_picked":["Eviscerate","Panacea"],"picked":"Setup","floor":8.0},{"not_picked":["Dagger Throw","Swift Strike"],"picked":"Discovery","floor":10.0},{"not_picked":["Enlightenment","Dagger Throw"],"picked":"Crippling Poison","floor":12.0},{"not_picked":["PiercingWail","Endless Agony"],"picked":"Good Instincts","floor":13.0},{"not_picked":["Heel Hook","Prepared"],"picked":"Envenom","floor":14.0},{"not_picked":["Violence","The Bomb"],"picked":"Panache","floor":16.0},{"not_picked":["Bouncing Flask+1","Choke"],"picked":"Good Instincts+1","floor":18.0},{"not_picked":["Quick Slash+1","Deflect"],"picked":"Backflip","floor":20.0},{"not_picked":["Cloak And Dagger","Quick Slash"],"picked":"Bandage Up","floor":21.0}],"player_experience":6668,"relics_obtained":[{"floor":6.0,"key":"Snake Skull"},{"floor":8.0,"key":"Orichalcum"},{"floor":9.0,"key":"Potion Belt"},{"floor":19.0,"key":"Enchiridion"}],"event_choices":[{"damage_healed":0.0,"max_hp_gain":0.0,"max_hp_loss":0.0,"gold_gain":0.0,"event_name":"World of Goop","player_choice":"Left Gold","floor":2.0,"gold_loss":38.0,"damage_taken":0.0},{"damage_healed":0.0,"max_hp_gain":0.0,"max_hp_loss":0.0,"gold_gain":0.0,"event_name":"Wheel of Change","player_choice":"Full Heal","floor":5.0,"gold_loss":0.0,"damage_taken":0.0},{"damage_healed":0.0,"max_hp_gain":0.0,"max_hp_loss":0.0,"gold_gain":0.0,"event_name":"Cursed Tome","player_choice":"Obtained Book","floor":19.0,"gold_loss":0.0,"damage_taken":16.0},{"damage_healed":0.0,"max_hp_gain":0.0,"max_hp_loss":0.0,"gold_gain":0.0,"event_name":"Addict","player_choice":"Obtained Relic","floor":22.0,"gold_loss":85.0,"damage_taken":0.0,"relics_obtained":["Omamori"]}],"is_beta":false,"boss_relics":[{"not_picked":["Snecko Eye","HoveringKite"],"picked":"Black Star"}],"items_purged_floors":[],"is_endless":false,"potions_floor_spawned":[3,4,10,12],"killed_by":"Gremlin Leader","ascension_level":0}