{"gold_per_floor":[110,1,1,18,18,52,52,64,132,132,142,142,152,165,165,260,260,273,284,129,144,164,197,197,228,228,228,228,247,259,273,273,377,377,397,397,397,411,430,1429,1460,18,18,18,51,51,51,51,51,51],"floor_reached":51,"playtime":1926,"items_purged":["Strike_R","Strike_R"],"score":1071,"play_id":"4eb59a10-4d49-4d68-b865-e3e2b184306f","local_time":"20190927121410","is_ascension_mode":true,"campfire_choices":[{"data":"Corruption","floor":7.0,"key":"SMITH"},{"data":"Inflame","floor":12.0,"key":"SMITH"},{"data":"Feed","floor":15.0,"key":"SMITH"},{"data":"Inflame","floor":24.0,"key":"SMITH"},{"floor":28.0,"key":"REST"},{"floor":32.0,"key":"REST"},{"floor":44.0,"key":"REST"},{"data":"Reaper","floor":46,"key":"SMITH"},{"data":"Reaper","floor":49,"key":"SMITH"}],"neow_cost":"NONE","seed_source_timestamp":0,"circlet_count":0,"master_deck":["Strike_R","Strike_R","Strike_R+1","Defend_R+1","Defend_R","Defend_R","Bash","Headbutt","Inflame+1","Cleave","Corruption+1","Inflame+1","Clash","Feed+1","Spot Weakness","Impervious","Cleave","Inflame","Headbutt","Armaments+1","Heavy Blade","Inflame+1","Anger","Reaper+1","Reaper+1","Regret","Regret","Injury","Corruption+1","Mind Blast","Apotheosis","Master of Strategy","Dual Wield+1","Enlightenment","Secret Weapon","Infernal Blade","Bludgeon","Corruption","Exhume","Feed","Battle Trance+1"],"special_seed":0,"relics":["Burning Blood","NeowsBlessing","Lantern","Mummified Hand","PreservedInsect","Sozu","Bag of Preparation","Pen Nib","Ancient Tea Set","Dodecahedron","Calling Bell","Omamori","Blue Candle","FossilizedHelix","Darkstone Periapt","Brimstone","Du-Vu Doll","Dream Catcher","Frozen Egg 2","Toxic Egg 2","Mercury Hourglass"],"potions_floor_usage":[50],"damage_taken":[{"damage":0.0,"enemies":"Cultist","floor":1.0,"turns":1.0},{"damage":0.0,"enemies":"Small Slimes","floor":4.0,"turns":1.0},{"damage":0.0,"enemies":"Gremlin Nob","floor":6.0,"turns":1.0},{"damage":0.0,"enemies":"Jaw Worm","floor":8.0,"turns":3.0},{"damage":6.0,"enemies":"Lots of Slimes","floor":11.0,"turns":3.0},{"damage":0.0,"enemies":"2 Fungi Beasts","floor":13.0,"turns":1.0},{"damage":7.0,"enemies":"Gremlin Gang","floor":14.0,"turns":3.0},{"damage":63.0,"enemies":"Hexaghost","floor":16.0,"turns":6.0},{"damage":11.0,"enemies":"Spheric Guardian","floor":18.0,"turns":5.0},{"damage":7.0,"enemies":"Chosen","floor":19.0,"turns":3.0},{"damage":21.0,"enemies":"Snake Plant","floor":21.0,"turns":4.0},{"damage":6.0,"enemies":"Centurion and Healer","floor":22.0,"turns":5.0},{"damage":32.0,"enemies":"Slavers","floor":23.0,"turns":3.0},{"damage":18.0,"enemies":"Gremlin Leader","floor":25.0,"turns":4.0},{"damage":38.0,"enemies":"Sentry and Sphere","floor":29.0,"turns":4.0},{"damage":0.0,"enemies":"Snecko","floor":30.0,"turns":2.0},{"damage":0.0,"enemies":"Chosen and Byrds","floor":31.0,"turns":2.0},{"damage":62.0,"enemies":"Automaton","floor":33.0,"turns":6.0},{"damage":54.0,"enemies":"3 Darklings","floor":35.0,"turns":6.0},{"damage":2.0,"enemies":"Orb Walker","floor":38.0,"turns":2.0},{"damage":7.0,"enemies":"Maw","floor":39.0,"turns":6.0},{"damage":81.0,"enemies":"Nemesis","floor":41.0,"turns":5.0},{"damage":0,"enemies":"Reptomancer","floor":45,"turns":3},{"damage":106,"enemies":"Donu and Deca","floor":50,"turns":5}],"seed_played":"-2534258277735392794","potions_obtained":[{"floor":4.0,"key":"SmokeBomb"},{"floor":11.0,"key":"Block Potion"},{"floor":13.0,"key":"Regen Potion"}],"is_trial":false,"path_per_floor":["M","$","?","M","?","E","R","M","T","T","M","R","M","M","R","B",null,"M","M","$","M","M","E","R","E","T","?","R","M","M","M","R","B",null,"M","?","?","M","M","?","E","$","T","R","E","R","T","$","R","B",null],"character_chosen":"IRONCLAD","items_purchased":["Inflame","Bag of Preparation","Brimstone","Du-Vu Doll","Dream Catcher","Enlightenment","Secret Weapon","Infernal Blade","Bludgeon","Corruption","Exhume"],"campfire_rested":3,"item_purchase_floors":[2,20,42,42,42,42,42,42,42,42,42],"current_hp_per_floor":[80,80,64,70,70,76,76,80,80,80,80,80,80,82,82,29,87,86,89,89,78,82,60,60,52,52,52,85,57,67,77,113,64,123,91,91,81,97,117,117,47,47,47,86,135,135,135,135,135,88],"gold":51,"neow_bonus":"THREE_ENEMY_KILL","is_prod":false,"is_daily":false,"chose_seed":false,"campfire_upgraded":6,"win_rate":0,"timestamp":1569579250,"path_taken":["M","$","?","M","?","E","R","?","T","?","?","R","M","M","R","BOSS","M","M","$","M","M","E","R","E","T","?","R","M","M","?","R","BOSS","M","?","?","M","M","?","E","$","T","R","E","R","?","$","R","BOSS"],"build_version":"2019-07-17","purchased_purges":2,"victory":true,"max_hp_per_floor":[80,80,80,80,80,80,80,80,80,80,80,80,80,83,83,87,87,91,95,95,99,103,107,107,111,111,111,111,115,119,123,123,123,123,127,127,127,127,127,127,131,131,131,131,135,135,135,135,135,135],"card_choices":[{"not_picked":["Armaments","Warcry"],"picked":"Headbutt","floor":1.0},{"not_picked":["Iron Wave","Sword Boomerang"],"picked":"Cleave","floor":4.0},{"not_picked":["Whirlwind","Wild Strike"],"picked":"Inflame","floor":6.0},{"not_picked":["True Grit","Intimidate"],"picked":"Clash","floor":8.0},{"not_picked":["Sword Boomerang","Rupture"],"picked":"Feed","floor":11.0},{"not_picked":["Havoc","Warcry","Iron Wave"],"picked":"SKIP","floor":13.0},{"not_picked":["True Grit","Pommel Strike"],"picked":"Spot Weakness","floor":14.0},{"not_picked":["Brutality","Dark Embrace"],"picked":"Impervious","floor":16.0},{"not_picked":["Flex","Reckless Charge"],"picked":"Cleave","floor":18.0},{"not_picked":["Sword Boomerang","Intimidate"],"picked":"Inflame","floor":19.0},{"not_picked":["Rupture","Anger","Dual Wield+1"],"picked":"SKIP","floor":21.0},{"not_picked":["Shrug It Off+1","Perfected Strike"],"picked":"Headbutt","floor":22.0},{"not_picked":["Ghostly Armor","Battle Trance"],"picked":"Armaments+1","floor":23.0},{"not_picked":["True Grit","Perfected Strike+1"],"picked":"Heavy Blade","floor":25.0},{"not_picked":["Perfected Strike","Havoc"],"picked":"Anger","floor":29.0},{"not_picked":["Uppercut","Armaments","Havoc+1"],"picked":"SKIP","floor":30.0},{"not_picked":["Metallicize","Ghostly Armor"],"picked":"Reaper","floor":31.0},{"not_picked":["Offering","Brutality"],"picked":"Reaper","floor":33.0},{"not_picked":["Twin Strike","Feel No Pain"],"picked":"Corruption+1","floor":35.0},{"not_picked":["Panacea","Magnetism"],"picked":"Mind Blast","floor":37.0},{"not_picked":["Secret Weapon","Jack Of All Trades"],"picked":"Apotheosis","floor":37.0},{"not_picked":["Jack Of All Trades","Panacea"],"picked":"Master of Strategy","floor":37.0},{"not_picked":["Sword Boomerang","Dual Wield+1","Anger"],"picked":"SKIP","floor":38.0},{"not_picked":["Sword Boomerang","Anger"],"picked":"Dual Wield+1","floor":38.0},{"not_picked":["Intimidate","Burning Pact","Rage+1"],"picked":"SKIP","floor":39.0},{"not_picked":["Shrug It Off+1","Entrench","Intimidate"],"picked":"SKIP","floor":41.0},{"not_picked":["Sentinel","Cleave"],"picked":"Feed","floor":44.0},{"not_picked":["Iron Wave","Feel No Pain+1"],"picked":"Battle Trance+1","floor":45}],"player_experience":430293,"relics_obtained":[{"floor":6.0,"key":"Lantern"},{"floor":9.0,"key":"Mummified Hand"},{"floor":10.0,"key":"PreservedInsect"},{"floor":23.0,"key":"Pen Nib"},{"floor":25.0,"key":"Ancient Tea Set"},{"floor":26.0,"key":"Dodecahedron"},{"floor":34.0,"key":"Omamori"},{"floor":34.0,"key":"Blue Candle"},{"floor":34.0,"key":"FossilizedHelix"},{"floor":41.0,"key":"Darkstone Periapt"},{"floor":43.0,"key":"Frozen Egg 2"},{"floor":45,"key":"Toxic Egg 2"},{"floor":47,"key":"Mercury Hourglass"}],"event_choices":[{"damage_healed":0.0,"max_hp_gain":0.0,"max_hp_loss":0.0,"gold_gain":0.0,"event_name":"Shining Light","player_choice":"Entered Light","floor":3.0,"gold_loss":0.0,"damage_taken":16.0,"cards_upgraded":["Defend_R","Strike_R"]},{"damage_healed":0.0,"max_hp_gain":0.0,"max_hp_loss":0.0,"gold_gain":0.0,"cards_transformed":["Defend_R"],"event_name":"Transmorgrifier","player_choice":"Transformed","floor":5.0,"gold_loss":0.0,"damage_taken":0.0,"cards_obtained":["Corruption"]},{"damage_healed":0.0,"max_hp_gain":0.0,"max_hp_loss":0.0,"gold_gain":0.0,"event_name":"Duplicator","player_choice":"Copied","floor":27.0,"gold_loss":0.0,"damage_taken":0.0,"cards_obtained":["Inflame"]},{"damage_healed":0.0,"max_hp_gain":0.0,"max_hp_loss":0.0,"gold_gain":0.0,"event_name":"Tomb of Lord Red Mask","player_choice":"Ignored","floor":36.0,"gold_loss":0.0,"damage_taken":0.0},{"damage_healed":0.0,"max_hp_gain":0.0,"max_hp_loss":0.0,"gold_gain":0.0,"event_name":"SensoryStone","player_choice":"Memory 3","floor":37.0,"gold_loss":0.0,"damage_taken":10.0},{"damage_healed":0.0,"max_hp_gain":0.0,"max_hp_loss":0.0,"gold_gain":999.0,"event_name":"MindBloom","player_choice":"Gold","floor":40.0,"gold_loss":0.0,"damage_taken":0.0,"cards_obtained":["Normality","Normality"]}],"is_beta":false,"boss_relics":[{"not_picked":["Runic Pyramid","Lizard Tail"],"picked":"Sozu"},{"not_picked":["Black Star","Runic Dome"],"picked":"Calling Bell"}],"items_purged_floors":[2,42],"is_endless":false,"potions_floor_spawned":[4,11,13,18,21,23,33,35,38],"ascension_level":4}