{"gold_per_floor":[114,129,144,159,234,264,264,294,344,359,34,49,149,164,164,264,264,279,294,309,324,324,354,354,384,459,480,510,53,53,53,53,153,153,168,168,168,183,198,258,258,288,313,313,328,328,155,155,155,155],"floor_reached":51,"playtime":8317,"items_purged":[],"score":875,"play_id":"a48d2d06-3bb4-4df8-b870-076c39abc104","local_time":"20190819132718","daily_mods":["Draft","Colorless Cards","Lethality"],"is_ascension_mode":false,"campfire_choices":[{"data":"Backstab","floor":7.0,"key":"SMITH"},{"data":"Bane","floor":15.0,"key":"SMITH"},{"floor":24.0,"key":"REST"},{"data":"Panache","floor":32.0,"key":"SMITH"},{"data":"Phantasmal Killer","floor":41.0,"key":"SMITH"},{"data":"Outmaneuver","floor":44.0,"key":"SMITH"},{"data":"Cloak And Dagger","floor":46.0,"key":"SMITH"},{"data":"Blade Dance","floor":49.0,"key":"SMITH"}],"neow_cost":"","seed_source_timestamp":0,"circlet_count":0,"master_deck":["Slice","Quick Slash","Outmaneuver+1","Poisoned Stab","Backflip","Poisoned Stab","Deflect","Catalyst","Cloak And Dagger+1","Quick Slash","Bane+1","Escape Plan","Slice","Deep Breath","Backstab+1","Slice","Bouncing Flask","Discovery","Good Instincts","Envenom","Panache+1","Good Instincts+1","Quick Slash+1","Bandage Up","Cloak And Dagger","Deflect+1","PanicButton","Backflip","Footwork","Finisher","Phantasmal Killer+1","Masterful Stab","Acrobatics+1","Dramatic Entrance","Acrobatics+1","Enlightenment+1","Backflip+1","Blade Dance+1"],"special_seed":18127,"relics":["Ring of the Serpent","Snake Skull","Orichalcum","Potion Belt","Gremlin Horn","Black Star","Enchiridion","Omamori","Kunai","Darkstone Periapt","Centennial Puzzle","Bottled Lightning","Red Mask","Incense Burner","Torii","Lantern","TwistedFunnel","MutagenicStrength","The Specimen","Tiny Chest","Pear","Anchor","Pen Nib","Oddly Smooth Stone"],"potions_floor_usage":[50,50],"damage_taken":[{"damage":0.0,"enemies":"Small Slimes","floor":1.0,"turns":1.0},{"damage":0.0,"enemies":"Cultist","floor":2.0,"turns":1.0},{"damage":0.0,"enemies":"Jaw Worm","floor":3.0,"turns":1.0},{"damage":0.0,"enemies":"3 Louse","floor":4.0,"turns":2.0},{"damage":0.0,"enemies":"Gremlin Nob","floor":6.0,"turns":2.0},{"damage":6.0,"enemies":"Lagavulin","floor":8.0,"turns":3.0},{"damage":0.0,"enemies":"Exordium Wildlife","floor":10.0,"turns":1.0},{"damage":0.0,"enemies":"Lots of Slimes","floor":12.0,"turns":1.0},{"damage":0.0,"enemies":"Large Slime","floor":14.0,"turns":1.0},{"damage":49.0,"enemies":"Hexaghost","floor":16.0,"turns":5.0},{"damage":16.0,"enemies":"2 Thieves","floor":18.0,"turns":2.0},{"damage":10.0,"enemies":"Chosen","floor":19.0,"turns":2.0},{"damage":12.0,"enemies":"Centurion and Healer","floor":20.0,"turns":4.0},{"damage":0.0,"enemies":"3 Cultists","floor":21.0,"turns":2.0},{"damage":1.0,"enemies":"Gremlin Leader","floor":23.0,"turns":3.0},{"damage":0.0,"enemies":"Slavers","floor":25.0,"turns":3.0},{"damage":0.0,"enemies":"Masked Bandits","floor":27.0,"turns":2.0},{"damage":6.0,"enemies":"Book of Stabbing","floor":28.0,"turns":4.0},{"damage":1.0,"enemies":"Automaton","floor":33.0,"turns":5.0},{"damage":6.0,"enemies":"3 Darklings","floor":35.0,"turns":3.0},{"damage":6.0,"enemies":"Orb Walker","floor":38.0,"turns":2.0},{"damage":1.0,"enemies":"Spire Growth","floor":39.0,"turns":3.0},{"damage":0.0,"enemies":"Giant Head","floor":40.0,"turns":6.0},{"damage":0.0,"enemies":"Reptomancer","floor":42.0,"turns":3.0},{"damage":0.0,"enemies":"4 Shapes","floor":45.0,"turns":1.0},{"damage":75,"enemies":"Time Eater","floor":50,"turns":11}],"seed_played":"-1712421257355705167","potions_obtained":[{"floor":2.0,"key":"Ancient Potion"},{"floor":3.0,"key":"Block Potion"},{"floor":8.0,"key":"Ancient Potion"},{"floor":10.0,"key":"FairyPotion"},{"floor":23.0,"key":"GhostInAJar"},{"floor":25.0,"key":"EntropicBrew"},{"floor":33.0,"key":"Fire Potion"},{"floor":40.0,"key":"EntropicBrew"}],"is_trial":false,"path_per_floor":["M","M","M","M","?","E","R","E","T","M","$","M","?","M","R","B",null,"M","M","M","M","?","E","R","E","T","?","E","$","?","?","R","B",null,"M","$","?","M","M","E","R","E","T","R","M","R","$","?","R","B",null],"character_chosen":"THE_SILENT","items_purchased":["Gremlin Horn","GhostInAJar","Lantern","TwistedFunnel","Footwork","Finisher","Blade Dance","Oddly Smooth Stone"],"campfire_rested":1,"item_purchase_floors":[11,11,29,29,29,29,47,47],"current_hp_per_floor":[70,70,70,70,59,59,59,53,53,53,53,53,53,53,53,4,70,54,44,32,36,20,23,44,48,48,52,50,50,50,50,50,53,70,64,64,64,58,61,65,65,79,79,79,79,79,79,79,79,8],"gold":155,"neow_bonus":"","is_prod":false,"is_daily":true,"chose_seed":false,"campfire_upgraded":7,"win_rate":0.0,"timestamp":1566214038,"path_taken":["M","M","M","M","?","E","R","E","T","M","$","M","?","M","R","BOSS","M","?","M","M","?","E","R","E","T","?","E","$","?","?","R","BOSS","M","$","?","M","M","E","R","E","T","R","?","R","$","?","R","BOSS"],"build_version":"2019-07-17","purchased_purges":0,"victory":true,"max_hp_per_floor":[70,70,70,70,70,70,70,70,70,70,70,70,70,70,70,70,70,70,70,70,70,70,70,70,70,70,70,70,70,70,70,70,70,70,70,70,70,70,70,70,70,80,80,80,80,80,80,80,80,80],"card_choices":[{"not_picked":["Expertise","Flying Knee"],"picked":"Slice","floor":0.0},{"not_picked":["Sucker Punch","All Out Attack"],"picked":"Quick Slash","floor":0.0},{"not_picked":["Distraction","Expertise"],"picked":"Outmaneuver","floor":0.0},{"not_picked":["Leg Sweep","Deflect"],"picked":"Poisoned Stab","floor":0.0},{"not_picked":["Outmaneuver","Deflect"],"picked":"Backflip","floor":0.0},{"not_picked":["Masterful Stab","PiercingWail"],"picked":"Poisoned Stab","floor":0.0},{"not_picked":["PiercingWail","Flying Knee"],"picked":"Deflect","floor":0.0},{"not_picked":["Blur","Quick Slash"],"picked":"Catalyst","floor":0.0},{"not_picked":["Dodge and Roll","Deflect"],"picked":"Cloak And Dagger","floor":0.0},{"not_picked":["Dagger Throw","Deflect"],"picked":"Quick Slash","floor":0.0},{"not_picked":["Quick Slash","Deadly Poison"],"picked":"Bane","floor":0.0},{"not_picked":["Poisoned Stab","Underhanded Strike"],"picked":"Escape Plan","floor":0.0},{"not_picked":["PiercingWail","Expertise"],"picked":"Slice","floor":0.0},{"not_picked":["Bane","Underhanded Strike"],"picked":"Deadly Poison","floor":0.0},{"not_picked":["Deadly Poison","Expertise"],"picked":"Deep Breath","floor":0.0},{"not_picked":["Blade Dance","Sucker Punch"],"picked":"Backstab","floor":1.0},{"not_picked":["Deadly Poison","Underhanded Strike","Sucker Punch"],"picked":"SKIP","floor":2.0},{"not_picked":["Underhanded Strike","Poisoned Stab"],"picked":"Slice","floor":3.0},{"not_picked":["Prepared","Panacea"],"picked":"Bouncing Flask","floor":4.0},{"not_picked":["Eviscerate","Setup","Panacea"],"picked":"SKIP","floor":6.0},{"not_picked":["Dagger Throw","Swift Strike"],"picked":"Discovery","floor":8.0},{"not_picked":["Dagger Spray","Riddle With Holes","Dagger Throw"],"picked":"SKIP","floor":10.0},{"not_picked":["PiercingWail","Endless Agony"],"picked":"Good Instincts","floor":12.0},{"not_picked":["Heel Hook","Prepared"],"picked":"Envenom","floor":14.0},{"not_picked":["Violence","The Bomb"],"picked":"Panache","floor":16.0},{"not_picked":["Bouncing Flask+1","Choke"],"picked":"Good Instincts+1","floor":18.0},{"not_picked":["Backflip","Deflect"],"picked":"Quick Slash+1","floor":19.0},{"not_picked":["Cloak And Dagger","Quick Slash"],"picked":"Bandage Up","floor":20.0},{"not_picked":["Prepared","Masterful Stab"],"picked":"Cloak And Dagger","floor":21.0},{"not_picked":["PiercingWail+1","Flying Knee"],"picked":"Deflect+1","floor":23.0},{"not_picked":["Forethought","Panacea"],"picked":"PanicButton","floor":25.0},{"not_picked":["Dash","Quick Slash"],"picked":"Backflip","floor":28.0},{"not_picked":["Envenom","Night Terror"],"picked":"Phantasmal Killer","floor":33.0},{"not_picked":["Poisoned Stab","Panacea","Underhanded Strike+1"],"picked":"SKIP","floor":35.0},{"not_picked":["Flying Knee+1","Expertise"],"picked":"Acrobatics+1","floor":38.0},{"not_picked":["Blur","Outmaneuver+1"],"picked":"Dramatic Entrance","floor":39.0},{"not_picked":["Skewer+1","Sucker Punch"],"picked":"Acrobatics+1","floor":40.0},{"not_picked":["Blur+1","Caltrops+1"],"picked":"Enlightenment+1","floor":42.0},{"not_picked":["Predator","Dodge and Roll+1"],"picked":"Backflip+1","floor":45.0}],"player_experience":8963,"relics_obtained":[{"floor":6.0,"key":"Snake Skull"},{"floor":8.0,"key":"Orichalcum"},{"floor":9.0,"key":"Potion Belt"},{"floor":22.0,"key":"Enchiridion"},{"floor":23.0,"key":"Omamori"},{"floor":23.0,"key":"Kunai"},{"floor":25.0,"key":"Darkstone Periapt"},{"floor":25.0,"key":"Centennial Puzzle"},{"floor":26.0,"key":"Bottled Lightning"},{"floor":27.0,"key":"Red Mask"},{"floor":28.0,"key":"Incense Burner"},{"floor":28.0,"key":"Torii"},{"floor":40.0,"key":"The Specimen"},{"floor":40.0,"key":"Tiny Chest"},{"floor":42.0,"key":"Pear"},{"floor":42.0,"key":"Anchor"},{"floor":43.0,"key":"Pen Nib"}],"event_choices":[{"damage_healed":0.0,"max_hp_gain":0.0,"max_hp_loss":0.0,"gold_gain":75.0,"event_name":"World of Goop","player_choice":"Gather Gold","floor":5.0,"gold_loss":0.0,"damage_taken":11.0},{"damage_healed":0.0,"max_hp_gain":0.0,"max_hp_loss":0.0,"gold_gain":100.0,"event_name":"Golden Shrine","player_choice":"Pray","floor":13.0,"gold_loss":0.0,"damage_taken":0.0},{"damage_healed":0.0,"max_hp_gain":0.0,"max_hp_loss":0.0,"gold_gain":0.0,"event_name":"Cursed Tome","player_choice":"Obtained Book","floor":22.0,"gold_loss":0.0,"damage_taken":16.0},{"damage_healed":0.0,"max_hp_gain":0.0,"max_hp_loss":0.0,"gold_gain":0.0,"event_name":"Masked Bandits","player_choice":"Fought Bandits","floor":27.0,"gold_loss":0.0,"damage_taken":0.0},{"damage_healed":0.0,"max_hp_gain":0.0,"max_hp_loss":0.0,"gold_gain":0.0,"event_name":"Vampires","player_choice":"Ignored","floor":30.0,"gold_loss":0.0,"damage_taken":0.0},{"damage_healed":0.0,"max_hp_gain":0.0,"max_hp_loss":0.0,"gold_gain":0.0,"event_name":"Drug Dealer","player_choice":"Inject Mutagens","floor":31.0,"gold_loss":0.0,"damage_taken":0.0,"relics_obtained":["MutagenicStrength"]},{"damage_healed":0.0,"max_hp_gain":0.0,"max_hp_loss":0.0,"gold_gain":0.0,"cards_transformed":["Deadly Poison"],"event_name":"Transmorgrifier","player_choice":"Transformed","floor":37.0,"gold_loss":0.0,"damage_taken":0.0,"cards_obtained":["Masterful Stab"]},{"damage_healed":0.0,"max_hp_gain":0.0,"max_hp_loss":0.0,"gold_gain":0.0,"event_name":"SecretPortal","player_choice":"Ignored","floor":48.0,"gold_loss":0.0,"damage_taken":0.0}],"is_beta":false,"boss_relics":[{"not_picked":["Snecko Eye","HoveringKite"],"picked":"Black Star"},{"not_picked":["Astrolabe","Runic Dome"],"picked":"Ring of the Serpent"}],"items_purged_floors":[],"is_endless":false,"potions_floor_spawned":[2,3,8,10,19,23,25,33,35,40],"ascension_level":0}