{"gold_per_floor":[117,127,139,12,12,12,31,106,106,106,133,133,151,151,151,246,246,262,278,119,131,143,143,161,194,271,18,37,37,37,48,48,151,151,166,182,182,162,172,172,185,185,208,208,236,111,111,143,143,143],"floor_reached":51,"playtime":6668,"items_purged":["Strike_R","Strike_R","Strike_R"],"score":777,"play_id":"dee50d33-9046-44c9-aa39-e4ef19b8dbf1","local_time":"20190819101029","is_ascension_mode":false,"campfire_choices":[{"data":"Bloodletting","floor":6.0,"key":"SMITH"},{"data":"Flex","floor":10.0,"key":"SMITH"},{"data":"Whirlwind","floor":12.0,"key":"SMITH"},{"floor":15.0,"key":"REST"},{"data":"Barricade","floor":23.0,"key":"SMITH"},{"data":"Shrug It Off","floor":32.0,"key":"SMITH"},{"data":"Body Slam","floor":40.0,"key":"SMITH"},{"data":"Entrench","floor":42.0,"key":"SMITH"},{"data":"Shrug It Off","floor":47.0,"key":"SMITH"},{"data":"Battle Trance","floor":49,"key":"SMITH"}],"neow_cost":"NONE","seed_source_timestamp":0,"circlet_count":0,"master_deck":["Strike_R","Strike_R","Defend_R","Defend_R","Defend_R","Defend_R","Bash","Thunderclap","Shrug It Off+1","Entrench+1","Flex+1","Bloodletting+1","Entrench+1","Whirlwind+1","Body Slam+1","Barricade+1","Shrug It Off+1","Armaments","Good Instincts","Inflame+1","Shrug It Off+1","Battle Trance","Impervious","Shockwave+1","Battle Trance+1","Good Instincts","Seeing Red+1"],"special_seed":0,"relics":["Burning Blood","Paper Frog","Question Card","Coffee Dripper","Lantern","Letter Opener","Orichalcum","Nilry\u0027s Codex","Philosopher\u0027s Stone","Pen Nib","Anchor","Gremlin Horn"],"potions_floor_usage":[],"damage_taken":[{"damage":0.0,"enemies":"Cultist","floor":1.0,"turns":4.0},{"damage":13.0,"enemies":"Jaw Worm","floor":2.0,"turns":5.0},{"damage":0.0,"enemies":"Small Slimes","floor":3.0,"turns":3.0},{"damage":32.0,"enemies":"Gremlin Gang","floor":7.0,"turns":5.0},{"damage":31.0,"enemies":"3 Sentries","floor":11.0,"turns":9.0},{"damage":0.0,"enemies":"Large Slime","floor":13.0,"turns":2.0},{"damage":41.0,"enemies":"The Guardian","floor":16.0,"turns":11.0},{"damage":41.0,"enemies":"Shell Parasite","floor":18.0,"turns":7.0},{"damage":1.0,"enemies":"Chosen","floor":19.0,"turns":6.0},{"damage":21.0,"enemies":"Snake Plant","floor":21.0,"turns":13.0},{"damage":4.0,"enemies":"3 Cultists","floor":22.0,"turns":4.0},{"damage":19.0,"enemies":"Centurion and Healer","floor":24.0,"turns":3.0},{"damage":15.0,"enemies":"Gremlin Leader","floor":25.0,"turns":8.0},{"damage":0.0,"enemies":"Chosen and Byrds","floor":28.0,"turns":8.0},{"damage":0.0,"enemies":"Snake Plant","floor":31.0,"turns":2.0},{"damage":11.0,"enemies":"Champ","floor":33.0,"turns":8.0},{"damage":0.0,"enemies":"3 Darklings","floor":35.0,"turns":1.0},{"damage":12.0,"enemies":"3 Shapes","floor":36.0,"turns":1.0},{"damage":0.0,"enemies":"Spire Growth","floor":39.0,"turns":5.0},{"damage":17.0,"enemies":"Sphere and 2 Shapes","floor":41.0,"turns":5.0},{"damage":8.0,"enemies":"Reptomancer","floor":45.0,"turns":6.0},{"damage":0.0,"enemies":"Nemesis","floor":48.0,"turns":13.0},{"damage":0,"enemies":"Awakened One","floor":50,"turns":4}],"seed_played":"7245188813382277876","potions_obtained":[{"floor":2.0,"key":"Strength Potion"},{"floor":11.0,"key":"PowerPotion"},{"floor":16.0,"key":"FearPotion"},{"floor":18.0,"key":"GamblersBrew"},{"floor":21.0,"key":"Fire Potion"},{"floor":24.0,"key":"Weak Potion"},{"floor":25.0,"key":"BloodPotion"},{"floor":36.0,"key":"Swift Potion"},{"floor":38.0,"key":"Weak Potion"},{"floor":48.0,"key":"Strength Potion"}],"is_trial":false,"path_per_floor":["M","M","M","$","$","R","M","?","T","R","E","R","M","?","R","B",null,"M","M","$","M","M","R","M","E","T","$","M","$","?","M","R","B",null,"M","M","?","?","M","R","M","R","T","?","E","$","R","E","R","B",null],"character_chosen":"IRONCLAD","items_purchased":["Flex","Bloodletting","Good Instincts","Orichalcum"],"campfire_rested":1,"item_purchase_floors":[4,4,20,27],"current_hp_per_floor":[88,81,87,87,87,87,61,50,50,50,25,25,31,31,57,22,88,53,58,58,43,45,45,32,23,23,23,29,29,13,19,19,14,88,88,82,82,82,88,88,77,77,77,77,75,75,75,81,81,87],"gold":143,"neow_bonus":"TEN_PERCENT_HP_BONUS","is_prod":false,"is_daily":false,"chose_seed":false,"campfire_upgraded":9,"win_rate":0.0,"timestamp":1566202229,"path_taken":["M","M","?","?","$","R","M","?","T","R","E","R","M","?","R","BOSS","M","M","$","M","?","R","M","E","T","$","M","$","?","M","R","BOSS","M","M","?","?","?","R","M","R","T","?","E","$","R","E","R","BOSS"],"build_version":"2019-07-17","purchased_purges":3,"victory":true,"max_hp_per_floor":[88,88,88,88,88,88,88,88,88,88,88,88,88,88,88,88,88,88,88,88,88,88,88,88,88,88,88,88,88,88,88,88,88,88,88,88,88,88,88,88,88,88,88,88,88,88,88,88,88,88],"card_choices":[{"not_picked":["Perfected Strike","Anger"],"picked":"Thunderclap","floor":1.0},{"not_picked":["Sword Boomerang","Cleave"],"picked":"Shrug It Off","floor":2.0},{"not_picked":["Warcry","Fire Breathing"],"picked":"Entrench","floor":3.0},{"not_picked":["True Grit","Seeing Red"],"picked":"Entrench","floor":7.0},{"not_picked":["Pummel","Intimidate"],"picked":"Whirlwind","floor":11.0},{"not_picked":["Warcry","Twin Strike","Carnage"],"picked":"Body Slam","floor":13.0},{"not_picked":["Reaper","Impervious","Bludgeon"],"picked":"Barricade","floor":16.0},{"not_picked":["Perfected Strike+1","Warcry","Whirlwind"],"picked":"Shrug It Off","floor":18.0},{"not_picked":["Cleave","Perfected Strike","Sword Boomerang"],"picked":"Armaments","floor":19.0},{"not_picked":["Juggernaut","Rupture","Sword Boomerang"],"picked":"Inflame+1","floor":21.0},{"not_picked":["Hemokinesis+1","Blood for Blood","Warcry"],"picked":"Shrug It Off+1","floor":22.0},{"not_picked":["Rampage","Power Through","Twin Strike","Armaments"],"picked":"SKIP","floor":24.0},{"not_picked":["Sword Boomerang+1","Infernal Blade","Cleave","Whirlwind"],"picked":"SKIP","floor":25.0},{"not_picked":["Rage","Clothesline+1","Pommel Strike"],"picked":"Battle Trance","floor":28.0},{"not_picked":["Flex","Dark Embrace","Flame Barrier","Armaments"],"picked":"SKIP","floor":31.0},{"not_picked":["Fiend Fire","Bludgeon","Dark Embrace"],"picked":"Impervious","floor":33.0},{"not_picked":["Warcry","Blood for Blood+1","Clash","Thunderclap+1"],"picked":"SKIP","floor":35.0},{"not_picked":["Clothesline+1","Pummel+1","Warcry"],"picked":"Shockwave+1","floor":36.0},{"not_picked":["Intimidate","Pommel Strike+1","Pummel+1"],"picked":"Battle Trance","floor":39.0},{"not_picked":["Anger+1","True Grit","Headbutt","Flex"],"picked":"SKIP","floor":41.0},{"not_picked":["Bandage Up","Dark Shackles","Magnetism"],"picked":"Good Instincts","floor":44.0},{"not_picked":["Sword Boomerang","Clash","Blood for Blood","Infernal Blade+1"],"picked":"SKIP","floor":45.0},{"not_picked":["Flex+1","Perfected Strike+1","Shockwave+1"],"picked":"Seeing Red+1","floor":48.0}],"player_experience":0,"relics_obtained":[{"floor":9.0,"key":"Paper Frog"},{"floor":11.0,"key":"Question Card"},{"floor":25.0,"key":"Lantern"},{"floor":26.0,"key":"Letter Opener"},{"floor":30.0,"key":"Nilry\u0027s Codex"},{"floor":43.0,"key":"Pen Nib"},{"floor":45.0,"key":"Anchor"},{"floor":48.0,"key":"Gremlin Horn"}],"event_choices":[{"damage_healed":0.0,"max_hp_gain":0.0,"max_hp_loss":0.0,"gold_gain":75.0,"event_name":"World of Goop","player_choice":"Gather Gold","floor":8.0,"gold_loss":0.0,"damage_taken":11.0},{"damage_healed":0.0,"max_hp_gain":0.0,"max_hp_loss":0.0,"gold_gain":0.0,"event_name":"Upgrade Shrine","player_choice":"Upgraded","floor":14.0,"gold_loss":0.0,"damage_taken":0.0,"cards_upgraded":["Entrench"]},{"damage_healed":0.0,"max_hp_gain":0.0,"max_hp_loss":0.0,"gold_gain":0.0,"event_name":"Cursed Tome","player_choice":"Obtained Book","floor":30.0,"gold_loss":0.0,"damage_taken":16.0},{"damage_healed":0.0,"max_hp_gain":0.0,"max_hp_loss":0.0,"gold_gain":0.0,"event_name":"Tomb of Lord Red Mask","player_choice":"Ignored","floor":37.0,"gold_loss":0.0,"damage_taken":0.0},{"damage_healed":0.0,"max_hp_gain":0.0,"max_hp_loss":0.0,"gold_gain":0.0,"event_name":"The Woman in Blue","player_choice":"Bought 1 Potion","floor":38.0,"gold_loss":0.0,"damage_taken":0.0},{"damage_healed":0.0,"max_hp_gain":0.0,"max_hp_loss":0.0,"gold_gain":0.0,"event_name":"SensoryStone","player_choice":"Memory 1","floor":44.0,"gold_loss":0.0,"damage_taken":0.0}],"is_beta":false,"boss_relics":[{"not_picked":["White Beast Statue","Black Blood"],"picked":"Coffee Dripper"},{"not_picked":["Fusion Hammer","Lizard Tail"],"picked":"Philosopher\u0027s Stone"}],"items_purged_floors":[20,27,46],"is_endless":false,"potions_floor_spawned":[2,11,16,18,21,24,25,36,48],"ascension_level":0}