{"gold_per_floor":[119,131,32,44,5,5,37,37,37,53,71,71,102,102,102,197,197,208,208,224,235,51,86,98,22,101,114,114,134,134,161,161,258,258,271,271,322,252,135,135,152,112,160,101,135,154,187,221,221,221],"floor_reached":51,"playtime":2325,"items_purged":["Strike_B"],"score":936,"play_id":"aa3174c2-f90c-421c-a8ec-eb5ac3950419","local_time":"20190927084206","is_ascension_mode":true,"campfire_choices":[{"data":"Sweeping Beam","floor":6.0,"key":"SMITH"},{"data":"Ball Lightning","floor":8.0,"key":"SMITH"},{"data":"Leap","floor":12.0,"key":"SMITH"},{"data":"Zap","floor":15.0,"key":"SMITH"},{"floor":28.0,"key":"REST"},{"data":"Storm","floor":30.0,"key":"SMITH"},{"data":"Biased Cognition","floor":32.0,"key":"SMITH"},{"data":"Loop","floor":40.0,"key":"SMITH"},{"data":"Heatsinks","floor":49.0,"key":"SMITH"}],"neow_cost":"NONE","seed_source_timestamp":1124585785761499,"circlet_count":0,"master_deck":["Defend_B+1","Defend_B+1","Defend_B+1","Zap+1","Dualcast+1","Conserve Battery+1","Sweeping Beam+1","Ball Lightning+1","Coolheaded+1","FTL+1","BootSequence+1","Leap+1","Biased Cognition+1","Electrodynamics+1","Fusion+1","Machine Learning+1","Storm+1","Biased Cognition+1","White Noise+1","Chaos+1","Hello World+1","Genetic Algorithm+1","Leap+1","Stack+1","Undo+1","Echo Form+1","Consume+1","Cold Snap","Multi-Cast+1","Loop+1","Coolheaded+1","Heatsinks+1","Leap+1","Reprogram+1","Heatsinks+1"],"special_seed":0,"relics":["Cracked Core","Ginger","Nunchaku","Cables","Astrolabe","Membership Card","Matryoshka","ClockworkSouvenir","Art of War","Dodecahedron","WingedGreaves","Coffee Dripper","Mark of the Bloom","Emotion Chip","Runic Capacitor","HornCleat","Happy Flower","Anchor","TungstenRod","Letter Opener"],"potions_floor_usage":[50,50],"damage_taken":[{"damage":1.0,"enemies":"Cultist","floor":1.0,"turns":3.0},{"damage":12.0,"enemies":"Jaw Worm","floor":2.0,"turns":3.0},{"damage":3.0,"enemies":"2 Louse","floor":4.0,"turns":2.0},{"damage":17.0,"enemies":"3 Sentries","floor":7.0,"turns":5.0},{"damage":3.0,"enemies":"Gremlin Gang","floor":10.0,"turns":3.0},{"damage":0.0,"enemies":"Red Slaver","floor":11.0,"turns":3.0},{"damage":1.0,"enemies":"Lagavulin","floor":13.0,"turns":6.0},{"damage":16.0,"enemies":"Hexaghost","floor":16.0,"turns":10.0},{"damage":0.0,"enemies":"3 Byrds","floor":18.0,"turns":2.0},{"damage":7.0,"enemies":"Shell Parasite","floor":20.0,"turns":3.0},{"damage":31.0,"enemies":"Snecko","floor":21.0,"turns":4.0},{"damage":10.0,"enemies":"Gremlin Leader","floor":23.0,"turns":3.0},{"damage":14.0,"enemies":"Centurion and Healer","floor":24.0,"turns":3.0},{"damage":13.0,"enemies":"Snake Plant","floor":27.0,"turns":3.0},{"damage":0.0,"enemies":"Snecko","floor":29.0,"turns":4.0},{"damage":5.0,"enemies":"Slavers","floor":31.0,"turns":2.0},{"damage":0.0,"enemies":"Automaton","floor":33.0,"turns":4.0},{"damage":0.0,"enemies":"Orb Walker","floor":35.0,"turns":3.0},{"damage":9.0,"enemies":"2 Orb Walkers","floor":37.0,"turns":3.0},{"damage":0.0,"enemies":"3 Darklings","floor":41.0,"turns":2.0},{"damage":3.0,"enemies":"Giant Head","floor":45.0,"turns":5.0},{"damage":0.0,"enemies":"Maw","floor":46.0,"turns":4.0},{"damage":3.0,"enemies":"Nemesis","floor":47.0,"turns":5.0},{"damage":5.0,"enemies":"Reptomancer","floor":48.0,"turns":3.0},{"damage":14,"enemies":"Awakened One","floor":50,"turns":8}],"seed_played":"4875740042163910767","potions_obtained":[{"floor":4.0,"key":"FearPotion"},{"floor":10.0,"key":"Dexterity Potion"},{"floor":11.0,"key":"EssenceOfSteel"},{"floor":16.0,"key":"PotionOfCapacity"},{"floor":20.0,"key":"FocusPotion"},{"floor":24.0,"key":"AttackPotion"},{"floor":27.0,"key":"Weak Potion"},{"floor":35.0,"key":"Ancient Potion"},{"floor":37.0,"key":"Ancient Potion"}],"is_trial":false,"path_per_floor":["M","M","$","M","$","R","E","R","T","M","M","R","E","?","R","B",null,"M","?","M","M","$","E","M","$","T","M","R","M","R","E","R","B",null,"M","?","?","$","$","R","M","?","T","$","E","M","E","E","R","B",null],"character_chosen":"DEFECT","items_purchased":["Ball Lightning","FTL","Membership Card","Hello World","ClockworkSouvenir","Multi-Cast","Loop","Runic Capacitor","Heatsinks","PowerPotion"],"campfire_rested":1,"item_purchase_floors":[3,5,22,22,25,38,39,39,44,44],"current_hp_per_floor":[81,69,69,66,66,66,49,49,49,46,46,46,45,45,45,29,82,82,82,75,44,44,34,20,20,20,7,31,31,31,26,26,26,82,82,82,73,73,73,73,73,73,73,73,70,70,67,62,62,48],"gold":221,"neow_bonus":"TEN_PERCENT_HP_BONUS","is_prod":false,"is_daily":false,"chose_seed":false,"campfire_upgraded":8,"win_rate":0,"timestamp":1569591726,"path_taken":["M","M","?","M","$","R","E","R","T","M","M","R","E","?","R","BOSS","M","?","?","M","$","E","M","$","T","M","R","M","R","E","R","BOSS","M","?","?","$","$","R","M","?","T","$","E","M","E","E","R","BOSS"],"build_version":"2019-09-26","purchased_purges":1,"victory":true,"max_hp_per_floor":[82,82,82,82,82,82,82,82,82,82,82,82,82,82,82,82,82,82,82,82,82,82,82,82,82,82,82,82,82,82,82,82,82,82,82,82,82,82,82,82,82,82,82,82,82,82,82,82,82,82],"card_choices":[{"not_picked":["Compile Driver","Beam Cell"],"picked":"Conserve Battery","floor":1.0},{"not_picked":["Rebound","Undo"],"picked":"Sweeping Beam","floor":2.0},{"not_picked":["Chill","Ball Lightning"],"picked":"Coolheaded","floor":4.0},{"not_picked":["Seek","Hologram"],"picked":"BootSequence","floor":7.0},{"not_picked":["Turbo","Beam Cell","Fusion"],"picked":"SKIP","floor":10.0},{"not_picked":["Reprogram","Tempest"],"picked":"Leap","floor":11.0},{"not_picked":["Redo","Streamline","Leap"],"picked":"SKIP","floor":13.0},{"not_picked":["Seek","Thunder Strike"],"picked":"Biased Cognition","floor":16.0},{"not_picked":["Sweeping Beam","Tempest"],"picked":"Storm","floor":18.0},{"not_picked":["Barrage","Coolheaded"],"picked":"White Noise+1","floor":20.0},{"not_picked":["Redo","Coolheaded"],"picked":"Chaos","floor":21.0},{"not_picked":["Ball Lightning","Go for the Eyes","Reboot"],"picked":"SKIP","floor":23.0},{"not_picked":["Aggregate","Force Field"],"picked":"Genetic Algorithm","floor":24.0},{"not_picked":["Compile Driver","Turbo+1"],"picked":"Leap","floor":27.0},{"not_picked":["Hyperbeam","Turbo+1"],"picked":"Stack+1","floor":29.0},{"not_picked":["Auto Shields","Go for the Eyes"],"picked":"Undo+1","floor":31.0},{"not_picked":["Electrodynamics","Seek"],"picked":"Echo Form","floor":33.0},{"not_picked":["Leap","Hello World+1"],"picked":"Consume+1","floor":35.0},{"not_picked":["FTL","Redo+1"],"picked":"Cold Snap","floor":37.0},{"not_picked":["Steam Power+1","Storm"],"picked":"Coolheaded+1","floor":41.0},{"not_picked":["Barrage+1","Steam Power+1"],"picked":"Leap+1","floor":45.0},{"not_picked":["Auto Shields","Conserve Battery"],"picked":"Reprogram+1","floor":46.0},{"not_picked":["FTL","Cold Snap","Ball Lightning+1"],"picked":"SKIP","floor":47.0},{"not_picked":["Cold Snap","Scrape"],"picked":"Heatsinks+1","floor":48.0}],"player_experience":334453,"relics_obtained":[{"floor":7.0,"key":"Ginger"},{"floor":9.0,"key":"Nunchaku"},{"floor":13.0,"key":"Cables"},{"floor":23.0,"key":"Matryoshka"},{"floor":26.0,"key":"Art of War"},{"floor":26.0,"key":"Dodecahedron"},{"floor":31.0,"key":"WingedGreaves"},{"floor":37.0,"key":"Emotion Chip"},{"floor":43.0,"key":"HornCleat"},{"floor":43.0,"key":"Happy Flower"},{"floor":45.0,"key":"Anchor"},{"floor":47.0,"key":"TungstenRod"},{"floor":48.0,"key":"Letter Opener"}],"event_choices":[{"cards_removed":["Strike_B"],"damage_healed":0.0,"max_hp_gain":0.0,"max_hp_loss":0.0,"gold_gain":0.0,"event_name":"Living Wall","player_choice":"Forget","floor":14.0,"gold_loss":0.0,"damage_taken":0.0},{"damage_healed":0.0,"max_hp_gain":0.0,"max_hp_loss":0.0,"gold_gain":0.0,"event_name":"Duplicator","player_choice":"Copied","floor":19.0,"gold_loss":0.0,"damage_taken":0.0,"cards_obtained":["Biased Cognition"]},{"damage_healed":0.0,"max_hp_gain":0.0,"max_hp_loss":0.0,"gold_gain":0.0,"event_name":"MindBloom","player_choice":"Upgrade","floor":36.0,"gold_loss":0.0,"damage_taken":0.0,"cards_upgraded":["Defend_B","Defend_B","Defend_B","Dualcast","Conserve Battery","Coolheaded","FTL","BootSequence","Biased Cognition","Chaos","Hello World","Genetic Algorithm","Leap","Echo Form"],"relics_obtained":["Mark of the Bloom"]},{"damage_healed":0.0,"max_hp_gain":0.0,"max_hp_loss":0.0,"gold_gain":0.0,"event_name":"Mysterious Sphere","player_choice":"Fight","floor":37.0,"gold_loss":0.0,"damage_taken":0.0},{"damage_healed":0.0,"max_hp_gain":0.0,"max_hp_loss":0.0,"gold_gain":0.0,"event_name":"Designer","player_choice":"Upgrade","floor":42.0,"gold_loss":40.0,"damage_taken":0.0,"cards_upgraded":["Multi-Cast"]}],"is_beta":true,"boss_relics":[{"not_picked":["Snecko Eye","SacredBark"],"picked":"Astrolabe"},{"not_picked":["Runic Dome","Fusion Hammer"],"picked":"Coffee Dripper"}],"items_purged_floors":[3],"is_endless":false,"potions_floor_spawned":[4,10,11,16,20,24,27,35,37,46],"ascension_level":2}