{"gold_per_floor":[118,136,151,166,178,178,178,178,229,242,242,254,283,283,283,358,358,377,390,409,20,20,20,20,20,20,40,69,81,81,96,96,96],"floor_reached":33,"playtime":2055,"items_purged":[],"score":602,"play_id":"5636ee32-64d8-415e-875e-f863d1c28efc","local_time":"20190926051721","is_ascension_mode":true,"campfire_choices":[{"data":"Sunder","floor":6.0,"key":"SMITH"},{"data":"Hologram","floor":8.0,"key":"SMITH"},{"data":"Hologram","floor":15.0,"key":"SMITH"},{"floor":23.0,"key":"REST"},{"floor":25.0,"key":"REST"},{"floor":30.0,"key":"REST"},{"floor":32,"key":"REST"}],"neow_cost":"NONE","seed_source_timestamp":1493778387976183,"circlet_count":0,"master_deck":["AscendersBane","Strike_B","Strike_B","Strike_B","Defend_B","Defend_B","Defend_B","Defend_B","Zap","Dualcast","Hologram+1","Gash","Gash","Hologram+1","Sunder+1","Gash","Steam","FTL","Beam Cell+1","Go for the Eyes","Gash"],"special_seed":0,"relics":["Sozu","Bag of Marbles","Darkstone Periapt","Centennial Puzzle","Black Star","PreservedInsect","Sling","Mercury Hourglass","Strawberry","Happy Flower"],"potions_floor_usage":[],"damage_taken":[{"damage":3.0,"enemies":"Small Slimes","floor":1.0,"turns":3.0},{"damage":0.0,"enemies":"Cultist","floor":2.0,"turns":3.0},{"damage":10.0,"enemies":"2 Louse","floor":3.0,"turns":2.0},{"damage":5.0,"enemies":"Red Slaver","floor":4.0,"turns":3.0},{"damage":3.0,"enemies":"Blue Slaver","floor":5.0,"turns":4.0},{"damage":7.0,"enemies":"Lots of Slimes","floor":10.0,"turns":4.0},{"damage":6.0,"enemies":"Looter","floor":12.0,"turns":2.0},{"damage":0.0,"enemies":"Gremlin Nob","floor":13.0,"turns":2.0},{"damage":2.0,"enemies":"Slime Boss","floor":16.0,"turns":6.0},{"damage":12.0,"enemies":"2 Thieves","floor":18.0,"turns":3.0},{"damage":5.0,"enemies":"3 Byrds","floor":19.0,"turns":5.0},{"damage":19.0,"enemies":"Snake Plant","floor":20.0,"turns":2.0},{"damage":8.0,"enemies":"Snecko","floor":27.0,"turns":3.0},{"damage":8.0,"enemies":"Gremlin Leader","floor":28.0,"turns":4.0},{"damage":24.0,"enemies":"Centurion and Healer","floor":29.0,"turns":4.0},{"damage":1,"enemies":"3 Cultists","floor":31,"turns":5},{"damage":97,"enemies":"Collector","floor":33,"turns":7}],"seed_played":"-1436077487322206995","potions_obtained":[],"is_trial":false,"path_per_floor":["M","M","M","M","M","R","?","R","T","M","?","M","E","?","R","B",null,"M","M","M","$","?","R","?","R","T","M","E","M","R","M","R","B"],"character_chosen":"DEFECT","items_purchased":["PreservedInsect","Sling"],"campfire_rested":4,"item_purchase_floors":[21,21],"current_hp_per_floor":[61,61,51,46,43,43,43,43,43,36,36,30,30,71,71,69,71,59,54,35,35,15,37,37,59,59,51,50,26,50,49,73,0],"gold":96,"neow_bonus":"BOSS_RELIC","is_prod":false,"is_daily":false,"chose_seed":false,"campfire_upgraded":3,"win_rate":0,"timestamp":1569489441,"path_taken":["M","M","M","M","M","R","?","R","T","?","?","M","E","?","R","BOSS","M","M","M","$","?","R","?","R","T","M","E","?","R","M","R","BOSS"],"build_version":"2019-07-17","purchased_purges":0,"victory":false,"max_hp_per_floor":[71,71,71,71,71,71,71,71,71,71,71,71,71,71,71,71,71,71,71,71,71,76,76,76,76,76,76,83,83,83,83,83,83],"card_choices":[{"not_picked":["Compile Driver","Redo"],"picked":"Hologram","floor":1.0},{"not_picked":["Sweeping Beam","Tempest"],"picked":"Gash","floor":2.0},{"not_picked":["Ball Lightning","Reinforced Body"],"picked":"Gash","floor":3.0},{"not_picked":["Sweeping Beam","Ball Lightning"],"picked":"Hologram","floor":4.0},{"not_picked":["Redo","Coolheaded"],"picked":"Sunder","floor":5.0},{"not_picked":["Ball Lightning","Scrape"],"picked":"Gash","floor":10.0},{"not_picked":["Conserve Battery","Rebound","Force Field"],"picked":"SKIP","floor":12.0},{"not_picked":["Rip and Tear","Auto Shields"],"picked":"Steam","floor":13.0},{"not_picked":["Coolheaded","Barrage+1","Rebound"],"picked":"SKIP","floor":18.0},{"not_picked":["Streamline","Hello World"],"picked":"FTL","floor":19.0},{"not_picked":["Stack","Reprogram","Hologram"],"picked":"SKIP","floor":20.0},{"not_picked":["Streamline","Loop","Compile Driver"],"picked":"SKIP","floor":27.0},{"not_picked":["Cold Snap","Darkness"],"picked":"Beam Cell+1","floor":28.0},{"not_picked":["Undo+1","Leap"],"picked":"Go for the Eyes","floor":29.0},{"not_picked":["Steam","Core Surge"],"picked":"Gash","floor":31}],"player_experience":435546,"relics_obtained":[{"floor":9.0,"key":"Bag of Marbles"},{"floor":13.0,"key":"Centennial Puzzle"},{"floor":26.0,"key":"Mercury Hourglass"},{"floor":28.0,"key":"Strawberry"},{"floor":28.0,"key":"Happy Flower"}],"event_choices":[{"damage_healed":0.0,"max_hp_gain":0.0,"max_hp_loss":0.0,"gold_gain":0.0,"event_name":"WeMeetAgain","player_choice":"Ignored","floor":7.0,"gold_loss":0.0,"damage_taken":0.0},{"damage_healed":0.0,"max_hp_gain":0.0,"max_hp_loss":0.0,"gold_gain":0.0,"event_name":"Dead Adventurer","player_choice":"Searched \u00271\u0027 times","floor":11.0,"gold_loss":0.0,"damage_taken":0.0,"relics_obtained":["Darkstone Periapt"]},{"damage_healed":41.0,"max_hp_gain":0.0,"max_hp_loss":0.0,"gold_gain":0.0,"event_name":"Wheel of Change","player_choice":"Full Heal","floor":14.0,"gold_loss":0.0,"damage_taken":0.0},{"damage_healed":0.0,"max_hp_gain":5.0,"max_hp_loss":0.0,"gold_gain":0.0,"event_name":"Forgotten Altar","player_choice":"Shed Blood","floor":22.0,"gold_loss":0.0,"damage_taken":25.0},{"cards_removed":["Strike_B"],"damage_healed":0.0,"max_hp_gain":0.0,"max_hp_loss":0.0,"gold_gain":0.0,"event_name":"Purifier","player_choice":"Purged","floor":24.0,"gold_loss":0.0,"damage_taken":0.0}],"is_beta":false,"boss_relics":[{"not_picked":["Inserter","Orrery"],"picked":"Black Star"}],"items_purged_floors":[],"is_endless":false,"potions_floor_spawned":[3,5,10,16,20,28],"killed_by":"Collector","ascension_level":19}