{"gold_per_floor":[113,38,55,55,22,22,55,55,81,81,107,107,107,121,121,223,223,239,35,53,68,86,86,100,100,123,123,97,97,97,97,97,198,198,216,9,9,20,20,20,35,35,103,103,131,131,231,247,247,247],"floor_reached":51,"playtime":2633,"items_purged":["Strike_B","Defend_B","Doubt"],"score":1001,"play_id":"aca0cfd9-5598-46c2-bde1-078ff9c256b6","local_time":"20190216111448","is_ascension_mode":true,"campfire_choices":[{"data":"Lockon","floor":6,"key":"SMITH"},{"floor":8,"key":"REST"},{"data":"Stack","floor":10,"key":"SMITH"},{"floor":15,"key":"REST"},{"floor":23,"key":"REST"},{"data":"RitualDagger","floor":27,"key":"SMITH"},{"floor":30,"key":"REST"},{"data":"Defragment","floor":32,"key":"SMITH"},{"data":"Capacitor","floor":40,"key":"SMITH"},{"data":"Chill","floor":42,"key":"SMITH"},{"data":"Biased Cognition","floor":49,"key":"SMITH"}],"neow_cost":"NONE","seed_source_timestamp":55524082912118,"circlet_count":0,"master_deck":["Strike_B","Defend_B+1","Defend_B+1","Zap+1","Dualcast+1","Lockon+1","Coolheaded","Capacitor+1","Stack+1","Ball Lightning","Core Surge","Leap+1","Defragment+1","Sweeping Beam","Ball Lightning","Defragment+1","Coolheaded","RitualDagger+1","Leap","Self Repair","Biased Cognition+1","Hologram+1","Self Repair","Cold Snap","Doom and Gloom+1","Chill+1","Pain","Panacea+1"],"relics":["FrozenCore","War Paint","Regal Pillow","Bronze Scales","Orichalcum","Cursed Key","Art of War","Enchiridion","Toxic Egg 2","Oddly Smooth Stone"],"potions_floor_usage":[33,33,45,45,45],"damage_taken":[{"damage":8,"enemies":"Small Slimes","floor":1,"turns":3},{"damage":0,"enemies":"2 Louse","floor":3,"turns":2},{"damage":20,"enemies":"Gremlin Nob","floor":7,"turns":4},{"damage":21,"enemies":"Lagavulin","floor":11,"turns":6},{"damage":0,"enemies":"Cultist","floor":14,"turns":3},{"damage":27,"enemies":"Slime Boss","floor":16,"turns":11},{"damage":3,"enemies":"2 Thieves","floor":18,"turns":3},{"damage":6,"enemies":"Shell Parasite","floor":20,"turns":5},{"damage":12,"enemies":"Snake Plant","floor":21,"turns":3},{"damage":16,"enemies":"Sentry and Sphere","floor":22,"turns":4},{"damage":7,"enemies":"Snecko","floor":24,"turns":4},{"damage":16,"enemies":"Automaton","floor":33,"turns":10},{"damage":23,"enemies":"3 Darklings","floor":35,"turns":6},{"damage":0,"enemies":"3 Shapes","floor":38,"turns":4},{"damage":0,"enemies":"Maw","floor":41,"turns":8},{"damage":2,"enemies":"Giant Head","floor":45,"turns":10},{"damage":9,"enemies":"Sphere and 2 Shapes","floor":48,"turns":6},{"damage":25,"enemies":"Awakened One","floor":50,"turns":15}],"seed_played":"3803040141054341454","potions_obtained":[{"floor":1,"key":"LiquidBronze"},{"floor":11,"key":"SteroidPotion"},{"floor":18,"key":"Energy Potion"},{"floor":24,"key":"Strength Potion"},{"floor":33,"key":"PowerPotion"},{"floor":35,"key":"Swift Potion"}],"is_trial":false,"path_per_floor":["M","$","M","?","$","R","E","R","T","R","E","?","?","M","R","B",null,"M","$","M","M","M","R","M","?","T","R","$","?","R","?","R","B",null,"M","$","?","M","$","R","M","R","T","$","E","?","?","M","R","B",null],"character_chosen":"DEFECT","items_purchased":["Capacitor","Defragment","Sweeping Beam","Leap","Self Repair","Cold Snap"],"campfire_rested":4,"item_purchase_floors":[5,19,19,28,36,36],"current_hp_per_floor":[60,60,60,53,53,53,33,70,70,70,49,34,34,34,71,44,67,64,64,58,46,30,67,60,54,54,54,54,38,75,75,75,66,73,57,57,57,71,71,71,75,75,75,75,75,75,75,75,75,64],"gold":247,"neow_bonus":"RANDOM_COMMON_RELIC","is_prod":false,"is_daily":false,"chose_seed":false,"campfire_upgraded":7,"win_rate":0,"timestamp":1550333688,"path_taken":["M","$","M","?","$","R","E","R","T","R","E","?","?","M","R","BOSS","M","$","?","M","?","R","M","?","T","R","$","?","R","?","R","BOSS","M","$","?","M","$","R","M","R","T","$","E","?","?","?","R","BOSS"],"build_version":"2019-01-23","purchased_purges":3,"victory":true,"max_hp_per_floor":[75,75,75,75,75,75,75,75,75,75,75,75,75,75,75,75,75,75,75,75,75,75,75,75,75,75,75,75,75,75,75,75,75,75,75,75,75,75,75,75,75,75,75,75,75,75,75,75,75,75],"card_choices":[{"not_picked":["Rebound","Scrape"],"picked":"Lockon","floor":1},{"not_picked":["Steam","Gash"],"picked":"Coolheaded","floor":3},{"not_picked":["Sunder","Steam"],"picked":"Stack","floor":7},{"not_picked":["Stack","Barrage","Steam Power"],"picked":"SKIP","floor":11},{"not_picked":["Rebound","Hello World"],"picked":"Ball Lightning","floor":14},{"not_picked":["Amplify","Machine Learning"],"picked":"Core Surge","floor":16},{"not_picked":["Hologram","Loop"],"picked":"Leap+1","floor":18},{"not_picked":["Steam+1","Leap","Streamline"],"picked":"SKIP","floor":20},{"not_picked":["Hologram","Streamline"],"picked":"Ball Lightning","floor":21},{"not_picked":["Turbo","Static Discharge+1"],"picked":"Defragment+1","floor":22},{"not_picked":["Hologram","Beam Cell"],"picked":"Coolheaded","floor":24},{"not_picked":["Hyperbeam","Machine Learning"],"picked":"Biased Cognition","floor":33},{"not_picked":["Sunder","Beam Cell+1"],"picked":"Hologram+1","floor":35},{"not_picked":["Ball Lightning","Hologram"],"picked":"Doom and Gloom+1","floor":38},{"not_picked":["Melter+1","Sweeping Beam"],"picked":"Chill","floor":41},{"not_picked":["Streamline+1","Redo+1","FTL"],"picked":"SKIP","floor":45},{"not_picked":["Violence+1","Deep Breath+1"],"picked":"Panacea+1","floor":46},{"not_picked":["Beam Cell+1","Steam+1","Cold Snap"],"picked":"SKIP","floor":48}],"player_experience":260375,"relics_obtained":[{"floor":7,"key":"Regal Pillow"},{"floor":9,"key":"Bronze Scales"},{"floor":11,"key":"Orichalcum"},{"floor":26,"key":"Art of War"},{"floor":29,"key":"Enchiridion"},{"floor":43,"key":"Toxic Egg 2"},{"floor":45,"key":"Oddly Smooth Stone"}],"event_choices":[{"cards_removed":["Strike_B"],"damage_healed":0,"gold_gain":0,"player_choice":"Card Removal","damage_taken":7,"max_hp_gain":0,"max_hp_loss":0,"event_name":"Golden Wing","floor":4,"gold_loss":0},{"damage_healed":0,"gold_gain":0,"player_choice":"Entered Light","damage_taken":15,"max_hp_gain":0,"max_hp_loss":0,"event_name":"Shining Light","floor":12,"gold_loss":0,"cards_upgraded":["Defend_B","Dualcast"]},{"cards_removed":["Strike_B"],"damage_healed":0,"gold_gain":0,"player_choice":"Offered Basic","damage_taken":0,"max_hp_gain":0,"max_hp_loss":0,"event_name":"Bonfire Elementals","floor":13,"gold_loss":0},{"damage_healed":0,"gold_gain":0,"player_choice":"Joined the Cult","damage_taken":6,"max_hp_gain":0,"max_hp_loss":0,"event_name":"Nest","floor":25,"gold_loss":0,"cards_obtained":["RitualDagger"]},{"damage_healed":0,"gold_gain":0,"player_choice":"Obtained Book","damage_taken":16,"max_hp_gain":0,"max_hp_loss":0,"event_name":"Cursed Tome","floor":29,"gold_loss":0},{"damage_healed":0,"gold_gain":0,"player_choice":"Read","damage_taken":0,"max_hp_gain":0,"max_hp_loss":0,"event_name":"The Library","floor":31,"gold_loss":0,"cards_obtained":["Self Repair"]},{"cards_removed":["Defend_B"],"damage_healed":0,"gold_gain":0,"player_choice":"Removed Skill","damage_taken":0,"max_hp_gain":0,"max_hp_loss":0,"event_name":"Falling","floor":37,"gold_loss":0},{"damage_healed":0,"gold_gain":0,"player_choice":"Memory 1","damage_taken":0,"max_hp_gain":0,"max_hp_loss":0,"event_name":"SensoryStone","floor":46,"gold_loss":0},{"damage_healed":0,"gold_gain":100,"player_choice":"Pray","damage_taken":0,"max_hp_gain":0,"max_hp_loss":0,"event_name":"Golden Shrine","floor":47,"gold_loss":0}],"is_beta":false,"boss_relics":[{"not_picked":["Runic Dome","Nuclear Battery"],"picked":"Cursed Key"},{"not_picked":["Coffee Dripper","Snecko Eye"],"picked":"FrozenCore"}],"items_purged_floors":[2,19,36],"is_endless":false,"potions_floor_spawned":[1,11,18,24,33,35],"ascension_level":8}