{"gold_per_floor":[114,114,127,137,149,149,164,193,193,193,210,241,258,284,284,356,356,371,382,307,94,144,176,176,192,192,192,212,224,19,48,48,121,121,132,132,132,147,147,147,196,208,208,208,208,223,143,163,163,163,163],"floor_reached":51,"playtime":2160,"items_purged":["Strike_B","Strike_B"],"score":1318,"play_id":"2b2b883e-efc4-4630-bea0-a13fd981b7d7","local_time":"20190615101301","is_ascension_mode":true,"campfire_choices":[{"data":"Sunder","floor":6,"key":"SMITH"},{"floor":10,"key":"DIG"},{"floor":15,"key":"REST"},{"floor":24,"key":"REST"},{"floor":32,"key":"REST"},{"floor":40,"key":"DIG"},{"floor":49,"key":"REST"}],"neow_cost":"CURSE","seed_source_timestamp":121318576433985,"circlet_count":0,"master_deck":["AscendersBane","Defend_B","Defend_B","Defend_B","Defend_B","Zap","Dualcast","Electrodynamics+1","Conserve Battery","Sunder+1","Loop","Coolheaded","Core Surge","Biased Cognition","Cold Snap","Rip and Tear","Rainbow","Self Repair","Coolheaded","White Noise","Core Surge","Leap+1","Glacier","Thunder Strike","Go for the Eyes+1","Core Surge","Beam Cell","Glacier","Leap+1"],"relics":["Cracked Core","Happy Flower","Shovel","The Courier","Incense Burner","Mercury Hourglass","Fusion Hammer","DataDisk","Shuriken","Dream Catcher","PreservedInsect","Symbiotic Virus","Sozu","Bottled Tornado","Nunchaku","Darkstone Periapt"],"potions_floor_usage":[14,14,18,23,29,50],"damage_taken":[{"damage":0,"enemies":"2 Louse","floor":1,"turns":2},{"damage":1,"enemies":"Cultist","floor":3,"turns":3},{"damage":0,"enemies":"Small Slimes","floor":4,"turns":3},{"damage":6,"enemies":"Looter","floor":5,"turns":2},{"damage":1,"enemies":"Lots of Slimes","floor":7,"turns":2},{"damage":15,"enemies":"3 Sentries","floor":8,"turns":4},{"damage":15,"enemies":"Gremlin Gang","floor":11,"turns":3},{"damage":10,"enemies":"Lagavulin","floor":12,"turns":6},{"damage":0,"enemies":"Exordium Wildlife","floor":13,"turns":1},{"damage":3,"enemies":"3 Sentries","floor":14,"turns":3},{"damage":27,"enemies":"Slime Boss","floor":16,"turns":11},{"damage":6,"enemies":"Shell Parasite","floor":18,"turns":4},{"damage":16,"enemies":"3 Byrds","floor":19,"turns":3},{"damage":27,"enemies":"Gremlin Leader","floor":23,"turns":5},{"damage":0,"enemies":"3 Cultists","floor":25,"turns":2},{"damage":0,"enemies":"Shelled Parasite and Fungi","floor":28,"turns":3},{"damage":1,"enemies":"Cultist and Chosen","floor":29,"turns":3},{"damage":7,"enemies":"Book of Stabbing","floor":31,"turns":5},{"damage":27,"enemies":"Champ","floor":33,"turns":10},{"damage":10,"enemies":"3 Shapes","floor":35,"turns":5},{"damage":5,"enemies":"Orb Walker","floor":38,"turns":3},{"damage":14,"enemies":"2 Orb Walkers","floor":41,"turns":3},{"damage":5,"enemies":"Spire Growth","floor":42,"turns":4},{"damage":0,"enemies":"Sphere and 2 Shapes","floor":46,"turns":3},{"damage":19,"enemies":"Maw","floor":48,"turns":6},{"damage":37,"enemies":"Awakened One","floor":50,"turns":32},{"damage":26,"enemies":"Time Eater","floor":51,"turns":6}],"seed_played":"-7254034440034100630","potions_obtained":[{"floor":7,"key":"Swift Potion"},{"floor":11,"key":"SteroidPotion"},{"floor":16,"key":"SkillPotion"},{"floor":18,"key":"EssenceOfSteel"},{"floor":25,"key":"GamblersBrew"},{"floor":29,"key":"Poison Potion"}],"is_trial":false,"path_per_floor":["M","?","M","M","M","R","M","E","T","R","M","E","M","E","R","B",null,"M","M","?","$","?","E","R","M","T","?","M","M","$","E","R","B",null,"M","?","$","M","$","R","?","M","T","?","?","M","$","M","R","B","B"],"character_chosen":"DEFECT","items_purchased":["DataDisk","Coolheaded","PreservedInsect","Glacier"],"campfire_rested":4,"item_purchase_floors":[21,21,30,30],"current_hp_per_floor":[64,64,63,63,57,57,56,41,41,41,26,16,16,13,34,7,55,49,33,33,33,33,13,33,33,33,33,40,46,46,46,66,46,63,60,56,56,58,58,58,44,39,39,39,39,46,46,34,54,24,0],"gold":163,"neow_bonus":"THREE_RARE_CARDS","is_prod":false,"is_daily":false,"chose_seed":false,"campfire_upgraded":1,"win_rate":0,"timestamp":1560607981,"path_taken":["M","?","M","M","M","R","?","E","T","R","M","E","M","E","R","BOSS","M","M","?","$","?","E","R","M","T","?","?","?","$","E","R","BOSS","M","?","?","M","$","R","?","M","T","?","?","M","$","M","R","BOSS","BOSS"],"build_version":"2019-01-23","purchased_purges":2,"victory":false,"max_hp_per_floor":[71,71,71,71,71,71,71,71,71,71,71,71,71,71,71,71,71,71,71,68,68,68,68,68,68,68,68,68,68,68,68,68,68,68,68,68,68,68,68,68,68,68,68,68,68,68,68,68,68,68,68],"card_choices":[{"not_picked":["Thunder Strike","Biased Cognition"],"picked":"Electrodynamics","floor":0},{"not_picked":["Compile Driver","Skim"],"picked":"Conserve Battery","floor":1},{"not_picked":["Gash","Darkness"],"picked":"Sunder","floor":3},{"not_picked":["Skim","Streamline"],"picked":"Loop","floor":4},{"not_picked":["Cold Snap","Sweeping Beam"],"picked":"Coolheaded","floor":5},{"not_picked":["Stack","Sweeping Beam"],"picked":"Core Surge","floor":7},{"not_picked":["Storm","Turbo","Barrage"],"picked":"SKIP","floor":8},{"not_picked":["Go for the Eyes","Heatsinks"],"picked":"Biased Cognition","floor":11},{"not_picked":["FTL","Redo"],"picked":"Cold Snap","floor":12},{"not_picked":["Streamline","Go for the Eyes"],"picked":"Rip and Tear","floor":13},{"not_picked":["Stack","Steam"],"picked":"Hologram","floor":14},{"not_picked":["Meteor Strike","Multi-Cast"],"picked":"Rainbow","floor":16},{"not_picked":["Steam Power","Hologram","Rebound"],"picked":"SKIP","floor":18},{"not_picked":["Barrage","Turbo"],"picked":"Self Repair","floor":19},{"not_picked":["Barrage","Steam Power"],"picked":"White Noise","floor":23},{"not_picked":["Barrage","Stack","Sunder"],"picked":"SKIP","floor":25},{"not_picked":["Reprogram+1","Leap","Darkness"],"picked":"SKIP","floor":28},{"not_picked":["Stack+1","Compile Driver"],"picked":"Leap+1","floor":29},{"not_picked":["Capacitor+1","Aggregate"],"picked":"Thunder Strike","floor":31},{"not_picked":["Gash","Double Energy"],"picked":"Go for the Eyes+1","floor":32},{"not_picked":["Rainbow","Hyperbeam"],"picked":"Core Surge","floor":33},{"not_picked":["Cold Snap+1","Streamline","Barrage+1"],"picked":"SKIP","floor":35},{"not_picked":["Hologram","Darkness","Sunder"],"picked":"SKIP","floor":38},{"not_picked":["All For One","Sweeping Beam","Sunder+1"],"picked":"SKIP","floor":42},{"not_picked":["Force Field","Cold Snap+1","Chaos+1"],"picked":"SKIP","floor":46},{"not_picked":["Lockon","Turbo"],"picked":"Glacier","floor":48},{"not_picked":["Go for the Eyes","Redo"],"picked":"Leap+1","floor":49}],"player_experience":909288,"relics_obtained":[{"floor":8,"key":"Happy Flower"},{"floor":9,"key":"Shovel"},{"floor":10,"key":"The Courier"},{"floor":12,"key":"Incense Burner"},{"floor":14,"key":"Mercury Hourglass"},{"floor":23,"key":"Shuriken"},{"floor":26,"key":"Dream Catcher"},{"floor":31,"key":"Symbiotic Virus"},{"floor":40,"key":"Bottled Tornado"},{"floor":41,"key":"Nunchaku"},{"floor":43,"key":"Darkstone Periapt"}],"event_choices":[{"damage_healed":0,"gold_gain":0,"player_choice":"Upgraded","damage_taken":0,"max_hp_gain":0,"max_hp_loss":0,"event_name":"Upgrade Shrine","floor":2,"gold_loss":0,"cards_upgraded":["Electrodynamics"]},{"cards_removed":["Parasite"],"damage_healed":0,"gold_gain":0,"player_choice":"Gave Gold","damage_taken":0,"max_hp_gain":0,"max_hp_loss":0,"event_name":"Beggar","floor":20,"gold_loss":75},{"damage_healed":0,"gold_gain":50,"player_choice":"Stole From Cult","damage_taken":0,"max_hp_gain":0,"max_hp_loss":0,"event_name":"Nest","floor":22,"gold_loss":0},{"damage_healed":0,"gold_gain":0,"cards_transformed":["Strike_B"],"player_choice":"Transformed","damage_taken":0,"max_hp_gain":0,"max_hp_loss":0,"event_name":"Transmorgrifier","floor":27,"gold_loss":0,"cards_obtained":["Core Surge"]},{"damage_healed":0,"gold_gain":0,"player_choice":"Bought 0 Potions","damage_taken":0,"max_hp_gain":0,"max_hp_loss":0,"event_name":"The Woman in Blue","floor":36,"gold_loss":0},{"damage_healed":0,"gold_gain":0,"player_choice":"Fight","damage_taken":0,"max_hp_gain":0,"max_hp_loss":0,"event_name":"Mysterious Sphere","floor":41,"gold_loss":0},{"cards_removed":["Hologram"],"damage_healed":0,"gold_gain":0,"player_choice":"Removed Skill","damage_taken":0,"max_hp_gain":0,"max_hp_loss":0,"event_name":"Falling","floor":44,"gold_loss":0},{"damage_healed":0,"gold_gain":0,"cards_transformed":["Strike_B"],"player_choice":"Transformed","damage_taken":0,"max_hp_gain":0,"max_hp_loss":0,"event_name":"Transmorgrifier","floor":45,"gold_loss":0,"cards_obtained":["Beam Cell"]}],"is_beta":false,"boss_relics":[{"not_picked":["Eternal Feather","Runic Dome"],"picked":"Fusion Hammer"},{"not_picked":["Busted Crown","Cursed Key"],"picked":"Sozu"}],"items_purged_floors":[21,47],"is_endless":false,"potions_floor_spawned":[7,11,13,16,18,25,29,48],"killed_by":"Time Eater","ascension_level":20}