{"gold_per_floor":[117,217,228,242,257,257,270,270,270,311,311,325,338,408,408,504,504,519,519,533,556,569,569,610,213,286,286,307,322,337,70,70,168,168,182,327,327,352,377,377,402,402,473,496,496,29,50,50,50,50],"floor_reached":50,"playtime":1791,"items_purged":["Strike_R"],"score":824,"play_id":"b07ed1e8-17e1-4329-b224-6059cbcb67c6","local_time":"20181120001523","is_ascension_mode":true,"campfire_choices":[{"data":"Inflame","floor":6,"key":"SMITH"},{"data":"Armaments","floor":11,"key":"SMITH"},{"data":"Pommel Strike","floor":15,"key":"SMITH"},{"floor":23,"key":"REST"},{"floor":27,"key":"REST"},{"data":"Magnetism","floor":32,"key":"SMITH"},{"data":"Offering","floor":40,"key":"SMITH"},{"floor":42,"key":"REST"},{"floor":45,"key":"REST"},{"floor":49,"key":"REST"}],"neow_cost":"NONE","seed_source_timestamp":22982502871701,"circlet_count":0,"master_deck":["AscendersBane","Strike_R","Strike_R","Strike_R","Defend_R","Defend_R","Defend_R","Defend_R","Bash","Inflame+1","Pommel Strike+1","Armaments+1","Cleave","Reaper","Wild Strike+1","Pommel Strike+1","Uppercut+1","Offering+1","Panacea","Anger+1","Sword Boomerang+1","Flame Barrier+1","Whirlwind+1","Flex+1","Armaments+1","Magnetism+1","Exhume+1","Disarm+1","Disarm+1","Flex+1","Shrug It Off+1","Whirlwind+1","Thunderclap+1"],"relics":["Burning Blood","Vajra","Golden Idol","Molten Egg 2","Letter Opener","Busted Crown","Blood Vial","Toxic Egg 2","Gremlin Horn","Mark of Pain","Unceasing Top","Paper Frog","Anchor","DollysMirror"],"potions_floor_usage":[4,10,16,22,29,33,41,41,50,50],"damage_taken":[{"damage":1,"enemies":"Cultist","floor":1,"turns":3},{"damage":10,"enemies":"Small Slimes","floor":3,"turns":3},{"damage":11,"enemies":"2 Louse","floor":4,"turns":3},{"damage":18,"enemies":"Looter","floor":5,"turns":4},{"damage":0,"enemies":"Lots of Slimes","floor":7,"turns":1},{"damage":25,"enemies":"Gremlin Nob","floor":10,"turns":4},{"damage":26,"enemies":"Red Slaver","floor":12,"turns":4},{"damage":5,"enemies":"Exordium Wildlife","floor":13,"turns":3},{"damage":43,"enemies":"Hexaghost","floor":16,"turns":9},{"damage":11,"enemies":"3 Byrds","floor":18,"turns":4},{"damage":6,"enemies":"Spheric Guardian","floor":20,"turns":2},{"damage":0,"enemies":"Centurion and Healer","floor":21,"turns":5},{"damage":21,"enemies":"Snake Plant","floor":22,"turns":3},{"damage":41,"enemies":"Slavers","floor":24,"turns":4},{"damage":19,"enemies":"Shelled Parasite and Fungi","floor":28,"turns":3},{"damage":13,"enemies":"Centurion and Healer","floor":29,"turns":2},{"damage":6,"enemies":"3 Cultists","floor":30,"turns":1},{"damage":53,"enemies":"Collector","floor":33,"turns":7},{"damage":0,"enemies":"Orb Walker","floor":35,"turns":3},{"damage":6,"enemies":"Mind Bloom Boss Battle","floor":36,"turns":6},{"damage":6,"enemies":"3 Darklings","floor":38,"turns":1},{"damage":33,"enemies":"Maw","floor":39,"turns":7},{"damage":59,"enemies":"Transient","floor":41,"turns":5},{"damage":16,"enemies":"4 Shapes","floor":44,"turns":2},{"damage":27,"enemies":"Jaw Worm Horde","floor":47,"turns":3},{"damage":83,"enemies":"Donu and Deca","floor":50,"turns":5}],"seed_played":"6078479576331333621","potions_obtained":[{"floor":3,"key":"SkillPotion"},{"floor":5,"key":"EssenceOfSteel"},{"floor":10,"key":"LiquidBronze"},{"floor":21,"key":"EssenceOfSteel"},{"floor":24,"key":"Dexterity Potion"},{"floor":28,"key":"SkillPotion"},{"floor":33,"key":"SkillPotion"},{"floor":36,"key":"BloodPotion"},{"floor":44,"key":"Dexterity Potion"},{"floor":47,"key":"Explosive Potion"}],"is_trial":false,"path_per_floor":["M","?","M","M","M","R","M","?","T","E","R","M","M","?","R","B",null,"M","?","M","M","M","R","E","$","T","R","M","M","M","$","R","B",null,"M","?","?","M","M","R","M","R","T","M","R","$","M","?","R","B"],"character_chosen":"IRONCLAD","items_purchased":["Toxic Egg 2","Flame Barrier+1","Whirlwind+1","Flex+1","Armaments+1","Magnetism","Anchor","Shrug It Off+1","DollysMirror"],"campfire_rested":5,"item_purchase_floors":[25,25,25,31,31,31,46,46,46],"current_hp_per_floor":[73,73,69,64,52,52,58,58,58,51,51,39,56,56,56,19,57,52,40,40,54,39,59,24,24,24,44,33,37,39,39,39,22,57,65,67,67,69,60,60,15,35,35,56,69,69,48,48,68,0],"gold":50,"neow_bonus":"RANDOM_COMMON_RELIC","is_prod":false,"is_daily":false,"chose_seed":false,"campfire_upgraded":5,"win_rate":0,"timestamp":1542701723,"path_taken":["M","?","M","?","M","R","M","?","T","E","R","M","M","?","R","BOSS","M","?","?","M","M","R","E","$","T","R","M","M","M","?","R","BOSS","M","?","?","M","M","R","M","R","T","M","R","$","M","?","R","BOSS"],"build_version":"2018-11-15","purchased_purges":1,"victory":false,"max_hp_per_floor":[75,75,75,75,75,75,75,69,69,69,69,69,69,69,69,69,69,69,69,69,69,69,69,69,69,69,69,69,69,69,69,69,69,69,69,69,69,69,69,69,69,69,69,69,69,69,69,69,69,69],"card_choices":[{"not_picked":["Twin Strike","Wild Strike"],"picked":"Inflame","floor":1},{"not_picked":["Clash","True Grit"],"picked":"Pommel Strike","floor":3},{"not_picked":["Sword Boomerang","Body Slam"],"picked":"Armaments","floor":4},{"not_picked":["Anger","Flex"],"picked":"Cleave","floor":5},{"not_picked":["Dropkick","Clash"],"picked":"Reaper","floor":7},{"not_picked":["Flex","True Grit"],"picked":"Wild Strike+1","floor":10},{"not_picked":["True Grit","Headbutt+1"],"picked":"Pommel Strike+1","floor":12},{"not_picked":["Clash+1","Fiend Fire+1"],"picked":"Uppercut+1","floor":13},{"not_picked":["Reaper+1","Impervious"],"picked":"Offering","floor":16},{"not_picked":["Dual Wield+1"],"picked":"SKIP","floor":18},{"not_picked":[],"picked":"Anger+1","floor":20},{"not_picked":["Infernal Blade"],"picked":"SKIP","floor":21},{"not_picked":["Rupture"],"picked":"SKIP","floor":22},{"not_picked":[],"picked":"Sword Boomerang+1","floor":24},{"not_picked":["Havoc+1"],"picked":"SKIP","floor":28},{"not_picked":["Clash+1"],"picked":"SKIP","floor":29},{"not_picked":["Bloodletting+1"],"picked":"SKIP","floor":30},{"not_picked":[],"picked":"Exhume+1","floor":33},{"not_picked":[],"picked":"Disarm+1","floor":35},{"not_picked":[],"picked":"Disarm+1","floor":38},{"not_picked":[],"picked":"Flex+1","floor":39},{"not_picked":["Body Slam+1"],"picked":"SKIP","floor":41},{"not_picked":["Burning Pact+1"],"picked":"SKIP","floor":44},{"not_picked":[],"picked":"Thunderclap+1","floor":47}],"player_experience":800037,"relics_obtained":[{"floor":9,"key":"Molten Egg 2"},{"floor":10,"key":"Letter Opener"},{"floor":24,"key":"Blood Vial"},{"floor":26,"key":"Gremlin Horn"},{"floor":36,"key":"Unceasing Top"},{"floor":43,"key":"Paper Frog"}],"event_choices":[{"damage_healed":0,"gold_gain":100,"player_choice":"Pray","damage_taken":0,"max_hp_gain":0,"max_hp_loss":0,"event_name":"Golden Shrine","floor":2,"gold_loss":0},{"damage_healed":0,"gold_gain":0,"player_choice":"Lose Max HP","damage_taken":0,"relics_obtained":["Golden Idol"],"max_hp_gain":0,"max_hp_loss":6,"event_name":"Golden Idol","floor":8,"gold_loss":0},{"damage_healed":0,"gold_gain":70,"player_choice":"Gained Gold","damage_taken":0,"max_hp_gain":0,"max_hp_loss":0,"event_name":"Golden Wing","floor":14,"gold_loss":0},{"damage_healed":0,"gold_gain":0,"player_choice":"CARD ","damage_taken":12,"max_hp_gain":0,"max_hp_loss":0,"event_name":"Knowing Skull","floor":19,"potions_obtained":[],"gold_loss":0,"cards_obtained":["Panacea"]},{"damage_healed":0,"gold_gain":0,"player_choice":"Fight","damage_taken":0,"max_hp_gain":0,"max_hp_loss":0,"event_name":"MindBloom","floor":36,"gold_loss":0},{"cards_removed":["Strike_R"],"damage_healed":0,"gold_gain":0,"player_choice":"Removed Attack","damage_taken":0,"max_hp_gain":0,"max_hp_loss":0,"event_name":"Falling","floor":37,"gold_loss":0},{"damage_healed":0,"gold_gain":0,"player_choice":"Got Potions","damage_taken":0,"max_hp_gain":0,"max_hp_loss":0,"event_name":"Lab","floor":48,"gold_loss":0}],"is_beta":false,"boss_relics":[{"not_picked":["Philosopher\u0027s Stone","Runic Cube"],"picked":"Busted Crown"},{"not_picked":["Black Star","Black Blood"],"picked":"Mark of Pain"}],"items_purged_floors":[46],"is_endless":false,"potions_floor_spawned":[3,5,10,21,24,28,33,36,44,47],"killed_by":"Donu and Deca","ascension_level":14}