{"gold_per_floor":[109,127,137,137,149,149,184,184,184,184,211,226,242,242,242,347,347,367,383,56,56,66,66,100,100,100,0,13,13,24,51,51,153,153,168,168,181,191,66,66,66],"floor_reached":41,"playtime":1927,"items_purged":["Strike_R","Strike_R","Defend_R"],"score":532,"play_id":"7dc36d95-a6d1-4b7e-9cfb-0a6468494fbe","local_time":"20190629235928","is_ascension_mode":true,"campfire_choices":[{"data":"Armaments","floor":6,"key":"SMITH"},{"data":"Rampage","floor":8,"key":"SMITH"},{"data":"Bash","floor":10,"key":"SMITH"},{"data":"Pommel Strike","floor":15,"key":"SMITH"},{"data":"Spot Weakness","floor":23,"key":"SMITH"},{"floor":25,"key":"REST"},{"data":"Heavy Blade","floor":29,"key":"SMITH"},{"floor":32,"key":"REST"},{"floor":40,"key":"REST"}],"neow_cost":"NONE","seed_source_timestamp":599822844381990,"circlet_count":0,"master_deck":["Strike_R","Strike_R","Defend_R","Defend_R","Defend_R","Bash+1","Rampage+1","Armaments+1","Battle Trance+1","Headbutt","Pommel Strike+1","Impervious","Spot Weakness+1","Heavy Blade+1","Deep Breath","Headbutt","Pommel Strike","Whirlwind","Double Tap","Shrug It Off","True Grit+1","True Grit+1"],"relics":["Burning Blood","NeowsBlessing","Mercury Hourglass","Torii","Unceasing Top","Sundial","Sozu","Vajra","Paper Frog","Bottled Flame","Blood Vial","Philosopher\u0027s Stone"],"potions_floor_usage":[7,11,31],"damage_taken":[{"damage":0,"enemies":"2 Louse","floor":1,"turns":1},{"damage":0,"enemies":"Cultist","floor":2,"turns":1},{"damage":0,"enemies":"Small Slimes","floor":3,"turns":2},{"damage":2,"enemies":"2 Fungi Beasts","floor":5,"turns":3},{"damage":25,"enemies":"3 Sentries","floor":7,"turns":6},{"damage":27,"enemies":"Lagavulin","floor":11,"turns":5},{"damage":2,"enemies":"Lots of Slimes","floor":12,"turns":3},{"damage":1,"enemies":"3 Louse","floor":13,"turns":2},{"damage":28,"enemies":"Hexaghost","floor":16,"turns":8},{"damage":2,"enemies":"Spheric Guardian","floor":18,"turns":4},{"damage":8,"enemies":"Shell Parasite","floor":19,"turns":4},{"damage":10,"enemies":"Centurion and Healer","floor":22,"turns":4},{"damage":39,"enemies":"Book of Stabbing","floor":24,"turns":5},{"damage":9,"enemies":"Snake Plant","floor":28,"turns":3},{"damage":7,"enemies":"Shelled Parasite and Fungi","floor":30,"turns":3},{"damage":30,"enemies":"Gremlin Leader","floor":31,"turns":4},{"damage":57,"enemies":"Collector","floor":33,"turns":6},{"damage":3,"enemies":"3 Shapes","floor":35,"turns":4},{"damage":1,"enemies":"Orb Walker","floor":37,"turns":2},{"damage":29,"enemies":"Jaw Worm Horde","floor":38,"turns":4},{"damage":82,"enemies":"Nemesis","floor":41,"turns":6}],"seed_played":"3977580115006166016","potions_obtained":[{"floor":2,"key":"Poison Potion"},{"floor":3,"key":"Regen Potion"},{"floor":7,"key":"GamblersBrew"},{"floor":13,"key":"LiquidBronze"}],"is_trial":false,"path_per_floor":["M","M","M","?","M","R","E","R","T","R","E","M","M","?","R","B",null,"M","M","$","?","M","R","E","R","T","$","M","R","M","E","R","B",null,"M","?","M","M","$","R","E"],"character_chosen":"IRONCLAD","items_purchased":["Vajra","Deep Breath"],"campfire_rested":3,"item_purchase_floors":[20,20],"current_hp_per_floor":[80,80,80,80,80,80,73,73,73,73,52,56,61,61,61,39,80,80,78,78,78,74,74,41,65,65,65,62,62,61,37,61,12,80,80,80,80,57,57,80,0],"gold":66,"neow_bonus":"THREE_ENEMY_KILL","is_prod":false,"is_daily":false,"chose_seed":false,"campfire_upgraded":6,"win_rate":0,"timestamp":1561877968,"path_taken":["M","M","M","?","?","R","E","R","T","R","E","M","M","?","R","BOSS","M","M","$","?","M","R","E","R","T","$","M","R","?","E","R","BOSS","M","?","M","M","$","R","E"],"build_version":"2019-01-23","purchased_purges":3,"victory":false,"max_hp_per_floor":[80,80,80,80,80,80,80,80,80,80,80,80,80,80,80,80,80,80,80,80,80,80,80,80,80,80,80,80,80,80,80,80,80,80,80,80,80,80,80,80,80],"card_choices":[{"not_picked":["Perfected Strike","Seeing Red"],"picked":"Rampage","floor":1},{"not_picked":["Dual Wield","Thunderclap","Warcry"],"picked":"SKIP","floor":2},{"not_picked":["Body Slam","Flex"],"picked":"Armaments","floor":3},{"not_picked":["Thunderclap","Flex","Pummel"],"picked":"SKIP","floor":5},{"not_picked":["Blood for Blood","Second Wind"],"picked":"Battle Trance","floor":7},{"not_picked":["True Grit","Metallicize"],"picked":"Headbutt","floor":11},{"not_picked":["Reaper","Wild Strike","Sentinel"],"picked":"SKIP","floor":12},{"not_picked":["Cleave","Thunderclap"],"picked":"Pommel Strike","floor":13},{"not_picked":["Reaper","Immolate"],"picked":"Impervious","floor":16},{"not_picked":["Clothesline","Ghostly Armor"],"picked":"Spot Weakness","floor":18},{"not_picked":["Headbutt","Clash"],"picked":"Heavy Blade","floor":19},{"not_picked":["Wild Strike","Carnage"],"picked":"Headbutt","floor":22},{"not_picked":["Seeing Red","Fire Breathing+1","Dual Wield+1"],"picked":"SKIP","floor":24},{"not_picked":["Iron Wave","Rampage","Combust"],"picked":"SKIP","floor":28},{"not_picked":["Headbutt","Warcry"],"picked":"Pommel Strike","floor":30},{"not_picked":["Body Slam","Berserk"],"picked":"Whirlwind","floor":31},{"not_picked":["Immolate","Offering"],"picked":"Double Tap","floor":33},{"not_picked":["Shockwave","Pommel Strike"],"picked":"Shrug It Off","floor":35},{"not_picked":["Ghostly Armor","Havoc"],"picked":"True Grit+1","floor":37},{"not_picked":["Disarm","Body Slam+1"],"picked":"True Grit+1","floor":38}],"player_experience":541728,"relics_obtained":[{"floor":7,"key":"Torii"},{"floor":9,"key":"Unceasing Top"},{"floor":11,"key":"Sundial"},{"floor":24,"key":"Paper Frog"},{"floor":26,"key":"Bottled Flame"},{"floor":31,"key":"Blood Vial"}],"event_choices":[{"damage_healed":0,"gold_gain":0,"player_choice":"Gave Potion","damage_taken":0,"relics_obtained":["Mercury Hourglass"],"max_hp_gain":0,"max_hp_loss":0,"event_name":"WeMeetAgain","floor":4,"gold_loss":0},{"damage_healed":0,"gold_gain":0,"player_choice":"Ignored","damage_taken":0,"max_hp_gain":0,"max_hp_loss":0,"event_name":"Shining Light","floor":14,"gold_loss":0},{"damage_healed":0,"gold_gain":0,"player_choice":"Upgraded","damage_taken":0,"max_hp_gain":0,"max_hp_loss":0,"event_name":"Upgrade Shrine","floor":21,"gold_loss":0,"cards_upgraded":["Battle Trance"]},{"cards_removed":["Strike_R"],"damage_healed":0,"gold_gain":0,"player_choice":"Removed Attack","damage_taken":0,"max_hp_gain":0,"max_hp_loss":0,"event_name":"Falling","floor":36,"gold_loss":0}],"is_beta":false,"boss_relics":[{"not_picked":["White Beast Statue","Runic Dome"],"picked":"Sozu"},{"not_picked":["Pandora\u0027s Box","Mark of Pain"],"picked":"Philosopher\u0027s Stone"}],"items_purged_floors":[20,27,39],"is_endless":false,"potions_floor_spawned":[2,3,7,13,19,22,30,37],"killed_by":"Nemesis","ascension_level":4}