{"gold_per_floor":[112,112,130,130,146,146,157,157,209,134,134,134,160,160,160,258,258,271,256,355,368,382,382,26,26,26,40,40,51,51,51,51,154,154,170,185,60,74,92,92,92,124,171,171,196,1,19,29,29,29,29,29,29,62,62],"floor_reached":56,"playtime":4600,"items_purged":["Defend_G","Strike_G","Defend_G","Defend_G"],"score":1368,"play_id":"0fee9ff4-85eb-422a-a160-9792f779c905","local_time":"20190612200938","is_ascension_mode":true,"campfire_choices":[{"data":"Deflect","floor":6,"key":"SMITH"},{"data":"Cloak And Dagger","floor":8,"key":"SMITH"},{"data":"Slice","floor":11,"key":"SMITH"},{"data":"After Image","floor":15,"key":"SMITH"},{"floor":23,"key":"REST"},{"data":"Envenom","floor":25,"key":"SMITH"},{"data":"Cloak And Dagger","floor":30,"key":"SMITH"},{"floor":32,"key":"REST"},{"floor":40,"key":"RECALL"},{"floor":49,"key":"REST"},{"floor":52,"key":"REST"}],"neow_cost":"NONE","seed_source_timestamp":4992604139646842,"circlet_count":0,"master_deck":["Defend_G","Defend_G","Strike_G+1","Survivor","Neutralize+1","Slice+1","Deflect+1","Cloak And Dagger+1","After Image+1","Envenom+1","Blur","Cloak And Dagger+1","Bane","Deflect+1","After Image","Blade Dance+1","Backflip+1","Accuracy","Sadistic Nature","Expertise+1","Blur+1","Acrobatics","Parasite","Acrobatics","Escape Plan"],"relics":["Ring of the Snake","Whetstone","Lantern","Sozu","Ornamental Fan","Kunai","Fusion Hammer","Letter Opener","Dodecahedron","Tough Bandages"],"potions_floor_usage":[33,50],"damage_taken":[{"damage":16,"enemies":"Jaw Worm","floor":1,"turns":7},{"damage":0,"enemies":"Small Slimes","floor":3,"turns":4},{"damage":0,"enemies":"Cultist","floor":5,"turns":5},{"damage":0,"enemies":"Blue Slaver","floor":7,"turns":6},{"damage":14,"enemies":"3 Sentries","floor":13,"turns":12},{"damage":26,"enemies":"The Guardian","floor":16,"turns":21},{"damage":11,"enemies":"Chosen","floor":18,"turns":7},{"damage":7,"enemies":"2 Thieves","floor":19,"turns":4},{"damage":10,"enemies":"Snake Plant","floor":21,"turns":8},{"damage":29,"enemies":"Snecko","floor":22,"turns":7},{"damage":0,"enemies":"Cultist and Chosen","floor":27,"turns":9},{"damage":2,"enemies":"Snake Plant","floor":29,"turns":6},{"damage":43,"enemies":"Collector","floor":33,"turns":10},{"damage":0,"enemies":"Orb Walker","floor":35,"turns":7},{"damage":5,"enemies":"3 Darklings","floor":36,"turns":13},{"damage":1,"enemies":"Sphere and 2 Shapes","floor":38,"turns":10},{"damage":0,"enemies":"Transient","floor":39,"turns":5},{"damage":0,"enemies":"Giant Head","floor":42,"turns":9},{"damage":17,"enemies":"Reptomancer","floor":45,"turns":6},{"damage":10,"enemies":"Writhing Mass","floor":47,"turns":7},{"damage":0,"enemies":"Spire Growth","floor":48,"turns":4},{"damage":14,"enemies":"Awakened One","floor":50,"turns":12},{"damage":0,"enemies":"Shield and Spear","floor":54,"turns":8},{"damage":33,"enemies":"The Heart","floor":55,"turns":14}],"seed_played":"-6318628077871364791","potions_obtained":[{"floor":3,"key":"LiquidBronze"},{"floor":5,"key":"FearPotion"}],"is_trial":false,"path_per_floor":["M","?","M","?","M","R","M","R","T","$","R","?","E","?","R","B",null,"M","M","?","M","M","R","$","R","T","M","?","M","R","?","R","B",null,"M","M","$","M","M","R","?","E","T","?","E","$","M","M","R","B",null,"R","$","E","B",null],"character_chosen":"THE_SILENT","items_purchased":["Ornamental Fan","Acrobatics"],"campfire_rested":4,"item_purchase_floors":[24,46],"current_hp_per_floor":[54,54,54,54,54,54,54,54,54,54,54,54,40,40,40,14,70,59,52,52,42,13,34,34,34,34,34,34,32,32,32,53,10,70,70,65,65,64,64,64,64,64,64,64,47,47,37,37,58,44,70,70,70,70,37],"gold":62,"neow_bonus":"REMOVE_CARD","is_prod":false,"is_daily":false,"chose_seed":false,"campfire_upgraded":6,"win_rate":0,"timestamp":1560388178,"path_taken":["M","?","M","?","?","R","M","R","T","$","R","?","E","?","R","BOSS","M","?","?","M","M","R","$","R","T","M","?","M","R","?","R","BOSS","M","M","$","?","M","R","?","E","T","?","E","$","M","M","R","BOSS","R","$","E","BOSS"],"build_version":"2019-01-23","purchased_purges":4,"victory":true,"max_hp_per_floor":[70,70,70,70,70,70,70,70,70,70,70,70,70,70,70,70,70,70,70,70,70,70,70,70,70,70,70,70,70,70,70,70,70,70,70,70,70,70,70,70,70,70,70,70,70,70,70,70,70,70,70,70,70,70,70],"card_choices":[{"not_picked":["Underhanded Strike","Deadly Poison"],"picked":"Slice","floor":1},{"not_picked":["Finisher","Die Die Die","Dagger Spray"],"picked":"SKIP","floor":3},{"not_picked":["Flechettes","Blade Dance","Sucker Punch"],"picked":"SKIP","floor":5},{"not_picked":["Distraction","Blade Dance"],"picked":"Cloak And Dagger","floor":7},{"not_picked":["Die Die Die","Acrobatics"],"picked":"After Image","floor":13},{"not_picked":["Night Terror","Burst"],"picked":"Envenom","floor":16},{"not_picked":["Dagger Throw+1","Calculated Gamble","Sucker Punch"],"picked":"SKIP","floor":18},{"not_picked":["Dagger Spray","Slice"],"picked":"Blur","floor":19},{"not_picked":["Quick Slash","Deadly Poison"],"picked":"Cloak And Dagger","floor":21},{"not_picked":["Dodge and Roll+1","Poisoned Stab"],"picked":"Bane","floor":22},{"not_picked":["Predator","All Out Attack","Flying Knee"],"picked":"SKIP","floor":27},{"not_picked":["Bane","Calculated Gamble"],"picked":"Deflect","floor":29},{"not_picked":["Die Die Die","Venomology"],"picked":"After Image","floor":33},{"not_picked":["Underhanded Strike","Dash","Skewer"],"picked":"SKIP","floor":35},{"not_picked":["Dodge and Roll+1","Finisher"],"picked":"Blade Dance+1","floor":36},{"not_picked":["Well Laid Plans+1","Dagger Throw"],"picked":"Backflip+1","floor":38},{"not_picked":["Masterful Stab","Phantasmal Killer"],"picked":"Accuracy","floor":39},{"not_picked":["Discovery","Purity"],"picked":"Sadistic Nature","floor":41},{"not_picked":["Storm of Steel","Dagger Throw"],"picked":"Expertise+1","floor":42},{"not_picked":["Dagger Spray","Acrobatics"],"picked":"Blur+1","floor":45},{"not_picked":["Quick Slash","Endless Agony"],"picked":"Acrobatics","floor":47},{"not_picked":["Dash","Endless Agony+1"],"picked":"Escape Plan","floor":48},{"not_picked":["Flying Knee","Dash+1","Phantasmal Killer"],"picked":"SKIP","floor":54}],"player_experience":88668,"relics_obtained":[{"floor":9,"key":"Whetstone"},{"floor":13,"key":"Lantern"},{"floor":26,"key":"Kunai"},{"floor":42,"key":"Letter Opener"},{"floor":45,"key":"Dodecahedron"},{"floor":54,"key":"Tough Bandages"}],"event_choices":[{"damage_healed":0,"gold_gain":0,"player_choice":"Ignored","damage_taken":0,"max_hp_gain":0,"max_hp_loss":0,"event_name":"Liars Game","floor":2,"gold_loss":0},{"damage_healed":0,"gold_gain":0,"cards_transformed":["Strike_G"],"player_choice":"Transformed","damage_taken":0,"max_hp_gain":0,"max_hp_loss":0,"event_name":"Transmorgrifier","floor":4,"gold_loss":0,"cards_obtained":["Deflect"]},{"cards_removed":["Strike_G"],"damage_healed":0,"gold_gain":0,"player_choice":"Forget","damage_taken":0,"max_hp_gain":0,"max_hp_loss":0,"event_name":"Living Wall","floor":12,"gold_loss":0},{"damage_healed":0,"gold_gain":0,"player_choice":"Bought 0 Potions","damage_taken":0,"max_hp_gain":0,"max_hp_loss":0,"event_name":"The Woman in Blue","floor":14,"gold_loss":0},{"damage_healed":0,"gold_gain":99,"player_choice":"Stole From Cult","damage_taken":0,"max_hp_gain":0,"max_hp_loss":0,"event_name":"Nest","floor":20,"gold_loss":0},{"damage_healed":0,"gold_gain":0,"player_choice":"Upgraded","damage_taken":0,"max_hp_gain":0,"max_hp_loss":0,"event_name":"Upgrade Shrine","floor":31,"gold_loss":0,"cards_upgraded":["Deflect"]},{"damage_healed":0,"gold_gain":0,"player_choice":"Memory 1","damage_taken":0,"max_hp_gain":0,"max_hp_loss":0,"event_name":"SensoryStone","floor":41,"gold_loss":0},{"damage_healed":0,"gold_gain":0,"player_choice":"Got Potions","damage_taken":0,"max_hp_gain":0,"max_hp_loss":0,"event_name":"Lab","floor":44,"gold_loss":0}],"is_beta":false,"boss_relics":[{"not_picked":["Runic Dome","Ectoplasm"],"picked":"Sozu"},{"not_picked":["Cursed Key","Runic Pyramid"],"picked":"Fusion Hammer"}],"items_purged_floors":[10,24,37,46],"is_endless":false,"potions_floor_spawned":[3,5,19,33,35,39,47],"ascension_level":4}