{"gold_per_floor":[116,116,36,11,29,29,61,61,86,11,31,63,24,42,42,118,118,136,136,136,136,136,136,167,167,247,247,190,219,219,232,232,232],"floor_reached":33,"playtime":1550,"items_purged":["Strike_G"],"score":749,"play_id":"d7997352-7d80-47f7-a7a6-97b23eb81dab","local_time":"20190628152557","is_ascension_mode":true,"campfire_choices":[{"data":"Neutralize","floor":6,"key":"SMITH"},{"floor":15,"key":"REST"},{"floor":23,"key":"REST"},{"data":"Burst","floor":25,"key":"SMITH"},{"data":"Wraith Form v2","floor":27,"key":"SMITH"},{"floor":32,"key":"REST"}],"neow_cost":"TEN_PERCENT_HP_LOSS","seed_source_timestamp":589549589883565,"circlet_count":0,"master_deck":["AscendersBane","Defend_G","Defend_G","Defend_G","Defend_G","Defend_G","Survivor","Neutralize+1","Burst+1","Infinite Blades","Quick Slash","Neutralize+1","Caltrops","Quick Slash","Heel Hook","PiercingWail","Venomology","Backflip","Predator","Wraith Form v2+1","Deadly Poison","Bite","Bite","Bite","Bite","Bite","RitualDagger","Deadly Poison","Backstab"],"relics":["Ring of the Snake","Orichalcum","Bag of Preparation","Gremlin Horn","Busted Crown","Mercury Hourglass","Tiny Chest","Mummified Hand","Nilry\u0027s Codex"],"potions_floor_usage":[5,12,12,12,16,16,22,22,24,29,29,33,33],"damage_taken":[{"damage":2,"enemies":"Jaw Worm","floor":1,"turns":7},{"damage":0,"enemies":"Cultist","floor":5,"turns":3},{"damage":30,"enemies":"3 Sentries","floor":7,"turns":8},{"damage":0,"enemies":"Small Slimes","floor":11,"turns":3},{"damage":23,"enemies":"Gremlin Nob","floor":12,"turns":5},{"damage":0,"enemies":"2 Fungi Beasts","floor":14,"turns":3},{"damage":0,"enemies":"Hexaghost","floor":16,"turns":9},{"damage":10,"enemies":"Chosen","floor":18,"turns":5},{"damage":29,"enemies":"Colosseum Slavers","floor":22,"turns":6},{"damage":37,"enemies":"Gremlin Leader","floor":24,"turns":8},{"damage":0,"enemies":"Book of Stabbing","floor":29,"turns":6},{"damage":0,"enemies":"Spheric Guardian","floor":31,"turns":5},{"damage":61,"enemies":"Champ","floor":33,"turns":10}],"seed_played":"7560645477205872062","potions_obtained":[{"floor":1,"key":"FearPotion"},{"floor":7,"key":"Energy Potion"},{"floor":11,"key":"SpeedPotion"},{"floor":24,"key":"Block Potion"}],"is_trial":false,"path_per_floor":["M","?","$","$","M","R","E","?","T","$","M","E","?","M","R","B",null,"M","?","?","?","?","R","E","R","T","R","$","E","?","M","R","B"],"character_chosen":"THE_SILENT","items_purchased":["Caltrops","Quick Slash","Deadly Poison"],"campfire_rested":3,"item_purchase_floors":[3,4,28],"current_hp_per_floor":[57,57,57,57,57,57,27,27,27,27,27,4,4,4,22,22,51,41,41,41,35,22,34,19,19,19,19,19,33,12,22,34,0],"gold":232,"neow_bonus":"THREE_RARE_CARDS","is_prod":false,"is_daily":false,"chose_seed":false,"campfire_upgraded":3,"win_rate":0,"timestamp":1561749957,"path_taken":["M","?","?","$","M","R","E","?","T","$","M","E","?","M","R","BOSS","M","?","?","?","?","R","E","R","T","R","$","E","?","M","R","BOSS"],"build_version":"2019-01-23","purchased_purges":1,"victory":false,"max_hp_per_floor":[60,60,60,60,60,60,60,60,60,60,60,60,60,60,60,60,60,60,42,42,42,42,42,42,42,42,42,42,42,42,42,42,42],"card_choices":[{"not_picked":["Doppelganger","Venomology"],"picked":"Burst","floor":0},{"not_picked":["Setup","Sucker Punch"],"picked":"Infinite Blades","floor":1},{"not_picked":["Calculated Gamble","Flying Knee"],"picked":"Heel Hook","floor":5},{"not_picked":["Acrobatics","Cloak And Dagger"],"picked":"PiercingWail","floor":7},{"not_picked":["PiercingWail","Expertise"],"picked":"Venomology","floor":11},{"not_picked":["Quick Slash","PiercingWail"],"picked":"Backflip","floor":12},{"not_picked":["Concentrate","Skewer"],"picked":"Predator","floor":14},{"not_picked":["Phantasmal Killer","Malaise"],"picked":"Wraith Form v2","floor":16},{"not_picked":[],"picked":"Deadly Poison","floor":18},{"not_picked":["Dodge and Roll"],"picked":"SKIP","floor":24},{"not_picked":["Bane"],"picked":"SKIP","floor":29},{"not_picked":[],"picked":"Backstab","floor":31}],"player_experience":986804,"relics_obtained":[{"floor":7,"key":"Orichalcum"},{"floor":9,"key":"Bag of Preparation"},{"floor":12,"key":"Gremlin Horn"},{"floor":24,"key":"Mercury Hourglass"},{"floor":26,"key":"Tiny Chest"},{"floor":29,"key":"Mummified Hand"},{"floor":30,"key":"Nilry\u0027s Codex"}],"event_choices":[{"damage_healed":0,"gold_gain":0,"player_choice":"2 cards matched","damage_taken":0,"max_hp_gain":0,"max_hp_loss":0,"event_name":"Match and Keep!","floor":2,"gold_loss":0,"cards_obtained":["Quick Slash","Neutralize"]},{"damage_healed":0,"gold_gain":0,"player_choice":"Grow","damage_taken":0,"max_hp_gain":0,"max_hp_loss":0,"event_name":"Living Wall","floor":8,"gold_loss":0,"cards_upgraded":["Neutralize"]},{"damage_healed":0,"gold_gain":0,"player_choice":"Left Gold","damage_taken":0,"max_hp_gain":0,"max_hp_loss":0,"event_name":"World of Goop","floor":13,"gold_loss":39},{"damage_healed":0,"gold_gain":0,"player_choice":"Became a vampire","damage_taken":0,"max_hp_gain":0,"max_hp_loss":18,"event_name":"Vampires","floor":19,"gold_loss":0,"cards_obtained":["Bite","Bite","Bite","Bite","Bite"]},{"damage_healed":0,"gold_gain":0,"player_choice":"Ignored","damage_taken":0,"max_hp_gain":0,"max_hp_loss":0,"event_name":"Ghosts","floor":20,"gold_loss":0},{"damage_healed":0,"gold_gain":0,"player_choice":"Joined the Cult","damage_taken":6,"max_hp_gain":0,"max_hp_loss":0,"event_name":"Nest","floor":21,"gold_loss":0,"cards_obtained":["RitualDagger"]},{"damage_healed":0,"gold_gain":0,"player_choice":"Fight","damage_taken":0,"max_hp_gain":0,"max_hp_loss":0,"event_name":"Colosseum","floor":22,"gold_loss":0},{"damage_healed":0,"gold_gain":0,"player_choice":"Fled From Nobs","damage_taken":0,"max_hp_gain":0,"max_hp_loss":0,"event_name":"Colosseum","floor":22,"gold_loss":0},{"damage_healed":0,"gold_gain":0,"player_choice":"Obtained Book","damage_taken":21,"max_hp_gain":0,"max_hp_loss":0,"event_name":"Cursed Tome","floor":30,"gold_loss":0}],"is_beta":false,"boss_relics":[{"not_picked":["HoveringKite","Velvet Choker"],"picked":"Busted Crown"}],"items_purged_floors":[10],"is_endless":false,"potions_floor_spawned":[1,7,11,22,24],"killed_by":"Champ","ascension_level":20}