{"gold_per_floor":[113,33,48,48,64,95,109,109,189,189,221,296,308,40,40,40],"floor_reached":16,"playtime":400,"items_purged":[],"score":198,"play_id":"fe3a4763-a605-4397-ad62-ee0baa6d674d","local_time":"20190407132238","is_ascension_mode":true,"campfire_choices":[{"floor":8,"key":"REST"},{"data":"Accuracy","floor":10,"key":"SMITH"},{"data":"Infinite Blades","floor":15,"key":"SMITH"}],"neow_cost":"NONE","seed_source_timestamp":156726470886500,"circlet_count":0,"master_deck":["AscendersBane","Defend_G","Defend_G+1","Defend_G","Defend_G","Defend_G","Strike_G","Strike_G","Strike_G","Strike_G","Strike_G","Survivor+1","Neutralize","Dagger Spray","Infinite Blades+1","Accuracy+1","Corpse Explosion","Finisher","Cloak And Dagger","Deadly Poison"],"relics":["Ring of the Snake","NeowsBlessing","Turnip","Darkstone Periapt","Blood Vial","Pantograph"],"potions_floor_usage":[7,11],"damage_taken":[{"damage":0,"enemies":"Cultist","floor":1,"turns":1},{"damage":0,"enemies":"Small Slimes","floor":3,"turns":1},{"damage":0,"enemies":"Jaw Worm","floor":5,"turns":1},{"damage":23,"enemies":"Lagavulin","floor":6,"turns":10},{"damage":0,"enemies":"Gremlin Gang","floor":7,"turns":1},{"damage":6,"enemies":"3 Sentries","floor":11,"turns":5},{"damage":14,"enemies":"Exordium Thugs","floor":13,"turns":4},{"damage":35,"enemies":"The Guardian","floor":16,"turns":6}],"seed_played":"-1786888026194806991","potions_obtained":[{"floor":3,"key":"Explosive Potion"},{"floor":7,"key":"Strength Potion"}],"is_trial":false,"path_per_floor":["M","$","M","?","M","E","M","R","T","R","E","?","M","$","R","B"],"character_chosen":"THE_SILENT","items_purchased":["Infinite Blades","Pantograph"],"campfire_rested":1,"item_purchase_floors":[2,14],"current_hp_per_floor":[59,59,59,39,39,16,16,35,35,35,29,18,6,6,6,0],"gold":40,"neow_bonus":"THREE_ENEMY_KILL","is_prod":false,"is_daily":false,"chose_seed":false,"campfire_upgraded":2,"win_rate":0,"timestamp":1554657758,"path_taken":["M","?","?","?","M","E","M","R","T","R","E","?","M","$","R","BOSS"],"build_version":"2019-01-23","purchased_purges":0,"victory":false,"max_hp_per_floor":[66,66,66,66,66,66,66,66,66,66,66,66,66,66,66,66],"card_choices":[{"not_picked":["Flying Knee","PiercingWail"],"picked":"Dagger Spray","floor":1},{"not_picked":["Blur","Predator"],"picked":"Accuracy","floor":3},{"not_picked":["Dodge and Roll","Caltrops"],"picked":"Corpse Explosion","floor":5},{"not_picked":["Dodge and Roll","Sucker Punch"],"picked":"Finisher","floor":6},{"not_picked":["Deadly Poison","Blade Dance"],"picked":"Cloak And Dagger","floor":7},{"not_picked":["Expertise","Calculated Gamble","Skewer"],"picked":"SKIP","floor":11},{"not_picked":["Outmaneuver","Skewer"],"picked":"Deadly Poison","floor":13}],"player_experience":534150,"relics_obtained":[{"floor":6,"key":"Turnip"},{"floor":9,"key":"Darkstone Periapt"},{"floor":11,"key":"Blood Vial"}],"event_choices":[{"damage_healed":0,"gold_gain":0,"player_choice":"Entered Light","damage_taken":20,"max_hp_gain":0,"max_hp_loss":0,"event_name":"Shining Light","floor":4,"gold_loss":0,"cards_upgraded":["Defend_G","Survivor"]},{"damage_healed":0,"gold_gain":75,"player_choice":"Gather Gold","damage_taken":11,"max_hp_gain":0,"max_hp_loss":0,"event_name":"World of Goop","floor":12,"gold_loss":0}],"is_beta":false,"boss_relics":[],"items_purged_floors":[],"is_endless":false,"potions_floor_spawned":[3,7],"killed_by":"The Guardian","ascension_level":16}