{"gold_per_floor":[210,221,221,35,52,52,99,128,128,154,154,188,188,207,207,306,306,331,331,143,166,166,166,204,204,204,204,222,222,242,242,242,332,332,346,346,471,268,282,282,303,303,303,323,656,656,667,667,667,667],"floor_reached":51,"playtime":2040,"items_purged":[],"score":1176,"play_id":"53eb6938-f4b8-42a8-aa54-5e14266b6f44","local_time":"20190503134020","is_ascension_mode":true,"campfire_choices":[{"data":"Bludgeon","floor":6,"key":"SMITH"},{"floor":15,"key":"REST"},{"data":"Apotheosis","floor":23,"key":"SMITH"},{"data":"Ghostly Armor","floor":27,"key":"SMITH"},{"data":"Reaper","floor":29,"key":"SMITH"},{"data":"Juggernaut","floor":32,"key":"SMITH"},{"floor":40,"key":"REST"},{"data":"Power Through","floor":42,"key":"SMITH"},{"floor":49,"key":"REST"}],"neow_cost":"NONE","seed_source_timestamp":579996724516305,"circlet_count":0,"master_deck":["AscendersBane","Strike_R","Strike_R","Strike_R","Strike_R","Defend_R","Defend_R+1","Defend_R+1","Defend_R","Bash","Warcry","Iron Wave","Bludgeon+1","Shrug It Off","Disarm","Shrug It Off","Inflame+1","Disarm","Ghostly Armor+1","Shockwave","Feed","Shrug It Off","Apotheosis+1","Headbutt","Battle Trance+1","Juggernaut+1","Immolate","Metallicize+1","Juggernaut+1","Power Through+1","Searing Blow"],"relics":["Burning Blood","Smiling Mask","PreservedInsect","Prayer Wheel","Juzu Bracelet","Mummified Hand","Sozu","Lantern","Du-Vu Doll","MutagenicStrength","Mercury Hourglass","GremlinMask","Busted Crown","Turnip","DollysMirror","Kunai"],"potions_floor_usage":[8,14,33],"damage_taken":[{"damage":2,"enemies":"Small Slimes","floor":1,"turns":4},{"damage":12,"enemies":"Jaw Worm","floor":2,"turns":4},{"damage":0,"enemies":"Cultist","floor":5,"turns":3},{"damage":23,"enemies":"Lagavulin","floor":8,"turns":5},{"damage":10,"enemies":"3 Sentries","floor":10,"turns":8},{"damage":2,"enemies":"Lagavulin","floor":12,"turns":5},{"damage":12,"enemies":"Exordium Thugs","floor":14,"turns":7},{"damage":28,"enemies":"The Guardian","floor":16,"turns":20},{"damage":6,"enemies":"Shell Parasite","floor":18,"turns":8},{"damage":20,"enemies":"Book of Stabbing","floor":24,"turns":7},{"damage":0,"enemies":"Spheric Guardian","floor":28,"turns":2},{"damage":12,"enemies":"Shelled Parasite and Fungi","floor":30,"turns":7},{"damage":76,"enemies":"Champ","floor":33,"turns":12},{"damage":0,"enemies":"3 Shapes","floor":35,"turns":3},{"damage":24,"enemies":"Mind Bloom Boss Battle","floor":37,"turns":6},{"damage":7,"enemies":"3 Darklings","floor":39,"turns":3},{"damage":10,"enemies":"Spire Growth","floor":41,"turns":3},{"damage":6,"enemies":"4 Shapes","floor":44,"turns":2},{"damage":24,"enemies":"Sphere and 2 Shapes","floor":47,"turns":4},{"damage":32,"enemies":"Time Eater","floor":50,"turns":10}],"seed_played":"-5345652780209797490","potions_obtained":[{"floor":5,"key":"Fire Potion"},{"floor":10,"key":"Block Potion"},{"floor":12,"key":"Ancient Potion"},{"floor":16,"key":"FairyPotion"}],"is_trial":false,"path_per_floor":["M","M","?","$","M","R","T","E","T","E","?","E","?","M","R","B",null,"M","?","$","T","?","R","E","?","T","R","M","R","M","?","R","B",null,"M","$","?","$","M","R","M","R","T","M","?","?","M","?","R","B",null],"character_chosen":"IRONCLAD","items_purchased":["Bludgeon","Shrug It Off","Apotheosis","DollysMirror"],"campfire_rested":3,"item_purchase_floors":[4,4,20,38],"current_hp_per_floor":[72,66,43,43,49,49,49,32,32,28,28,32,32,34,54,38,61,61,61,61,61,61,61,47,47,47,47,53,53,63,63,63,13,57,63,63,58,58,57,71,67,67,67,67,67,67,49,49,70,44],"gold":667,"neow_bonus":"HUNDRED_GOLD","is_prod":false,"is_daily":false,"chose_seed":false,"campfire_upgraded":6,"win_rate":0,"timestamp":1556916020,"path_taken":["M","M","?","$","M","R","?","E","T","E","?","E","?","M","R","BOSS","M","?","$","?","?","R","E","?","T","R","M","R","M","?","R","BOSS","M","$","?","$","M","R","M","R","T","M","?","?","M","?","R","BOSS"],"build_version":"2019-01-23","purchased_purges":0,"victory":true,"max_hp_per_floor":[75,75,75,75,75,75,75,75,75,75,68,68,68,68,68,68,68,68,68,68,68,68,68,68,68,68,68,68,68,71,71,71,71,71,71,71,71,71,71,71,71,71,71,71,71,71,71,71,71,71],"card_choices":[{"not_picked":["Thunderclap","Rampage"],"picked":"Warcry","floor":1},{"not_picked":["Heavy Blade","Fire Breathing"],"picked":"Iron Wave","floor":2},{"not_picked":["Pummel","Searing Blow"],"picked":"Disarm","floor":5},{"not_picked":["Iron Wave","Armaments"],"picked":"Shrug It Off","floor":8},{"not_picked":["Rage","Intimidate"],"picked":"Reaper","floor":10},{"not_picked":["Sword Boomerang","Headbutt"],"picked":"Inflame","floor":12},{"not_picked":["Wild Strike","Clash"],"picked":"Ghostly Armor","floor":14},{"not_picked":["Sword Boomerang","Clothesline"],"picked":"Shockwave","floor":14},{"not_picked":["Brutality","Dark Embrace"],"picked":"Feed","floor":16},{"not_picked":["Heavy Blade","Iron Wave"],"picked":"Shrug It Off","floor":18},{"not_picked":["Clash","Armaments","Dual Wield"],"picked":"SKIP","floor":18},{"not_picked":["Iron Wave","Flex","Armaments"],"picked":"SKIP","floor":24},{"not_picked":["Blood for Blood","Twin Strike"],"picked":"Headbutt","floor":28},{"not_picked":["Pommel Strike","Searing Blow"],"picked":"Battle Trance+1","floor":28},{"not_picked":["Pummel","Twin Strike"],"picked":"Juggernaut","floor":30},{"not_picked":["Anger","Sword Boomerang","Thunderclap+1"],"picked":"SKIP","floor":30},{"not_picked":["Bludgeon","Reaper"],"picked":"Immolate","floor":33},{"not_picked":["Clothesline"],"picked":"SKIP","floor":35},{"not_picked":["Second Wind"],"picked":"SKIP","floor":35},{"not_picked":[],"picked":"Metallicize+1","floor":37},{"not_picked":["Cleave+1"],"picked":"SKIP","floor":39},{"not_picked":["Pommel Strike+1"],"picked":"SKIP","floor":39},{"not_picked":[],"picked":"Power Through","floor":41},{"not_picked":["Perfected Strike"],"picked":"SKIP","floor":41},{"not_picked":["Thunderclap"],"picked":"SKIP","floor":44},{"not_picked":["Sword Boomerang"],"picked":"SKIP","floor":44},{"not_picked":["Headbutt"],"picked":"SKIP","floor":47},{"not_picked":["Pommel Strike"],"picked":"SKIP","floor":47}],"player_experience":880946,"relics_obtained":[{"floor":7,"key":"Smiling Mask"},{"floor":8,"key":"PreservedInsect"},{"floor":9,"key":"Prayer Wheel"},{"floor":10,"key":"Juzu Bracelet"},{"floor":12,"key":"Mummified Hand"},{"floor":21,"key":"Lantern"},{"floor":24,"key":"Du-Vu Doll"},{"floor":26,"key":"Mercury Hourglass"},{"floor":37,"key":"Turnip"},{"floor":43,"key":"Kunai"}],"event_choices":[{"damage_healed":0,"gold_gain":0,"player_choice":"Entered Light","damage_taken":23,"max_hp_gain":0,"max_hp_loss":0,"event_name":"Shining Light","floor":3,"gold_loss":0,"cards_upgraded":["Defend_R","Defend_R"]},{"damage_healed":0,"gold_gain":0,"player_choice":"Lose Max HP","damage_taken":0,"relics_obtained":["Golden Idol"],"max_hp_gain":0,"max_hp_loss":7,"event_name":"Golden Idol","floor":11,"gold_loss":0},{"damage_healed":0,"gold_gain":0,"cards_transformed":["Strike_R"],"player_choice":"Transformed","damage_taken":0,"max_hp_gain":0,"max_hp_loss":0,"event_name":"Transmorgrifier","floor":13,"gold_loss":0,"cards_obtained":["Disarm"]},{"damage_healed":0,"gold_gain":0,"player_choice":"Forge","damage_taken":0,"max_hp_gain":0,"max_hp_loss":0,"event_name":"Accursed Blacksmith","floor":19,"gold_loss":0,"cards_upgraded":["Inflame"]},{"damage_healed":0,"gold_gain":0,"player_choice":"Ignored","damage_taken":0,"max_hp_gain":0,"max_hp_loss":0,"event_name":"Vampires","floor":22,"gold_loss":0},{"damage_healed":0,"gold_gain":0,"player_choice":"Inject Mutagens","damage_taken":0,"relics_obtained":["MutagenicStrength"],"max_hp_gain":0,"max_hp_loss":0,"event_name":"Drug Dealer","floor":25,"gold_loss":0},{"damage_healed":0,"gold_gain":0,"player_choice":"Trade","damage_taken":0,"relics_obtained":["GremlinMask"],"max_hp_gain":0,"max_hp_loss":0,"event_name":"FaceTrader","floor":31,"gold_loss":0},{"damage_healed":0,"gold_gain":0,"player_choice":"Fight","damage_taken":0,"max_hp_gain":0,"max_hp_loss":0,"event_name":"MindBloom","floor":37,"gold_loss":0},{"damage_healed":0,"gold_gain":333,"player_choice":"Gave Idol","damage_taken":0,"max_hp_gain":0,"max_hp_loss":0,"event_name":"The Moai Head","floor":45,"relics_lost":["Golden Idol"],"gold_loss":0},{"damage_healed":0,"gold_gain":0,"cards_transformed":["Reaper"],"player_choice":"Transformed","damage_taken":0,"max_hp_gain":0,"max_hp_loss":0,"event_name":"Transmorgrifier","floor":46,"gold_loss":0,"cards_obtained":["Searing Blow"]},{"damage_healed":0,"gold_gain":0,"player_choice":"Memory 1","damage_taken":0,"max_hp_gain":0,"max_hp_loss":0,"event_name":"SensoryStone","floor":48,"gold_loss":0}],"is_beta":false,"boss_relics":[{"not_picked":["Fusion Hammer","Mark of Pain"],"picked":"Sozu"},{"not_picked":["Runic Cube","Eternal Feather"],"picked":"Busted Crown"}],"items_purged_floors":[],"is_endless":false,"potions_floor_spawned":[5,10,12,16,28,30,35,41,47],"ascension_level":15}