{"gold_per_floor":[110,110,124,142,62,95,95,112,112,112,112,112,138,88,88,186,186,201,220,235,235,235,235,235,247,328,340,96,131,143,143,143,240,240,259,278,278,293,305,323,323,339,339,356,376,286,286,302,302,302,302,302,43,43],"floor_reached":54,"playtime":2479,"items_purged":["Strike_B","Defend_B","Defend_B"],"score":628,"play_id":"277fc076-ed48-4ef4-a5f1-25979db722e0","local_time":"20190414203708","is_ascension_mode":false,"campfire_choices":[{"data":"Sweeping Beam","floor":7,"key":"SMITH"},{"floor":11,"key":"REST"},{"data":"Buffer","floor":15,"key":"SMITH"},{"data":"Echo Form","floor":23,"key":"SMITH"},{"floor":32,"key":"REST"},{"floor":41,"key":"RECALL"},{"floor":47,"key":"REST"},{"floor":49,"key":"REST"},{"data":"Capacitor","floor":52,"key":"SMITH"}],"neow_cost":"NONE","seed_source_timestamp":413273591274033,"circlet_count":0,"master_deck":["Strike_B+1","Strike_B+1","Defend_B","Defend_B","Zap+1","Dualcast","Ball Lightning+1","Sweeping Beam+1","Conserve Battery","Glacier","Buffer+1","Chaos","Echo Form+1","Decay","Doom and Gloom+1","Writhe","Multi-Cast","Go for the Eyes+1","Capacitor+1"],"relics":["Cracked Core","NeowsBlessing","Torii","Blue Candle","Meat on the Bone","Bottled Tornado","Busted Crown","Kunai","Membership Card","Red Mask","Bag of Preparation","Runic Pyramid","Whetstone","Gremlin Horn"],"potions_floor_usage":[6,18,22,54,54],"damage_taken":[{"damage":0,"enemies":"2 Louse","floor":1,"turns":1},{"damage":0,"enemies":"Jaw Worm","floor":3,"turns":1},{"damage":0,"enemies":"Small Slimes","floor":4,"turns":1},{"damage":27,"enemies":"Gremlin Nob","floor":6,"turns":6},{"damage":1,"enemies":"3 Louse","floor":8,"turns":3},{"damage":8,"enemies":"Lagavulin","floor":13,"turns":6},{"damage":12,"enemies":"Hexaghost","floor":16,"turns":12},{"damage":0,"enemies":"3 Byrds","floor":18,"turns":4},{"damage":6,"enemies":"Shell Parasite","floor":19,"turns":5},{"damage":14,"enemies":"Snake Plant","floor":20,"turns":4},{"damage":9,"enemies":"Colosseum Slavers","floor":22,"turns":5},{"damage":0,"enemies":"Snecko","floor":25,"turns":5},{"damage":3,"enemies":"Centurion and Healer","floor":27,"turns":5},{"damage":2,"enemies":"Masked Bandits","floor":29,"turns":2},{"damage":16,"enemies":"Snake Plant","floor":30,"turns":4},{"damage":12,"enemies":"Champ","floor":33,"turns":10},{"damage":2,"enemies":"Orb Walker","floor":35,"turns":4},{"damage":2,"enemies":"3 Shapes","floor":36,"turns":5},{"damage":1,"enemies":"Spire Growth","floor":38,"turns":4},{"damage":30,"enemies":"Sphere and 2 Shapes","floor":39,"turns":6},{"damage":1,"enemies":"Writhing Mass","floor":40,"turns":5},{"damage":2,"enemies":"Maw","floor":42,"turns":7},{"damage":21,"enemies":"Sphere and 2 Shapes","floor":44,"turns":5},{"damage":28,"enemies":"3 Darklings","floor":45,"turns":6},{"damage":18,"enemies":"Jaw Worm Horde","floor":48,"turns":3},{"damage":55,"enemies":"Awakened One","floor":50,"turns":16},{"damage":78,"enemies":"Shield and Spear","floor":54,"turns":8}],"seed_played":"-3878127492278377185","potions_obtained":[{"floor":3,"key":"EssenceOfSteel"},{"floor":6,"key":"SneckoOil"},{"floor":16,"key":"Fire Potion"},{"floor":20,"key":"SteroidPotion"},{"floor":25,"key":"Swift Potion"},{"floor":27,"key":"Weak Potion"},{"floor":40,"key":"PowerPotion"}],"is_trial":false,"path_per_floor":["M","?","M","M","$","E","R","M","T","?","R","?","E","?","R","B",null,"M","M","M","?","?","R","?","M","T","M","$","?","M","?","R","B",null,"M","M","?","M","M","M","R","M","T","M","M","$","R","M","R","B",null,"R","$","E"],"character_chosen":"DEFECT","items_purchased":["Glacier","Membership Card","Capacitor","Whetstone","Gremlin Horn"],"campfire_rested":4,"item_purchase_floors":[5,28,46,53,53],"current_hp_per_floor":[75,68,68,68,68,41,41,40,40,25,47,47,39,39,39,39,75,75,69,55,55,46,46,46,46,46,43,43,41,37,37,59,47,75,73,71,71,70,40,39,39,49,49,40,24,24,46,40,62,19,75,75,75,0],"gold":43,"neow_bonus":"THREE_ENEMY_KILL","is_prod":false,"is_daily":false,"chose_seed":false,"campfire_upgraded":4,"win_rate":0,"timestamp":1555288628,"path_taken":["M","?","M","M","$","E","R","M","T","?","R","?","E","?","R","BOSS","M","M","M","?","?","R","?","M","T","?","$","?","M","?","R","BOSS","M","M","?","M","M","M","R","M","T","M","M","$","R","M","R","BOSS","R","$","E"],"build_version":"2019-01-23","purchased_purges":3,"victory":false,"max_hp_per_floor":[75,75,75,75,75,75,75,75,75,75,75,75,75,75,75,75,75,75,75,75,75,75,75,75,75,75,75,75,75,75,75,75,75,75,75,75,75,75,75,75,75,75,75,75,75,75,75,75,75,75,75,75,75,75],"card_choices":[{"not_picked":["Steam","Go for the Eyes"],"picked":"Ball Lightning","floor":1},{"not_picked":["Rebound","Undo"],"picked":"Sweeping Beam","floor":3},{"not_picked":["Ball Lightning","Steam"],"picked":"Conserve Battery","floor":4},{"not_picked":["Rebound","Sweeping Beam","Redo"],"picked":"SKIP","floor":6},{"not_picked":["Turbo","Coolheaded"],"picked":"Buffer","floor":8},{"not_picked":["Turbo","Fusion"],"picked":"Chaos","floor":13},{"not_picked":["Amplify","Seek"],"picked":"Echo Form","floor":16},{"not_picked":["Steam"],"picked":"SKIP","floor":18},{"not_picked":["Ball Lightning"],"picked":"SKIP","floor":19},{"not_picked":["Stack"],"picked":"SKIP","floor":20},{"not_picked":[],"picked":"Doom and Gloom+1","floor":25},{"not_picked":["Hologram"],"picked":"SKIP","floor":27},{"not_picked":["Streamline"],"picked":"SKIP","floor":30},{"not_picked":[],"picked":"Multi-Cast","floor":33},{"not_picked":["Beam Cell"],"picked":"SKIP","floor":35},{"not_picked":["Stack+1"],"picked":"SKIP","floor":36},{"not_picked":[],"picked":"Go for the Eyes+1","floor":38},{"not_picked":["Conserve Battery"],"picked":"SKIP","floor":39},{"not_picked":["Rebound+1"],"picked":"SKIP","floor":40},{"not_picked":["Steam Power"],"picked":"SKIP","floor":42},{"not_picked":["Consume+1"],"picked":"SKIP","floor":44},{"not_picked":["Sweeping Beam+1"],"picked":"SKIP","floor":45},{"not_picked":["Compile Driver+1"],"picked":"SKIP","floor":48}],"player_experience":588107,"relics_obtained":[{"floor":6,"key":"Blue Candle"},{"floor":9,"key":"Meat on the Bone"},{"floor":13,"key":"Bottled Tornado"},{"floor":26,"key":"Kunai"},{"floor":29,"key":"Red Mask"}],"event_choices":[{"damage_healed":0,"gold_gain":0,"player_choice":"Success","damage_taken":7,"relics_obtained":["Torii"],"max_hp_gain":0,"max_hp_loss":0,"event_name":"Scrap Ooze","floor":2,"gold_loss":0},{"damage_healed":0,"gold_gain":0,"player_choice":"Entered Light","damage_taken":15,"max_hp_gain":0,"max_hp_loss":0,"event_name":"Shining Light","floor":10,"gold_loss":0,"cards_upgraded":["Zap","Strike_B"]},{"damage_healed":0,"gold_gain":0,"player_choice":"Grow","damage_taken":0,"max_hp_gain":0,"max_hp_loss":0,"event_name":"Living Wall","floor":12,"gold_loss":0,"cards_upgraded":["Ball Lightning"]},{"cards_removed":["Strike_B"],"damage_healed":0,"gold_gain":0,"player_choice":"Card Removal","damage_taken":0,"max_hp_gain":0,"max_hp_loss":0,"event_name":"The Cleric","floor":14,"gold_loss":50},{"damage_healed":0,"gold_gain":0,"player_choice":"Ignored","damage_taken":0,"max_hp_gain":0,"max_hp_loss":0,"event_name":"Ghosts","floor":21,"gold_loss":0},{"damage_healed":0,"gold_gain":0,"player_choice":"Fight","damage_taken":0,"max_hp_gain":0,"max_hp_loss":0,"event_name":"Colosseum","floor":22,"gold_loss":0},{"damage_healed":0,"gold_gain":0,"player_choice":"Fled From Nobs","damage_taken":0,"max_hp_gain":0,"max_hp_loss":0,"event_name":"Colosseum","floor":22,"gold_loss":0},{"damage_healed":0,"gold_gain":0,"player_choice":"Smashed Altar","damage_taken":0,"max_hp_gain":0,"max_hp_loss":0,"event_name":"Forgotten Altar","floor":24,"gold_loss":0,"cards_obtained":["Decay"]},{"damage_healed":0,"gold_gain":0,"player_choice":"Fought Bandits","damage_taken":0,"max_hp_gain":0,"max_hp_loss":0,"event_name":"Masked Bandits","floor":29,"gold_loss":0},{"damage_healed":0,"gold_gain":0,"player_choice":"Opened","damage_taken":0,"relics_obtained":["Bag of Preparation"],"max_hp_gain":0,"max_hp_loss":0,"event_name":"The Mausoleum","floor":31,"gold_loss":0,"cards_obtained":["Writhe"]},{"damage_healed":0,"gold_gain":0,"player_choice":"Ignored","damage_taken":0,"max_hp_gain":0,"max_hp_loss":0,"event_name":"Mysterious Sphere","floor":37,"gold_loss":0}],"is_beta":false,"boss_relics":[{"not_picked":["Eternal Feather","Runic Dome"],"picked":"Busted Crown"},{"not_picked":["Empty Cage","Black Star"],"picked":"Runic Pyramid"}],"items_purged_floors":[28,46,53],"is_endless":false,"potions_floor_spawned":[3,6,16,20,25,27,33,35,38,40,44,45,48],"killed_by":"Shield and Spear","ascension_level":0}