{"gold_per_floor":[111,111,36,111,131,131,147,177,223,266,20,20,20,20,20,113,113,133,2,25,43,43,43,43],"floor_reached":24,"playtime":808,"items_purged":["Shame","Bash"],"score":326,"play_id":"6b07cb17-a927-489d-a464-f80c48cbbce1","local_time":"20181119183739","is_ascension_mode":true,"campfire_choices":[{"data":"Barricade","floor":6,"key":"SMITH"},{"data":"Apotheosis","floor":13,"key":"SMITH"},{"data":"Power Through","floor":15,"key":"SMITH"},{"floor":23,"key":"REST"}],"neow_cost":"CURSE","seed_source_timestamp":3700968468173,"circlet_count":0,"master_deck":["AscendersBane","Strike_R","Strike_R","Strike_R","Strike_R","Strike_R","Defend_R","Defend_R","Defend_R","Defend_R","Barricade+1","Power Through+1","Pommel Strike","Reaper","Spot Weakness","Apotheosis+1","Battle Trance","Offering","Metallicize","Whirlwind","Body Slam","Battle Trance"],"relics":["Burning Blood","Golden Idol","Smiling Mask","Boot","Mark of Pain"],"potions_floor_usage":[10,16,16,24],"damage_taken":[{"damage":18,"enemies":"Cultist","floor":1,"turns":5},{"damage":13,"enemies":"Small Slimes","floor":5,"turns":5},{"damage":2,"enemies":"2 Louse","floor":7,"turns":4},{"damage":32,"enemies":"Gremlin Nob","floor":10,"turns":5},{"damage":41,"enemies":"Slime Boss","floor":16,"turns":11},{"damage":37,"enemies":"Chosen","floor":18,"turns":7},{"damage":23,"enemies":"Spheric Guardian","floor":20,"turns":6},{"damage":16,"enemies":"Centurion and Healer","floor":21,"turns":9},{"damage":59,"enemies":"Slavers","floor":24,"turns":3}],"seed_played":"-1800176807415748177","potions_obtained":[{"floor":5,"key":"Block Potion"},{"floor":7,"key":"Regen Potion"},{"floor":10,"key":"EssenceOfSteel"},{"floor":16,"key":"FearPotion"},{"floor":21,"key":"AttackPotion"}],"is_trial":false,"path_per_floor":["M","?","$","?","M","R","M","?","T","E","$","?","R","$","R","B",null,"M","$","M","M","?","R","E"],"character_chosen":"IRONCLAD","items_purchased":["Apotheosis","Battle Trance","Whirlwind"],"campfire_rested":1,"item_purchase_floors":[11,11,19],"current_hp_per_floor":[56,56,56,45,38,38,42,42,42,18,18,41,41,41,41,39,62,35,35,18,18,18,38,0],"gold":43,"neow_bonus":"THREE_RARE_CARDS","is_prod":false,"is_daily":false,"chose_seed":false,"campfire_upgraded":3,"win_rate":0,"timestamp":1542681459,"path_taken":["M","?","$","?","M","R","M","?","T","E","$","?","R","?","R","BOSS","M","$","M","?","?","R","E"],"build_version":"2018-11-15","purchased_purges":2,"victory":false,"max_hp_per_floor":[75,69,69,69,69,69,69,69,69,69,69,69,69,69,69,69,69,69,69,69,69,69,69,69],"card_choices":[{"not_picked":["Reaper","Juggernaut"],"picked":"Barricade","floor":0},{"not_picked":["Clothesline","Dual Wield"],"picked":"Power Through","floor":1},{"not_picked":["Twin Strike","Corruption"],"picked":"Pommel Strike","floor":5},{"not_picked":["Rupture","Flex"],"picked":"Reaper","floor":7},{"not_picked":["Combust","Clothesline"],"picked":"Spot Weakness","floor":10},{"not_picked":["Feed","Berserk"],"picked":"Offering","floor":16},{"not_picked":["Sever Soul","Pummel"],"picked":"Metallicize","floor":18},{"not_picked":["Warcry","Clash"],"picked":"Body Slam","floor":20},{"not_picked":["Armaments","Twin Strike"],"picked":"Battle Trance","floor":21}],"player_experience":785568,"relics_obtained":[{"floor":9,"key":"Smiling Mask"},{"floor":10,"key":"Boot"}],"event_choices":[{"damage_healed":0,"gold_gain":0,"player_choice":"Lose Max HP","damage_taken":0,"relics_obtained":["Golden Idol"],"max_hp_gain":0,"max_hp_loss":6,"event_name":"Golden Idol","floor":2,"gold_loss":0},{"damage_healed":0,"gold_gain":75,"player_choice":"Gather Gold","damage_taken":11,"max_hp_gain":0,"max_hp_loss":0,"event_name":"World of Goop","floor":4,"gold_loss":0},{"damage_healed":0,"gold_gain":30,"player_choice":"Searched \u00272\u0027 times","damage_taken":0,"max_hp_gain":0,"max_hp_loss":0,"event_name":"Dead Adventurer","floor":8,"gold_loss":0},{"damage_healed":23,"gold_gain":0,"player_choice":"Banana","damage_taken":0,"max_hp_gain":0,"max_hp_loss":0,"event_name":"Big Fish","floor":12,"gold_loss":0},{"damage_healed":0,"gold_gain":0,"player_choice":"Ignored","damage_taken":0,"max_hp_gain":0,"max_hp_loss":0,"event_name":"Beggar","floor":22,"gold_loss":0}],"is_beta":false,"boss_relics":[{"not_picked":["White Beast Statue","Tiny House"],"picked":"Mark of Pain"}],"items_purged_floors":[3,19],"is_endless":false,"potions_floor_spawned":[5,7,10,16,21],"killed_by":"Slavers","ascension_level":14}