{"gold_per_floor":[414,414,429,444,444,459,474,140,215,245,245,260,260,290,290,390,390,405,420,470,20,35,95,95,95,95,47,77,77,92,92,92,192,192,207,207,207,7,46,76,88,115,127,139,1,1,31,31,31,31],"floor_reached":51,"playtime":2014,"items_purged":[],"score":899,"play_id":"12ae502a-09fb-4f40-992e-3e6a8e324167","local_time":"20190629060655","daily_mods":["Heirloom","Vintage","Terminal"],"is_ascension_mode":false,"campfire_choices":[{"data":"Body Slam","floor":11,"key":"SMITH"},{"data":"Anger","floor":13,"key":"SMITH"},{"data":"Thunderclap","floor":15,"key":"SMITH"},{"data":"Offering","floor":24,"key":"SMITH"},{"data":"Armaments","floor":32,"key":"SMITH"},{"data":"Madness","floor":41,"key":"SMITH"},{"data":"Armaments","floor":49,"key":"SMITH"}],"neow_cost":"","seed_source_timestamp":1054763745734847,"circlet_count":0,"master_deck":["Defend_R","Defend_R","Defend_R","Defend_R","Bash+1","Battle Trance","Body Slam+1","Shrug It Off","Anger+1","Thunderclap+1","Offering+1","Armaments+1","Armaments+1","Bite","Bite","Madness","Madness+1","Spot Weakness+1","Offering","Bash","Metallicize+1"],"special_seed":18076,"relics":["Black Blood","Old Coin","Ornamental Fan","Oddly Smooth Stone","Meat on the Bone","Letter Opener","Omamori","Red Skull","Pantograph","Anchor","Magic Flower","Vajra","Strawberry","Sundial","Kunai","Boot","Regal Pillow","Tiny Chest","Darkstone Periapt","Happy Flower","Whetstone","Empty Cage","PreservedInsect","Lee\u0027s Waffle","StoneCalendar","MawBank","Juzu Bracelet","Singing Bowl","Bag of Preparation","Blood Vial","Question Card"],"potions_floor_usage":[10,10,14,14,28,33,33,33,40,50],"damage_taken":[{"damage":0,"enemies":"2 Louse","floor":1,"turns":4},{"damage":0,"enemies":"Cultist","floor":3,"turns":3},{"damage":0,"enemies":"Jaw Worm","floor":4,"turns":3},{"damage":6,"enemies":"Exordium Thugs","floor":6,"turns":5},{"damage":1,"enemies":"Red Slaver","floor":7,"turns":5},{"damage":9,"enemies":"Lagavulin","floor":10,"turns":13},{"damage":0,"enemies":"Large Slime","floor":12,"turns":5},{"damage":23,"enemies":"Gremlin Nob","floor":14,"turns":5},{"damage":25,"enemies":"Hexaghost","floor":16,"turns":9},{"damage":6,"enemies":"Shell Parasite","floor":18,"turns":3},{"damage":6,"enemies":"Chosen","floor":19,"turns":2},{"damage":6,"enemies":"Shelled Parasite and Fungi","floor":22,"turns":6},{"damage":17,"enemies":"Gremlin Leader","floor":23,"turns":5},{"damage":10,"enemies":"Slavers","floor":28,"turns":6},{"damage":6,"enemies":"Centurion and Healer","floor":30,"turns":4},{"damage":41,"enemies":"Champ","floor":33,"turns":11},{"damage":6,"enemies":"Orb Walker","floor":35,"turns":2},{"damage":16,"enemies":"2 Orb Walkers","floor":39,"turns":7},{"damage":6,"enemies":"Reptomancer","floor":40,"turns":4},{"damage":12,"enemies":"3 Shapes","floor":42,"turns":2},{"damage":12,"enemies":"Giant Head","floor":47,"turns":5},{"damage":22,"enemies":"Donu and Deca","floor":50,"turns":9}],"seed_played":"3787465507851504461","potions_obtained":[{"floor":3,"key":"Dexterity Potion"},{"floor":6,"key":"Swift Potion"},{"floor":12,"key":"LiquidBronze"},{"floor":19,"key":"Strength Potion"},{"floor":33,"key":"Ancient Potion"},{"floor":40,"key":"PowerPotion"}],"is_trial":false,"path_per_floor":["M","?","M","M","?","M","M","$","T","E","R","M","R","E","R","B",null,"M","M","?","$","M","E","R","?","T","$","E","?","M","?","R","B",null,"M","?","?","$","?","E","R","M","T","?","$","$","E","T","R","B",null],"character_chosen":"IRONCLAD","items_purchased":["Battle Trance","Body Slam","Shrug It Off","Red Skull","Energy Potion","Kunai","Boot","Energy Potion","Armaments","Lee\u0027s Waffle","Bag of Preparation"],"campfire_rested":0,"item_purchase_floors":[8,8,8,8,8,21,21,21,27,38,45],"current_hp_per_floor":[78,77,76,75,74,73,72,71,70,67,67,67,66,52,52,48,62,68,67,66,65,64,62,62,61,60,59,58,40,49,38,37,36,35,34,33,29,38,37,36,35,34,33,32,31,30,29,28,27,26],"gold":31,"neow_bonus":"","is_prod":false,"is_daily":true,"chose_seed":false,"campfire_upgraded":7,"win_rate":0,"timestamp":1561813615,"path_taken":["M","?","M","?","?","M","M","$","T","E","R","M","R","E","R","BOSS","M","M","?","$","?","E","R","?","T","?","E","?","?","?","R","BOSS","M","?","?","$","?","E","R","M","T","?","?","$","E","?","R","BOSS"],"build_version":"2019-01-23","purchased_purges":0,"victory":true,"max_hp_per_floor":[78,77,76,75,74,73,72,71,70,69,68,67,66,65,64,63,62,68,67,66,65,64,63,62,61,60,59,58,57,56,38,37,36,35,34,33,32,38,37,36,35,34,33,32,31,30,29,28,27,26],"card_choices":[{"not_picked":["Sentinel","Battle Trance"],"picked":"Anger","floor":10},{"not_picked":["Rupture","Carnage"],"picked":"Thunderclap","floor":14},{"not_picked":["Dark Embrace","Bludgeon"],"picked":"Offering","floor":16},{"not_picked":["Havoc","True Grit","Clothesline+1"],"picked":"SKIP","floor":23},{"not_picked":["Infernal Blade","Warcry"],"picked":"Armaments","floor":28},{"not_picked":["Perfected Strike+1","Warcry"],"picked":"Spot Weakness+1","floor":39},{"not_picked":["Dual Wield","Seeing Red"],"picked":"Offering","floor":40},{"not_picked":["Berserk","Flex+1"],"picked":"Metallicize+1","floor":47}],"player_experience":37174,"relics_obtained":[{"floor":1,"key":"Ornamental Fan"},{"floor":3,"key":"Oddly Smooth Stone"},{"floor":4,"key":"Meat on the Bone"},{"floor":6,"key":"Letter Opener"},{"floor":7,"key":"Omamori"},{"floor":9,"key":"Pantograph"},{"floor":10,"key":"Anchor"},{"floor":12,"key":"Magic Flower"},{"floor":14,"key":"Vajra"},{"floor":18,"key":"Strawberry"},{"floor":19,"key":"Sundial"},{"floor":22,"key":"Regal Pillow"},{"floor":23,"key":"Tiny Chest"},{"floor":26,"key":"Darkstone Periapt"},{"floor":28,"key":"Happy Flower"},{"floor":30,"key":"Whetstone"},{"floor":35,"key":"PreservedInsect"},{"floor":39,"key":"StoneCalendar"},{"floor":40,"key":"MawBank"},{"floor":42,"key":"Juzu Bracelet"},{"floor":43,"key":"Singing Bowl"},{"floor":47,"key":"Blood Vial"},{"floor":48,"key":"Question Card"}],"event_choices":[{"damage_healed":0,"gold_gain":0,"player_choice":"Upgraded","damage_taken":0,"max_hp_gain":0,"max_hp_loss":0,"event_name":"Upgrade Shrine","floor":2,"gold_loss":0,"cards_upgraded":["Bash"]},{"cards_removed":["Strike_R"],"damage_healed":0,"gold_gain":0,"player_choice":"Purged","damage_taken":0,"max_hp_gain":0,"max_hp_loss":0,"event_name":"Purifier","floor":5,"gold_loss":0},{"damage_healed":0,"gold_gain":100,"player_choice":"Bet on Murderer","damage_taken":0,"max_hp_gain":0,"max_hp_loss":0,"event_name":"The Joust","floor":20,"gold_loss":50},{"damage_healed":0,"gold_gain":0,"player_choice":"Ignored","damage_taken":0,"max_hp_gain":0,"max_hp_loss":0,"event_name":"Ghosts","floor":25,"gold_loss":0},{"damage_healed":0,"gold_gain":0,"player_choice":"POTION POTION ","damage_taken":18,"max_hp_gain":0,"max_hp_loss":0,"event_name":"Knowing Skull","floor":29,"potions_obtained":["BloodPotion","Weak Potion"],"gold_loss":0,"cards_obtained":[]},{"damage_healed":0,"gold_gain":0,"player_choice":"Became a vampire","damage_taken":0,"max_hp_gain":0,"max_hp_loss":17,"event_name":"Vampires","floor":31,"gold_loss":0,"cards_obtained":["Bite","Bite","Bite","Bite","Bite"]},{"cards_removed":["Bite"],"damage_healed":0,"gold_gain":0,"player_choice":"Removed Attack","damage_taken":0,"max_hp_gain":0,"max_hp_loss":0,"event_name":"Falling","floor":36,"gold_loss":0},{"damage_healed":0,"gold_gain":0,"player_choice":"Embrace Madness","damage_taken":4,"max_hp_gain":0,"max_hp_loss":0,"event_name":"Winding Halls","floor":37,"gold_loss":0,"cards_obtained":["Madness","Madness"]},{"damage_healed":0,"gold_gain":0,"player_choice":"Fight","damage_taken":0,"max_hp_gain":0,"max_hp_loss":0,"event_name":"Mysterious Sphere","floor":39,"gold_loss":0},{"damage_healed":0,"gold_gain":0,"player_choice":"1 cards matched","damage_taken":0,"max_hp_gain":0,"max_hp_loss":0,"event_name":"Match and Keep!","floor":44,"gold_loss":0,"cards_obtained":["Bash"]}],"is_beta":false,"boss_relics":[{"not_picked":["Runic Cube","Mark of Pain"],"picked":"Black Blood"},{"not_picked":["Calling Bell","Black Star"],"picked":"Empty Cage"}],"items_purged_floors":[],"is_endless":false,"potions_floor_spawned":[3,6,12,19,30,33,40],"ascension_level":0}