{"gold_per_floor":[119,119,119,74,89,127,127,161,161,177,210,210,285,120,120,120],"floor_reached":16,"playtime":426,"items_purged":[],"score":275,"play_id":"83b42eaf-f2fc-43ff-a7cb-c6082c73f57b","local_time":"20190625140528","is_ascension_mode":true,"campfire_choices":[{"data":"Thunderclap","floor":7,"key":"SMITH"},{"data":"Sever Soul","floor":15,"key":"SMITH"}],"neow_cost":"NONE","seed_source_timestamp":1091631913051327,"circlet_count":0,"master_deck":["AscendersBane","Strike_R","Strike_R","Strike_R","Strike_R","Defend_R","Defend_R","Defend_R","Defend_R","Bash","Pommel Strike","Flame Barrier","Sever Soul+1","Thunderclap+1","Flame Barrier","Iron Wave","Shockwave"],"relics":["Burning Blood","NeowsBlessing","Golden Idol","Champion Belt","Orichalcum","Darkstone Periapt","Bottled Flame","Bag of Marbles"],"potions_floor_usage":[11,11],"damage_taken":[{"damage":0,"enemies":"Small Slimes","floor":1,"turns":1},{"damage":0,"enemies":"Jaw Worm","floor":5,"turns":1},{"damage":0,"enemies":"3 Sentries","floor":6,"turns":2},{"damage":24,"enemies":"Gremlin Nob","floor":8,"turns":4},{"damage":7,"enemies":"2 Louse","floor":10,"turns":3},{"damage":8,"enemies":"3 Sentries","floor":11,"turns":4},{"damage":57,"enemies":"Hexaghost","floor":16,"turns":12}],"seed_played":"5736066918129662783","potions_obtained":[{"floor":1,"key":"Poison Potion"},{"floor":5,"key":"SkillPotion"}],"is_trial":false,"path_per_floor":["M","?","?","$","M","E","R","E","T","M","E","?","?","$","R","B"],"character_chosen":"IRONCLAD","items_purchased":["Flame Barrier","Bag of Marbles"],"campfire_rested":0,"item_purchase_floors":[4,14],"current_hp_per_floor":[74,67,67,67,68,68,68,50,50,49,47,68,57,57,57,0],"gold":120,"neow_bonus":"THREE_ENEMY_KILL","is_prod":false,"is_daily":false,"chose_seed":false,"campfire_upgraded":2,"win_rate":0,"timestamp":1561496728,"path_taken":["M","?","?","$","M","E","R","E","T","M","E","?","?","$","R","BOSS"],"build_version":"2019-01-23","purchased_purges":0,"victory":false,"max_hp_per_floor":[75,75,68,68,68,68,68,68,68,68,68,68,68,68,68,68],"card_choices":[{"not_picked":["Entrench","Pummel"],"picked":"Pommel Strike","floor":1},{"not_picked":["Armaments","Power Through"],"picked":"Sever Soul","floor":5},{"not_picked":["Perfected Strike","Shrug It Off"],"picked":"Thunderclap","floor":6},{"not_picked":["Clothesline","Brutality"],"picked":"Flame Barrier","floor":8},{"not_picked":["Twin Strike","Burning Pact"],"picked":"Iron Wave","floor":10},{"not_picked":["Cleave","Iron Wave"],"picked":"Shockwave","floor":11}],"player_experience":1073773,"relics_obtained":[{"floor":6,"key":"Champion Belt"},{"floor":8,"key":"Orichalcum"},{"floor":9,"key":"Darkstone Periapt"},{"floor":11,"key":"Bottled Flame"}],"event_choices":[{"cards_removed":["Strike_R"],"damage_healed":0,"gold_gain":0,"player_choice":"Card Removal","damage_taken":7,"max_hp_gain":0,"max_hp_loss":0,"event_name":"Golden Wing","floor":2,"gold_loss":0},{"damage_healed":0,"gold_gain":0,"player_choice":"Lose Max HP","damage_taken":0,"relics_obtained":["Golden Idol"],"max_hp_gain":0,"max_hp_loss":7,"event_name":"Golden Idol","floor":3,"gold_loss":0},{"damage_healed":22,"gold_gain":0,"player_choice":"Banana","damage_taken":0,"max_hp_gain":0,"max_hp_loss":0,"event_name":"Big Fish","floor":12,"gold_loss":0},{"damage_healed":0,"gold_gain":75,"player_choice":"Gather Gold","damage_taken":11,"max_hp_gain":0,"max_hp_loss":0,"event_name":"World of Goop","floor":13,"gold_loss":0}],"is_beta":false,"boss_relics":[],"items_purged_floors":[],"is_endless":false,"potions_floor_spawned":[1,5,8,10],"killed_by":"Hexaghost","ascension_level":19}