{"gold_per_floor":[115,135,149,159,159,159,227,265,265,265,283,283,303,342,342,436,436,451,472,166,179,179,179,223,244,324,239,239,239,239,264,264,358,358,374,398,398,416,85,85,85,121,148,148,191,191,191,215,215,215],"floor_reached":50,"playtime":1972,"items_purged":[],"score":928,"play_id":"7f0417bd-659c-43f3-af6a-331bab772dac","local_time":"20190323201407","is_ascension_mode":true,"campfire_choices":[{"data":"Zap","floor":6,"key":"SMITH"},{"floor":10,"key":"REST"},{"floor":12,"key":"REST"},{"data":"Loop","floor":15,"key":"SMITH"},{"floor":23,"key":"REST"},{"floor":28,"key":"REST"},{"floor":29,"key":"REST"},{"data":"Creative AI","floor":32,"key":"SMITH"},{"data":"Defragment","floor":40,"key":"SMITH"},{"data":"Seek","floor":41,"key":"SMITH"},{"floor":44,"key":"REST"},{"data":"Electrodynamics","floor":46,"key":"SMITH"},{"data":"Dualcast","floor":49,"key":"SMITH"}],"neow_cost":"NONE","seed_source_timestamp":267080083090133,"circlet_count":0,"master_deck":["AscendersBane","Strike_B","Strike_B","Strike_B","Strike_B","Defend_B","Defend_B","Defend_B","Defend_B","Zap+1","Dualcast+1","Beam Cell","Electrodynamics+1","Cold Snap","Coolheaded","Loop+1","FTL","Leap","Seek+1","Ball Lightning","Heatsinks","Conserve Battery","Creative AI+1","Conserve Battery","Go for the Eyes+1","Beam Cell","Defragment+1","Core Surge","BootSequence","Capacitor+1","Storm+1","Loop+1","Conserve Battery+1","Leap"],"relics":["Cracked Core","DataDisk","Golden Idol","Sundial","Strawberry","StoneCalendar","Regal Pillow","Black Star","Bird Faced Urn","Prayer Wheel","Bottled Tornado","Unceasing Top","Blue Candle","WingedGreaves","FaceOfCleric","Sozu","Frozen Egg 2","Dodecahedron","Thread and Needle","Dream Catcher","Pen Nib","Orichalcum"],"potions_floor_usage":[13,16,21,24],"damage_taken":[{"damage":4,"enemies":"Small Slimes","floor":1,"turns":3},{"damage":0,"enemies":"Jaw Worm","floor":2,"turns":3},{"damage":1,"enemies":"Cultist","floor":3,"turns":3},{"damage":8,"enemies":"Red Slaver","floor":4,"turns":3},{"damage":32,"enemies":"Gremlin Nob","floor":8,"turns":4},{"damage":9,"enemies":"3 Louse","floor":11,"turns":3},{"damage":6,"enemies":"Looter","floor":13,"turns":3},{"damage":21,"enemies":"Lagavulin","floor":14,"turns":6},{"damage":3,"enemies":"Hexaghost","floor":16,"turns":9},{"damage":16,"enemies":"2 Thieves","floor":18,"turns":3},{"damage":9,"enemies":"Shell Parasite","floor":19,"turns":7},{"damage":9,"enemies":"Centurion and Healer","floor":21,"turns":7},{"damage":42,"enemies":"Book of Stabbing","floor":24,"turns":7},{"damage":30,"enemies":"Snake Plant","floor":25,"turns":5},{"damage":16,"enemies":"Cultist and Chosen","floor":31,"turns":6},{"damage":41,"enemies":"Champ","floor":33,"turns":7},{"damage":12,"enemies":"3 Shapes","floor":35,"turns":4},{"damage":10,"enemies":"Orb Walker","floor":36,"turns":4},{"damage":12,"enemies":"4 Shapes","floor":38,"turns":4},{"damage":38,"enemies":"Reptomancer","floor":42,"turns":6},{"damage":7,"enemies":"Giant Head","floor":45,"turns":6},{"damage":0,"enemies":"Maw","floor":48,"turns":6},{"damage":99,"enemies":"Awakened One","floor":50,"turns":5}],"seed_played":"-4182023214435658350","potions_obtained":[{"floor":11,"key":"Block Potion"},{"floor":13,"key":"GamblersBrew"},{"floor":18,"key":"Dexterity Potion"},{"floor":19,"key":"AttackPotion"}],"is_trial":false,"path_per_floor":["M","M","M","M","?","R","T","E","T","R","M","R","M","E","R","B",null,"M","M","$","M","T","R","E","M","T","?","R","R","?","M","R","B",null,"M","M","?","M","$","R","R","E","T","R","E","R","?","M","R","B"],"character_chosen":"DEFECT","items_purchased":["Bird Faced Urn","Frozen Egg 2","Capacitor+1"],"campfire_rested":6,"item_purchase_floors":[20,39,39],"current_hp_per_floor":[60,60,59,51,51,51,51,26,26,47,38,59,53,32,32,29,61,45,36,36,33,33,69,31,7,7,7,43,71,71,68,68,54,68,65,66,66,61,61,61,61,40,40,77,77,77,77,79,79,0],"gold":215,"neow_bonus":"RANDOM_COMMON_RELIC","is_prod":false,"is_daily":false,"chose_seed":false,"campfire_upgraded":7,"win_rate":0,"timestamp":1553386447,"path_taken":["M","M","M","M","?","R","?","E","T","R","M","R","?","E","R","BOSS","M","M","$","M","?","R","E","M","T","?","R","R","?","M","R","BOSS","M","?","?","?","$","R","R","E","T","R","E","R","?","M","R","BOSS"],"build_version":"2019-01-23","purchased_purges":0,"victory":false,"max_hp_per_floor":[71,71,71,71,64,64,64,71,71,71,71,71,71,71,71,71,71,71,71,71,71,71,71,71,71,71,71,71,71,71,72,72,73,73,74,75,75,76,76,76,76,77,77,77,78,78,78,79,79,79],"card_choices":[{"not_picked":["Go for the Eyes","Conserve Battery"],"picked":"Beam Cell","floor":1},{"not_picked":["Steam","Turbo"],"picked":"Electrodynamics","floor":2},{"not_picked":["Hologram","Lockon","Genetic Algorithm"],"picked":"SKIP","floor":3},{"not_picked":["Compile Driver","Leap"],"picked":"Cold Snap","floor":4},{"not_picked":["Compile Driver","Stack"],"picked":"Coolheaded","floor":8},{"not_picked":["Cold Snap","Amplify"],"picked":"Loop","floor":11},{"not_picked":["Streamline","Turbo"],"picked":"FTL","floor":13},{"not_picked":["Tempest","Stack"],"picked":"Leap","floor":14},{"not_picked":["Reboot","Hyperbeam"],"picked":"Seek","floor":16},{"not_picked":["Gash","Lockon"],"picked":"Ball Lightning","floor":18},{"not_picked":["Redo","Sunder"],"picked":"Heatsinks","floor":19},{"not_picked":["FTL","Ball Lightning"],"picked":"Conserve Battery","floor":21},{"not_picked":["Stack","Defragment"],"picked":"Creative AI","floor":24},{"not_picked":["Compile Driver","Sweeping Beam"],"picked":"Conserve Battery","floor":25},{"not_picked":["Stack","Hologram+1"],"picked":"Go for the Eyes+1","floor":25},{"not_picked":["Redo","Sunder"],"picked":"Beam Cell","floor":31},{"not_picked":["Sweeping Beam","FTL"],"picked":"Defragment","floor":31},{"not_picked":["Creative AI","Electrodynamics"],"picked":"Core Surge","floor":33},{"not_picked":["Tempest","Rebound"],"picked":"BootSequence","floor":35},{"not_picked":["Rebound","Sunder+1","Turbo"],"picked":"SKIP","floor":35},{"not_picked":["Ball Lightning+1","Lockon","Steam"],"picked":"SKIP","floor":36},{"not_picked":["All For One","Force Field+1","Steam+1"],"picked":"SKIP","floor":36},{"not_picked":["Ball Lightning","Scrape","Beam Cell"],"picked":"SKIP","floor":38},{"not_picked":["Steam+1","Sunder","Go for the Eyes"],"picked":"SKIP","floor":38},{"not_picked":["Rebound","Reinforced Body","Beam Cell"],"picked":"SKIP","floor":42},{"not_picked":["Coolheaded","Reinforced Body"],"picked":"Storm+1","floor":44},{"not_picked":["Ball Lightning","Go for the Eyes"],"picked":"Loop+1","floor":45},{"not_picked":["Rebound","Leap"],"picked":"Conserve Battery+1","floor":48},{"not_picked":["Conserve Battery","Auto Shields"],"picked":"Leap","floor":48}],"player_experience":452436,"relics_obtained":[{"floor":7,"key":"Sundial"},{"floor":8,"key":"Strawberry"},{"floor":9,"key":"StoneCalendar"},{"floor":14,"key":"Regal Pillow"},{"floor":22,"key":"Prayer Wheel"},{"floor":24,"key":"Bottled Tornado"},{"floor":24,"key":"Unceasing Top"},{"floor":26,"key":"Blue Candle"},{"floor":42,"key":"Dodecahedron"},{"floor":42,"key":"Thread and Needle"},{"floor":43,"key":"Dream Catcher"},{"floor":45,"key":"Pen Nib"},{"floor":45,"key":"Orichalcum"}],"event_choices":[{"damage_healed":0,"gold_gain":0,"player_choice":"Lose Max HP","damage_taken":0,"relics_obtained":["Golden Idol"],"max_hp_gain":0,"max_hp_loss":7,"event_name":"Golden Idol","floor":5,"gold_loss":0},{"damage_healed":0,"gold_gain":0,"player_choice":"Obtained Relic","damage_taken":0,"relics_obtained":["WingedGreaves"],"max_hp_gain":0,"max_hp_loss":0,"event_name":"Addict","floor":27,"gold_loss":85},{"damage_healed":0,"gold_gain":0,"player_choice":"Trade","damage_taken":0,"relics_obtained":["FaceOfCleric"],"max_hp_gain":0,"max_hp_loss":0,"event_name":"FaceTrader","floor":30,"gold_loss":0},{"damage_healed":0,"gold_gain":0,"player_choice":"Got Potions","damage_taken":0,"max_hp_gain":0,"max_hp_loss":0,"event_name":"Lab","floor":37,"gold_loss":0},{"damage_healed":0,"gold_gain":0,"player_choice":"Ignored","damage_taken":0,"max_hp_gain":0,"max_hp_loss":0,"event_name":"Mysterious Sphere","floor":47,"gold_loss":0}],"is_beta":false,"boss_relics":[{"not_picked":["Snecko Eye","White Beast Statue"],"picked":"Black Star"},{"not_picked":["Inserter","Busted Crown"],"picked":"Sozu"}],"items_purged_floors":[],"is_endless":false,"potions_floor_spawned":[11,13,18,19,38,42,45],"killed_by":"Awakened One","ascension_level":15}