{"gold_per_floor":[111,186,100,100,11,46,61,61,61,61,61,110,145,157,157,233,283,297,164,164,164,164,164,164],"floor_reached":24,"playtime":540,"items_purged":["Regret"],"score":446,"play_id":"ec333fbf-0f2d-4c41-8616-ecbd8996c70b","local_time":"20190413232953","is_ascension_mode":true,"campfire_choices":[{"floor":15,"key":"REST"},{"floor":23,"key":"REST"}],"neow_cost":"NONE","seed_source_timestamp":339178803090889,"circlet_count":0,"master_deck":["AscendersBane","Strike_R","Strike_R","Strike_R","Strike_R","Defend_R","Defend_R","Defend_R+1","Defend_R","Bash","Cleave","Flame Barrier","Inflame","Uppercut","Heavy Blade","Limit Break","Panacea","Decay"],"relics":["Burning Blood","NeowsBlessing","The Courier","Paper Frog","Bronze Scales","Happy Flower","Pen Nib","Mummified Hand","Tiny House","Nilry\u0027s Codex"],"potions_floor_usage":[14,16,24],"damage_taken":[{"damage":0,"enemies":"2 Louse","floor":1,"turns":1},{"damage":0,"enemies":"3 Sentries","floor":6,"turns":2},{"damage":0,"enemies":"Small Slimes","floor":7,"turns":2},{"damage":51,"enemies":"Gremlin Nob","floor":13,"turns":5},{"damage":4,"enemies":"Jaw Worm","floor":14,"turns":2},{"damage":34,"enemies":"The Guardian","floor":16,"turns":13},{"damage":41,"enemies":"Shell Parasite","floor":18,"turns":5},{"damage":40,"enemies":"Slavers","floor":24,"turns":2}],"seed_played":"8229147368382855174","potions_obtained":[{"floor":7,"key":"Explosive Potion"},{"floor":14,"key":"Block Potion"},{"floor":17,"key":"Explosive Potion"}],"is_trial":false,"path_per_floor":["M","?","$","?","$","E","M","$","T","?","?","T","E","M","R","B",null,"M","$","?","?","?","R","E"],"character_chosen":"IRONCLAD","items_purchased":["Flame Barrier","Inflame","Panacea"],"campfire_rested":2,"item_purchase_floors":[3,5,19],"current_hp_per_floor":[74,63,63,56,56,62,68,68,68,68,57,57,12,14,36,8,63,28,28,28,28,7,31,0],"gold":164,"neow_bonus":"THREE_ENEMY_KILL","is_prod":false,"is_daily":false,"chose_seed":false,"campfire_upgraded":0,"win_rate":0,"timestamp":1555212593,"path_taken":["M","?","$","?","$","E","M","$","T","?","?","?","E","?","R","BOSS","M","$","?","?","?","R","E"],"build_version":"2019-01-23","purchased_purges":1,"victory":false,"max_hp_per_floor":[75,75,75,75,75,75,75,75,75,75,75,75,75,75,75,75,80,80,80,80,80,80,80,80],"card_choices":[{"not_picked":["Sword Boomerang","Perfected Strike"],"picked":"Cleave","floor":1},{"not_picked":["Wild Strike","Twin Strike","Power Through"],"picked":"SKIP","floor":6},{"not_picked":["Cleave","Sentinel"],"picked":"Uppercut","floor":7},{"not_picked":["Headbutt","Rupture"],"picked":"Heavy Blade","floor":13},{"not_picked":["Warcry","Entrench","Perfected Strike"],"picked":"SKIP","floor":14},{"not_picked":["Berserk","Double Tap"],"picked":"Limit Break","floor":16},{"not_picked":["Wild Strike","Intimidate","Metallicize"],"picked":"SKIP","floor":18}],"player_experience":581248,"relics_obtained":[{"floor":6,"key":"The Courier"},{"floor":9,"key":"Paper Frog"},{"floor":12,"key":"Pen Nib"},{"floor":13,"key":"Mummified Hand"},{"floor":22,"key":"Nilry\u0027s Codex"}],"event_choices":[{"damage_healed":0,"gold_gain":75,"player_choice":"Gather Gold","damage_taken":11,"max_hp_gain":0,"max_hp_loss":0,"event_name":"World of Goop","floor":2,"gold_loss":0},{"cards_removed":["Strike_R"],"damage_healed":0,"gold_gain":0,"player_choice":"Card Removal","damage_taken":7,"max_hp_gain":0,"max_hp_loss":0,"event_name":"Golden Wing","floor":4,"gold_loss":0},{"damage_healed":0,"gold_gain":0,"player_choice":"Box","damage_taken":0,"relics_obtained":["Bronze Scales"],"max_hp_gain":0,"max_hp_loss":0,"event_name":"Big Fish","floor":10,"gold_loss":0,"cards_obtained":["Regret"]},{"damage_healed":0,"gold_gain":0,"player_choice":"Success","damage_taken":11,"relics_obtained":["Happy Flower"],"max_hp_gain":0,"max_hp_loss":0,"event_name":"Scrap Ooze","floor":11,"gold_loss":0},{"damage_healed":0,"gold_gain":0,"player_choice":"Smashed Altar","damage_taken":0,"max_hp_gain":0,"max_hp_loss":0,"event_name":"Forgotten Altar","floor":20,"gold_loss":0,"cards_obtained":["Decay"]},{"damage_healed":0,"gold_gain":0,"player_choice":"Ignored","damage_taken":0,"max_hp_gain":0,"max_hp_loss":0,"event_name":"The Mausoleum","floor":21,"gold_loss":0},{"damage_healed":0,"gold_gain":0,"player_choice":"Obtained Book","damage_taken":21,"max_hp_gain":0,"max_hp_loss":0,"event_name":"Cursed Tome","floor":22,"gold_loss":0}],"is_beta":false,"boss_relics":[{"not_picked":["Runic Pyramid","Fusion Hammer"],"picked":"Tiny House"}],"items_purged_floors":[19],"is_endless":false,"potions_floor_spawned":[7,14],"killed_by":"Slavers","ascension_level":20}