{"gold_per_floor":[360,379,554,554,554,479,492,492,519,419,459,459,500,516,516,639,639,664,664,664,678,696,735,735,735,735,184,184,184,184,184,184,310,310,326,326,349,349,682,682,699,699,699,699,699,719,736,736,736,736],"floor_reached":50,"playtime":1529,"items_purged":["Pain","Doubt","Doubt"],"score":783,"play_id":"c2edc3ce-b78a-4181-9b15-63bec0f0c3d9","local_time":"20190312224939","is_ascension_mode":true,"campfire_choices":[{"data":"Inflame","floor":8,"key":"SMITH"},{"data":"Heavy Blade","floor":15,"key":"SMITH"},{"floor":25,"key":"REST"},{"data":"Demon Form","floor":28,"key":"SMITH"},{"data":"Body Slam","floor":30,"key":"SMITH"},{"floor":32,"key":"REST"},{"data":"Double Tap","floor":40,"key":"SMITH"},{"data":"Flame Barrier","floor":42,"key":"SMITH"},{"data":"Rage","floor":44,"key":"SMITH"},{"floor":49,"key":"REST"}],"neow_cost":"TEN_PERCENT_HP_LOSS","seed_source_timestamp":2168361174816661,"circlet_count":0,"master_deck":["AscendersBane","Strike_R+1","Strike_R+1","Strike_R+1","Strike_R+1","Strike_R+1","Defend_R+1","Defend_R+1","Defend_R+1","Defend_R+1","Bash","Shrug It Off+1","Inflame+1","Body Slam","Cleave","Heavy Blade+1","Carnage","Demon Form+1","Armaments+1","Necronomicurse","Ghostly Armor+1","Heavy Blade+1","Clash","Body Slam+1","Rage+1","Double Tap+1","Shrug It Off","Flame Barrier+1","Regret","Shrug It Off","Double Tap+1"],"relics":["Burning Blood","WarpedTongs","PreservedInsect","Singing Bowl","StoneCalendar","Cursed Key","Necronomicon","Vajra","War Paint","Shuriken","MutagenicStrength","Sozu","Ancient Tea Set"],"potions_floor_usage":[11,13,14,21,22,47],"damage_taken":[{"damage":4,"enemies":"2 Louse","floor":1,"turns":3},{"damage":1,"enemies":"Small Slimes","floor":2,"turns":5},{"damage":4,"enemies":"Jaw Worm","floor":7,"turns":3},{"damage":33,"enemies":"Lagavulin","floor":11,"turns":5},{"damage":22,"enemies":"3 Sentries","floor":13,"turns":5},{"damage":12,"enemies":"Red Slaver","floor":14,"turns":3},{"damage":36,"enemies":"The Guardian","floor":16,"turns":13},{"damage":13,"enemies":"Spheric Guardian","floor":18,"turns":4},{"damage":0,"enemies":"Shell Parasite","floor":21,"turns":1},{"damage":8,"enemies":"Snake Plant","floor":22,"turns":2},{"damage":14,"enemies":"Book of Stabbing","floor":23,"turns":3},{"damage":42,"enemies":"Collector","floor":33,"turns":6},{"damage":0,"enemies":"Orb Walker","floor":35,"turns":1},{"damage":11,"enemies":"3 Shapes","floor":37,"turns":6},{"damage":8,"enemies":"Jaw Worm Horde","floor":41,"turns":4},{"damage":12,"enemies":"Spire Growth","floor":46,"turns":5},{"damage":15,"enemies":"Transient","floor":47,"turns":5},{"damage":80,"enemies":"Awakened One","floor":50,"turns":3}],"seed_played":"-5169620280966362330","potions_obtained":[{"floor":2,"key":"Dexterity Potion"},{"floor":11,"key":"Regen Potion"},{"floor":13,"key":"FearPotion"},{"floor":16,"key":"Energy Potion"},{"floor":18,"key":"Poison Potion"},{"floor":33,"key":"Block Potion"}],"is_trial":false,"path_per_floor":["M","M","?","?","?","$","M","R","T","$","E","?","E","M","R","B",null,"M","?","?","M","M","E","?","R","T","$","R","$","R","?","R","B",null,"M","$","M","$","?","R","M","R","T","R","?","M","M","?","R","B"],"character_chosen":"IRONCLAD","items_purchased":["Shuriken","Clash","Body Slam","Rage"],"campfire_rested":3,"item_purchase_floors":[27,27,27,27],"current_hp_per_floor":[72,72,72,54,54,54,56,56,56,56,29,53,51,45,45,15,58,51,35,35,41,39,33,33,55,55,55,55,55,55,55,74,38,65,73,73,68,68,68,68,66,66,66,66,76,70,63,63,78,0],"gold":736,"neow_bonus":"TWO_FIFTY_GOLD","is_prod":false,"is_daily":false,"chose_seed":false,"campfire_upgraded":7,"win_rate":0,"timestamp":1552445379,"path_taken":["M","M","?","?","?","$","?","R","T","$","E","?","E","M","R","BOSS","M","?","?","M","M","E","?","R","T","$","R","$","R","?","R","BOSS","M","$","M","$","?","R","M","R","T","R","?","M","?","?","R","BOSS"],"build_version":"2019-01-23","purchased_purges":3,"victory":false,"max_hp_per_floor":[72,72,72,72,72,72,72,72,72,72,72,72,72,72,72,72,72,72,72,72,72,72,74,74,74,74,74,74,74,74,74,74,74,74,76,76,76,76,76,76,76,76,76,76,76,76,78,78,78,78],"card_choices":[{"not_picked":["Perfected Strike","Battle Trance"],"picked":"Shrug It Off","floor":1},{"not_picked":["Flex","True Grit"],"picked":"Inflame","floor":2},{"not_picked":["Sword Boomerang","Warcry"],"picked":"Body Slam","floor":7},{"not_picked":["Feed","Sword Boomerang"],"picked":"Cleave","floor":11},{"not_picked":["Inflame","Iron Wave"],"picked":"Heavy Blade","floor":13},{"not_picked":["Cleave","Pommel Strike"],"picked":"Carnage","floor":14},{"not_picked":["Immolate","Offering"],"picked":"Demon Form","floor":16},{"not_picked":["Feel No Pain+1","Shrug It Off+1"],"picked":"Armaments+1","floor":18},{"not_picked":["Spot Weakness","Perfected Strike"],"picked":"Ghostly Armor","floor":21},{"not_picked":["True Grit","Wild Strike"],"picked":"Heavy Blade+1","floor":22},{"not_picked":["Searing Blow+1","Warcry+1","Clothesline"],"picked":"Singing Bowl","floor":23},{"not_picked":["Fiend Fire","Juggernaut"],"picked":"Double Tap","floor":33},{"not_picked":["Armaments","Infernal Blade","Rupture"],"picked":"Singing Bowl","floor":35},{"not_picked":["Havoc+1","Ghostly Armor"],"picked":"Shrug It Off","floor":37},{"not_picked":["Rupture","Disarm"],"picked":"Flame Barrier","floor":41},{"not_picked":["Flex","Carnage"],"picked":"Shrug It Off","floor":46},{"not_picked":["Sever Soul+1","Clash","Ghostly Armor"],"picked":"Singing Bowl","floor":47}],"player_experience":369710,"relics_obtained":[{"floor":9,"key":"PreservedInsect"},{"floor":11,"key":"Singing Bowl"},{"floor":13,"key":"StoneCalendar"},{"floor":19,"key":"Necronomicon"},{"floor":23,"key":"Vajra"},{"floor":26,"key":"War Paint"},{"floor":43,"key":"Ancient Tea Set"}],"event_choices":[{"damage_healed":0,"gold_gain":175,"player_choice":"AGREE","damage_taken":0,"max_hp_gain":0,"max_hp_loss":0,"event_name":"Liars Game","floor":3,"gold_loss":0,"cards_obtained":["Doubt"]},{"damage_healed":0,"gold_gain":0,"player_choice":"Take Damage","damage_taken":18,"relics_obtained":["Golden Idol"],"max_hp_gain":0,"max_hp_loss":0,"event_name":"Golden Idol","floor":4,"gold_loss":0},{"damage_healed":0,"gold_gain":0,"player_choice":"Rummage","damage_taken":0,"relics_obtained":["WarpedTongs"],"max_hp_gain":0,"max_hp_loss":0,"event_name":"Accursed Blacksmith","floor":5,"gold_loss":0,"cards_obtained":["Pain"]},{"damage_healed":24,"gold_gain":0,"player_choice":"Banana","damage_taken":0,"max_hp_gain":0,"max_hp_loss":0,"event_name":"Big Fish","floor":12,"gold_loss":0},{"damage_healed":0,"gold_gain":0,"player_choice":"Obtained Book","damage_taken":16,"max_hp_gain":0,"max_hp_loss":0,"event_name":"Cursed Tome","floor":19,"gold_loss":0},{"damage_healed":0,"gold_gain":0,"player_choice":"Simplicity","damage_taken":0,"max_hp_gain":0,"max_hp_loss":0,"event_name":"Back to Basics","floor":20,"gold_loss":0,"cards_upgraded":["Strike_R","Strike_R","Strike_R","Strike_R","Strike_R","Defend_R","Defend_R","Defend_R","Defend_R"]},{"damage_healed":0,"gold_gain":0,"player_choice":"Ignored","damage_taken":0,"max_hp_gain":0,"max_hp_loss":0,"event_name":"Vampires","floor":24,"gold_loss":0},{"damage_healed":0,"gold_gain":0,"player_choice":"Inject Mutagens","damage_taken":0,"relics_obtained":["MutagenicStrength"],"max_hp_gain":0,"max_hp_loss":0,"event_name":"Drug Dealer","floor":31,"gold_loss":0},{"damage_healed":0,"gold_gain":333,"player_choice":"Gave Idol","damage_taken":0,"max_hp_gain":0,"max_hp_loss":0,"event_name":"The Moai Head","floor":39,"relics_lost":["Golden Idol"],"gold_loss":0},{"damage_healed":10,"gold_gain":0,"player_choice":"Full Heal","damage_taken":0,"max_hp_gain":0,"max_hp_loss":0,"event_name":"Wheel of Change","floor":45,"gold_loss":0},{"damage_healed":0,"gold_gain":0,"player_choice":"Copied","damage_taken":0,"max_hp_gain":0,"max_hp_loss":0,"event_name":"Duplicator","floor":48,"gold_loss":0,"cards_obtained":["Double Tap"]}],"is_beta":false,"boss_relics":[{"not_picked":["Philosopher\u0027s Stone","Busted Crown"],"picked":"Cursed Key"},{"not_picked":["White Beast Statue","Mark of Pain"],"picked":"Sozu"}],"items_purged_floors":[6,10,27],"is_endless":false,"potions_floor_spawned":[2,11,13,16,18,33,37],"killed_by":"Awakened One","ascension_level":11}