{"gold_per_floor":[117,117,132,132,132,162,177,196,196,196,206,206,223,237,237,338,338,356,367,384,384,394,420,420,420,420,431,451,461,461,494,494,593,593,611,628,677,690,690,690,704,704,704,704,140,140,140,160,160,160],"floor_reached":51,"playtime":2419,"items_purged":["Strike_B"],"score":768,"play_id":"4cb81faf-de5b-499d-a563-4e7b0547b278","local_time":"20190616042948","is_ascension_mode":false,"campfire_choices":[{"data":"Genetic Algorithm","floor":10,"key":"SMITH"},{"floor":12,"key":"REST"},{"data":"Defend_B","floor":15,"key":"SMITH"},{"data":"White Noise","floor":24,"key":"SMITH"},{"data":"Defragment","floor":30,"key":"SMITH"},{"data":"Buffer","floor":32,"key":"SMITH"},{"data":"Echo Form","floor":40,"key":"SMITH"},{"data":"Seek","floor":42,"key":"SMITH"},{"data":"Force Field","floor":44,"key":"SMITH"},{"data":"Defend_B","floor":46,"key":"SMITH"},{"data":"Dualcast","floor":49,"key":"SMITH"}],"neow_cost":"NONE","seed_source_timestamp":706957991203832,"circlet_count":0,"master_deck":["Strike_B","Strike_B","Defend_B+1","Defend_B+1","Defend_B+1","Zap+1","Dualcast+1","Buffer+1","Ball Lightning","Ball Lightning","Electrodynamics","Genetic Algorithm+1","White Noise+1","Turbo","Seek+1","Defragment+1","Double Energy","Steam+1","Echo Form+1","Force Field+1","Hologram+1","Undo+1","Buffer+1","Doubt"],"relics":["Cracked Core","Matryoshka","War Paint","Mercury Hourglass","Coffee Dripper","MutagenicStrength","Kunai","Ancient Tea Set","Singing Bowl","Question Card","Gambling Chip","Busted Crown","StoneCalendar","Frozen Egg 2","Dead Branch"],"potions_floor_usage":[6,13,16,16,23,29,33,37,50,50],"damage_taken":[{"damage":6,"enemies":"Jaw Worm","floor":1,"turns":3},{"damage":2,"enemies":"Small Slimes","floor":3,"turns":2},{"damage":18,"enemies":"Lagavulin","floor":6,"turns":5},{"damage":8,"enemies":"2 Louse","floor":7,"turns":3},{"damage":12,"enemies":"Exordium Wildlife","floor":8,"turns":2},{"damage":0,"enemies":"Red Slaver","floor":11,"turns":3},{"damage":5,"enemies":"Blue Slaver","floor":13,"turns":3},{"damage":0,"enemies":"Looter","floor":14,"turns":2},{"damage":15,"enemies":"The Guardian","floor":16,"turns":10},{"damage":0,"enemies":"Spheric Guardian","floor":18,"turns":3},{"damage":0,"enemies":"Shell Parasite","floor":19,"turns":5},{"damage":4,"enemies":"Centurion and Healer","floor":20,"turns":4},{"damage":0,"enemies":"3 Cultists","floor":22,"turns":2},{"damage":24,"enemies":"Book of Stabbing","floor":23,"turns":5},{"damage":1,"enemies":"Chosen and Byrds","floor":27,"turns":4},{"damage":0,"enemies":"Snecko","floor":28,"turns":4},{"damage":0,"enemies":"Sentry and Sphere","floor":29,"turns":4},{"damage":0,"enemies":"Slavers","floor":31,"turns":3},{"damage":45,"enemies":"Champ","floor":33,"turns":10},{"damage":5,"enemies":"Orb Walker","floor":35,"turns":4},{"damage":0,"enemies":"3 Shapes","floor":36,"turns":2},{"damage":35,"enemies":"2 Orb Walkers","floor":37,"turns":4},{"damage":0,"enemies":"Maw","floor":38,"turns":7},{"damage":19,"enemies":"Sphere and 2 Shapes","floor":41,"turns":5},{"damage":0,"enemies":"Jaw Worm Horde","floor":48,"turns":4},{"damage":0,"enemies":"Donu and Deca","floor":50,"turns":5}],"seed_played":"-8133859971295482853","potions_obtained":[{"floor":3,"key":"Fire Potion"},{"floor":8,"key":"SneckoOil"},{"floor":11,"key":"SpeedPotion"},{"floor":13,"key":"EssenceOfSteel"},{"floor":22,"key":"Block Potion"},{"floor":27,"key":"Block Potion"},{"floor":29,"key":"Strength Potion"},{"floor":33,"key":"Poison Potion"},{"floor":41,"key":"Energy Potion"}],"is_trial":false,"path_per_floor":["M","?","M","?","?","E","M","M","T","R","M","R","M","M","R","B",null,"M","M","M","?","M","E","R","T","T","M","M","M","R","E","R","B",null,"M","M","?","M","?","R","M","R","T","R","$","R","?","M","R","B",null],"character_chosen":"DEFECT","items_purchased":["Dead Branch","PowerPotion","Buffer+1"],"campfire_rested":1,"item_purchase_floors":[45,45,45],"current_hp_per_floor":[69,62,60,60,75,57,49,37,37,37,37,59,54,54,54,39,75,75,75,71,71,71,47,47,47,47,48,50,52,52,54,54,9,83,78,80,45,45,45,45,28,28,28,28,28,28,87,89,89,89],"gold":160,"neow_bonus":"TRANSFORM_CARD","is_prod":false,"is_daily":false,"chose_seed":false,"campfire_upgraded":10,"win_rate":0,"timestamp":1560684588,"path_taken":["M","?","M","?","?","E","M","M","T","R","M","R","M","M","R","BOSS","M","M","M","?","M","E","R","?","T","M","?","M","R","E","R","BOSS","M","M","?","M","?","R","?","R","T","R","$","R","?","M","R","BOSS"],"build_version":"2019-01-23","purchased_purges":1,"victory":true,"max_hp_per_floor":[75,75,75,75,75,75,75,75,75,75,75,75,75,75,75,75,75,75,75,75,75,75,75,75,75,75,77,79,81,81,83,83,83,83,83,85,85,85,85,85,87,87,87,87,87,87,87,89,89,89],"card_choices":[{"not_picked":["Turbo","Go for the Eyes"],"picked":"Ball Lightning","floor":1},{"not_picked":["Turbo","Cold Snap","Beam Cell"],"picked":"SKIP","floor":3},{"not_picked":["Go for the Eyes","Coolheaded"],"picked":"Ball Lightning","floor":6},{"not_picked":["Go for the Eyes","Static Discharge"],"picked":"Electrodynamics","floor":7},{"not_picked":["Go for the Eyes","Streamline"],"picked":"Genetic Algorithm","floor":8},{"not_picked":["Hello World","Consume"],"picked":"White Noise","floor":11},{"not_picked":["White Noise","Gash","Rebound"],"picked":"SKIP","floor":13},{"not_picked":["Skim","Coolheaded"],"picked":"Turbo","floor":14},{"not_picked":["Hyperbeam","Creative AI"],"picked":"Seek","floor":16},{"not_picked":["Turbo","Steam"],"picked":"Defragment","floor":18},{"not_picked":["Turbo","Compile Driver","Rebound"],"picked":"SKIP","floor":19},{"not_picked":["Go for the Eyes","Sweeping Beam","Compile Driver"],"picked":"SKIP","floor":20},{"not_picked":["Ball Lightning","Tempest"],"picked":"Double Energy","floor":22},{"not_picked":["Ball Lightning","Turbo+1"],"picked":"Steam+1","floor":23},{"not_picked":["Static Discharge","Ball Lightning+1","Seek","Turbo"],"picked":"Singing Bowl","floor":27},{"not_picked":["Static Discharge","Hologram","Chill","Gash"],"picked":"Singing Bowl","floor":28},{"not_picked":["Hologram","Steam Power","Chill","Double Energy"],"picked":"Singing Bowl","floor":29},{"not_picked":["Coolheaded+1","Genetic Algorithm+1","Steam","Gash"],"picked":"Singing Bowl","floor":31},{"not_picked":["Creative AI","Seek","Thunder Strike"],"picked":"Echo Form","floor":33},{"not_picked":["Doom and Gloom"],"picked":"Force Field","floor":35},{"not_picked":["Rebound+1","Compile Driver"],"picked":"Singing Bowl","floor":36},{"not_picked":["Streamline"],"picked":"Hologram+1","floor":37},{"not_picked":["Sunder+1"],"picked":"Undo+1","floor":38},{"not_picked":["Compile Driver+1","Steam+1"],"picked":"Singing Bowl","floor":41},{"not_picked":["Skim+1","Chill"],"picked":"Singing Bowl","floor":48}],"player_experience":415617,"relics_obtained":[{"floor":6,"key":"Matryoshka"},{"floor":9,"key":"War Paint"},{"floor":9,"key":"Mercury Hourglass"},{"floor":23,"key":"Kunai"},{"floor":25,"key":"Ancient Tea Set"},{"floor":25,"key":"Singing Bowl"},{"floor":26,"key":"Question Card"},{"floor":31,"key":"Gambling Chip"},{"floor":37,"key":"StoneCalendar"},{"floor":43,"key":"Frozen Egg 2"}],"event_choices":[{"cards_removed":["Defend_B"],"damage_healed":0,"gold_gain":0,"player_choice":"Card Removal","damage_taken":7,"max_hp_gain":0,"max_hp_loss":0,"event_name":"Golden Wing","floor":2,"gold_loss":0},{"damage_healed":0,"gold_gain":0,"player_choice":"Ignored","damage_taken":0,"max_hp_gain":0,"max_hp_loss":0,"event_name":"Liars Game","floor":4,"gold_loss":0},{"damage_healed":25,"gold_gain":0,"player_choice":"Banana","damage_taken":0,"max_hp_gain":0,"max_hp_loss":0,"event_name":"Big Fish","floor":5,"gold_loss":0},{"damage_healed":0,"gold_gain":0,"player_choice":"Inject Mutagens","damage_taken":0,"relics_obtained":["MutagenicStrength"],"max_hp_gain":0,"max_hp_loss":0,"event_name":"Drug Dealer","floor":21,"gold_loss":0},{"damage_healed":0,"gold_gain":0,"player_choice":"Fight","damage_taken":0,"max_hp_gain":0,"max_hp_loss":0,"event_name":"Mysterious Sphere","floor":37,"gold_loss":0},{"damage_healed":0,"gold_gain":0,"player_choice":"Ignored","damage_taken":0,"max_hp_gain":0,"max_hp_loss":0,"event_name":"NoteForYourself","floor":39,"gold_loss":0},{"damage_healed":59,"gold_gain":0,"player_choice":"Heal","damage_taken":0,"max_hp_gain":0,"max_hp_loss":0,"event_name":"MindBloom","floor":47,"gold_loss":0,"cards_obtained":["Doubt"]}],"is_beta":false,"boss_relics":[{"not_picked":["Astrolabe","White Beast Statue"],"picked":"Coffee Dripper"},{"not_picked":["Runic Pyramid","FrozenCore"],"picked":"Busted Crown"}],"items_purged_floors":[45],"is_endless":false,"potions_floor_spawned":[3,8,11,13,22,27,29,33,41],"ascension_level":0}