{"gold_per_floor":[118,128,128,140,155,187,187,30,106,116,151,161,190,251,251,347,347,360,370,35,35,35,70,70,85,85,96,114,125,142,42,42,42],"floor_reached":33,"playtime":2306,"items_purged":["Dodge and Roll","Shame"],"score":349,"play_id":"5a7a8425-c16f-4080-a324-69498d6673d9","local_time":"20190206084619","is_ascension_mode":true,"campfire_choices":[{"data":"Dash","floor":7,"key":"SMITH"},{"floor":15,"key":"REST"},{"floor":24,"key":"REST"},{"floor":32,"key":"REST"}],"neow_cost":"NONE","seed_source_timestamp":516908289212788,"circlet_count":0,"master_deck":["Defend_G","Defend_G","Defend_G","Defend_G","Defend_G","Strike_G","Strike_G","Strike_G","Strike_G","Strike_G","Survivor","Neutralize","Deadly Poison","Predator","Dash+1","Outmaneuver","Well Laid Plans","Dodge and Roll","All Out Attack","Bane","Envenom","Bane+1","Poisoned Stab+1","Underhanded Strike","PiercingWail+1","Dagger Throw","Flying Knee+1","Crippling Poison","Dagger Throw+1","Leg Sweep"],"relics":["Ring of the Serpent","Dead Branch","Orichalcum","Letter Opener","Strawberry","Bag of Marbles","Sundial","Bird Faced Urn","Dream Catcher","Kunai"],"potions_floor_usage":[6,13,18,23,23,27,29,33],"damage_taken":[{"damage":2,"enemies":"Cultist","floor":1,"turns":5},{"damage":0,"enemies":"2 Louse","floor":2,"turns":2},{"damage":8,"enemies":"Small Slimes","floor":4,"turns":3},{"damage":1,"enemies":"3 Louse","floor":5,"turns":5},{"damage":25,"enemies":"Lagavulin","floor":6,"turns":8},{"damage":1,"enemies":"Looter","floor":10,"turns":3},{"damage":5,"enemies":"Gremlin Nob","floor":11,"turns":4},{"damage":4,"enemies":"Red Slaver","floor":12,"turns":3},{"damage":22,"enemies":"Lagavulin","floor":13,"turns":9},{"damage":12,"enemies":"Slime Boss","floor":16,"turns":11},{"damage":7,"enemies":"Chosen","floor":18,"turns":5},{"damage":32,"enemies":"Shell Parasite","floor":19,"turns":6},{"damage":12,"enemies":"Slavers","floor":23,"turns":5},{"damage":12,"enemies":"Chosen and Byrds","floor":25,"turns":6},{"damage":21,"enemies":"3 Cultists","floor":27,"turns":6},{"damage":32,"enemies":"Sentry and Sphere","floor":28,"turns":7},{"damage":0,"enemies":"Centurion and Healer","floor":29,"turns":7},{"damage":1,"enemies":"Snecko","floor":30,"turns":4},{"damage":43,"enemies":"Champ","floor":33,"turns":10}],"seed_played":"5656324978929659252","potions_obtained":[{"floor":3,"key":"SpeedPotion"},{"floor":3,"key":"Swift Potion"},{"floor":3,"key":"GhostInAJar"},{"floor":6,"key":"AttackPotion"},{"floor":10,"key":"Strength Potion"},{"floor":13,"key":"Block Potion"},{"floor":23,"key":"GhostInAJar"},{"floor":25,"key":"Explosive Potion"},{"floor":29,"key":"LiquidBronze"}],"is_trial":false,"path_per_floor":["M","M","?","M","M","E","R","$","T","M","E","M","E","?","R","B",null,"M","M","$","?","?","E","R","M","T","M","M","M","M","$","R","B"],"character_chosen":"THE_SILENT","items_purchased":["Orichalcum","Sundial"],"campfire_rested":3,"item_purchase_floors":[8,20],"current_hp_per_floor":[75,75,75,67,66,41,41,41,41,40,42,38,16,16,41,29,84,77,45,45,45,37,29,54,46,46,29,1,5,6,6,31,0],"gold":42,"neow_bonus":"TEN_PERCENT_HP_BONUS","is_prod":false,"is_daily":false,"chose_seed":false,"campfire_upgraded":1,"win_rate":0,"timestamp":1549460779,"path_taken":["M","?","?","M","M","E","R","$","T","M","E","?","E","?","R","BOSS","M","M","$","?","?","E","R","M","T","M","?","M","M","$","R","BOSS"],"build_version":"2019-01-23","purchased_purges":2,"victory":false,"max_hp_per_floor":[77,77,77,77,77,77,77,77,77,77,84,84,84,84,84,84,84,84,84,84,84,84,84,84,84,84,84,84,84,84,84,84,84],"card_choices":[{"not_picked":["Masterful Stab","Flechettes"],"picked":"Deadly Poison","floor":1},{"not_picked":["Skewer","Tactician"],"picked":"Predator","floor":2},{"not_picked":["Flying Knee","PiercingWail"],"picked":"Dash","floor":4},{"not_picked":["Acrobatics","Skewer"],"picked":"Outmaneuver","floor":5},{"not_picked":["Underhanded Strike","Dagger Throw"],"picked":"Well Laid Plans","floor":6},{"not_picked":["Distraction","Tactician"],"picked":"Dodge and Roll","floor":10},{"not_picked":["Predator","Endless Agony"],"picked":"Dodge and Roll","floor":11},{"not_picked":["Eviscerate","Well Laid Plans"],"picked":"All Out Attack","floor":12},{"not_picked":["Slice","Prepared"],"picked":"Bane","floor":13},{"not_picked":["Storm of Steel","Night Terror"],"picked":"Envenom","floor":16},{"not_picked":["Dagger Spray","Masterful Stab"],"picked":"Bane+1","floor":18},{"not_picked":["Prepared","Outmaneuver"],"picked":"Poisoned Stab+1","floor":19},{"not_picked":["Distraction","Reflex+1","Storm of Steel"],"picked":"SKIP","floor":23},{"not_picked":["Prepared","Slice"],"picked":"Underhanded Strike","floor":24},{"not_picked":["Accuracy","Reflex"],"picked":"PiercingWail+1","floor":25},{"not_picked":["Terror","Sucker Punch+1"],"picked":"Dagger Throw","floor":27},{"not_picked":["Deadly Poison","Flechettes"],"picked":"Flying Knee+1","floor":28},{"not_picked":["Masterful Stab","Distraction"],"picked":"Crippling Poison","floor":29},{"not_picked":["Masterful Stab","Tactician"],"picked":"Dagger Throw+1","floor":30},{"not_picked":["Deflect","Venomology"],"picked":"Leg Sweep","floor":32}],"player_experience":163649,"relics_obtained":[{"floor":6,"key":"Dead Branch"},{"floor":9,"key":"Letter Opener"},{"floor":11,"key":"Strawberry"},{"floor":13,"key":"Bag of Marbles"},{"floor":23,"key":"Dream Catcher"},{"floor":26,"key":"Kunai"}],"event_choices":[{"damage_healed":0,"gold_gain":0,"player_choice":"Got Potions","damage_taken":0,"max_hp_gain":0,"max_hp_loss":0,"event_name":"Lab","floor":3,"gold_loss":0},{"damage_healed":0,"gold_gain":61,"player_choice":"Gained Gold","damage_taken":0,"max_hp_gain":0,"max_hp_loss":0,"event_name":"Golden Wing","floor":14,"gold_loss":0},{"damage_healed":0,"gold_gain":0,"player_choice":"Stole Relic","damage_taken":0,"relics_obtained":["Bird Faced Urn"],"max_hp_gain":0,"max_hp_loss":0,"event_name":"Addict","floor":21,"gold_loss":0,"cards_obtained":["Shame"]},{"damage_healed":0,"gold_gain":0,"player_choice":"Damaged","damage_taken":8,"max_hp_gain":0,"max_hp_loss":0,"event_name":"Wheel of Change","floor":22,"gold_loss":0}],"is_beta":false,"boss_relics":[{"not_picked":["White Beast Statue","Black Star"],"picked":"Ring of the Serpent"}],"items_purged_floors":[20,31],"is_endless":false,"potions_floor_spawned":[5,6,10,11,13,23,25,29],"killed_by":"Champ","ascension_level":4}