{"gold_per_floor":[110,110,123,140,159,159,194,194,194,169,200,220,220,240,240,338,338,349,28,28,28,39,39,67,85,157,157,168,187,213,246,246,246],"floor_reached":33,"playtime":2810,"items_purged":[],"score":381,"play_id":"35a7f70f-b09e-42e9-a26e-129451dd8972","local_time":"20190624210036","is_ascension_mode":true,"campfire_choices":[{"data":"Anger","floor":6,"key":"SMITH"},{"data":"Sword Boomerang","floor":8,"key":"SMITH"},{"data":"Pummel","floor":15,"key":"SMITH"},{"data":"Dark Embrace","floor":23,"key":"SMITH"},{"data":"Pummel","floor":27,"key":"SMITH"},{"data":"Ghostly","floor":32,"key":"SMITH"}],"neow_cost":"NONE","seed_source_timestamp":156207569376331,"circlet_count":0,"master_deck":["Strike_R+1","Strike_R+1","Strike_R+1","Strike_R+1","Defend_R+1","Defend_R+1","Defend_R+1","Defend_R+1","Bash","Inflame+1","Anger+1","Sword Boomerang+1","Warcry","Pummel+1","Pummel+1","Reaper","Dark Embrace+1","Master of Strategy","Ghostly+1","Ghostly","Ghostly","Ghostly","Ghostly","Sword Boomerang+1","Doubt","Dual Wield","Heavy Blade","Infernal Blade+1"],"relics":["Burning Blood","Bottled Flame","Du-Vu Doll","Peace Pipe","Cursed Key","Art of War","Bottled Tornado","Red Mask","Smiling Mask"],"potions_floor_usage":[3,7,7,7,7,7,12,16,18,18,24,30,30,31,33],"damage_taken":[{"damage":4,"enemies":"Jaw Worm","floor":1,"turns":5},{"damage":0,"enemies":"Small Slimes","floor":3,"turns":3},{"damage":5,"enemies":"2 Louse","floor":4,"turns":3},{"damage":6,"enemies":"Blue Slaver","floor":5,"turns":4},{"damage":7,"enemies":"Lagavulin","floor":7,"turns":5},{"damage":8,"enemies":"Gremlin Nob","floor":11,"turns":3},{"damage":1,"enemies":"2 Fungi Beasts","floor":12,"turns":2},{"damage":0,"enemies":"Exordium Wildlife","floor":14,"turns":3},{"damage":59,"enemies":"The Guardian","floor":16,"turns":13},{"damage":27,"enemies":"Shell Parasite","floor":18,"turns":4},{"damage":12,"enemies":"Chosen","floor":22,"turns":3},{"damage":5,"enemies":"Book of Stabbing","floor":24,"turns":3},{"damage":6,"enemies":"3 Cultists","floor":25,"turns":5},{"damage":0,"enemies":"Snake Plant","floor":28,"turns":4},{"damage":2,"enemies":"Snecko","floor":29,"turns":4},{"damage":18,"enemies":"Masked Bandits","floor":30,"turns":5},{"damage":16,"enemies":"Slavers","floor":31,"turns":6},{"damage":62,"enemies":"Automaton","floor":33,"turns":6}],"seed_played":"-7344222730018093199","potions_obtained":[{"floor":0,"key":"Block Potion"},{"floor":0,"key":"Weak Potion"},{"floor":0,"key":"Swift Potion"},{"floor":3,"key":"Poison Potion"},{"floor":4,"key":"EntropicBrew"},{"floor":11,"key":"Fire Potion"},{"floor":16,"key":"EntropicBrew"},{"floor":22,"key":"SpeedPotion"},{"floor":24,"key":"Regen Potion"},{"floor":29,"key":"PowerPotion"},{"floor":30,"key":"Weak Potion"}],"is_trial":false,"path_per_floor":["M","?","M","M","M","R","E","R","T","?","E","M","?","M","R","B",null,"M","$","?","?","M","R","E","M","T","R","M","M","?","E","R","B"],"character_chosen":"IRONCLAD","items_purchased":["Dark Embrace","Master of Strategy"],"campfire_rested":0,"item_purchase_floors":[19,19],"current_hp_per_floor":[80,80,80,80,80,80,79,79,79,79,77,80,73,79,79,26,80,69,69,40,40,37,37,38,40,40,40,40,40,40,36,36,0],"gold":246,"neow_bonus":"THREE_SMALL_POTIONS","is_prod":false,"is_daily":false,"chose_seed":false,"campfire_upgraded":6,"win_rate":0,"timestamp":1561435236,"path_taken":["M","?","M","M","M","R","E","R","T","?","E","M","?","M","R","BOSS","M","$","?","?","M","R","E","M","T","R","M","M","?","E","R","BOSS"],"build_version":"2019-01-23","purchased_purges":0,"victory":false,"max_hp_per_floor":[80,80,80,80,80,80,80,80,80,80,80,80,80,80,80,80,80,80,80,40,40,40,40,40,40,40,40,40,40,40,40,40,40],"card_choices":[{"not_picked":["Warcry","Rage"],"picked":"Inflame","floor":1},{"not_picked":["Shockwave","Warcry"],"picked":"Anger","floor":3},{"not_picked":["Havoc","Dark Embrace"],"picked":"Sword Boomerang","floor":4},{"not_picked":["True Grit","Armaments","Clash"],"picked":"SKIP","floor":5},{"not_picked":["Heavy Blade","Havoc","Dual Wield"],"picked":"SKIP","floor":7},{"not_picked":["Armaments","Brutality"],"picked":"Warcry","floor":11},{"not_picked":["Twin Strike","Carnage"],"picked":"Pummel","floor":12},{"not_picked":["Intimidate","Armaments"],"picked":"Pummel","floor":14},{"not_picked":["Barricade","Bludgeon"],"picked":"Reaper","floor":16},{"not_picked":["Headbutt+1","Bloodletting","Anger+1"],"picked":"SKIP","floor":18},{"not_picked":["Pommel Strike","Twin Strike"],"picked":"Sword Boomerang+1","floor":22},{"not_picked":["Second Wind","Body Slam","Anger"],"picked":"SKIP","floor":24},{"not_picked":["Bloodletting","Havoc","Shrug It Off"],"picked":"SKIP","floor":25},{"not_picked":["Clothesline+1","Carnage"],"picked":"Dual Wield","floor":28},{"not_picked":["Flame Barrier","Thunderclap+1"],"picked":"Heavy Blade","floor":29},{"not_picked":["Twin Strike","Clothesline"],"picked":"Infernal Blade+1","floor":30},{"not_picked":["Rupture","Armaments","Pommel Strike"],"picked":"SKIP","floor":31}],"player_experience":486236,"relics_obtained":[{"floor":7,"key":"Bottled Flame"},{"floor":9,"key":"Du-Vu Doll"},{"floor":11,"key":"Peace Pipe"},{"floor":24,"key":"Art of War"},{"floor":26,"key":"Bottled Tornado"},{"floor":30,"key":"Red Mask"},{"floor":31,"key":"Smiling Mask"}],"event_choices":[{"damage_healed":0,"gold_gain":0,"player_choice":"Grow","damage_taken":0,"max_hp_gain":0,"max_hp_loss":0,"event_name":"Living Wall","floor":2,"gold_loss":0,"cards_upgraded":["Inflame"]},{"damage_healed":0,"gold_gain":0,"player_choice":"Left Gold","damage_taken":0,"max_hp_gain":0,"max_hp_loss":0,"event_name":"World of Goop","floor":10,"gold_loss":25},{"cards_removed":["Strike_R"],"damage_healed":0,"gold_gain":0,"player_choice":"Card Removal","damage_taken":7,"max_hp_gain":0,"max_hp_loss":0,"event_name":"Golden Wing","floor":13,"gold_loss":0},{"damage_healed":0,"gold_gain":0,"player_choice":"Became a Ghost","damage_taken":0,"max_hp_gain":0,"max_hp_loss":40,"event_name":"Ghosts","floor":20,"gold_loss":0,"cards_obtained":["Ghostly","Ghostly","Ghostly","Ghostly","Ghostly"]},{"damage_healed":0,"gold_gain":0,"player_choice":"Simplicity","damage_taken":0,"max_hp_gain":0,"max_hp_loss":0,"event_name":"Back to Basics","floor":21,"gold_loss":0,"cards_upgraded":["Strike_R","Strike_R","Strike_R","Strike_R","Defend_R","Defend_R","Defend_R","Defend_R"]},{"damage_healed":0,"gold_gain":0,"player_choice":"Fought Bandits","damage_taken":0,"max_hp_gain":0,"max_hp_loss":0,"event_name":"Masked Bandits","floor":30,"gold_loss":0}],"is_beta":false,"boss_relics":[{"not_picked":["Eternal Feather","Black Blood"],"picked":"Cursed Key"}],"items_purged_floors":[],"is_endless":false,"potions_floor_spawned":[1,3,4,11,16,22,24,29,30],"killed_by":"Automaton","ascension_level":4}