{"gold_per_floor":[111,123,133,133,149,181,193,305,317,361,373,400,412,424,436,543,555,580,607,646,658,670,709,735,63,116,116,130,130],"floor_reached":29,"playtime":2106,"items_purged":["Doppelganger"],"score":278,"play_id":"2195307e-7f98-47fd-8937-ba4808bd19d4","local_time":"20190129221316","is_ascension_mode":false,"campfire_choices":[{"floor":7,"key":"REST"},{"floor":11,"key":"REST"},{"floor":15,"key":"REST"}],"neow_cost":"NONE","seed_source_timestamp":990383925573994,"circlet_count":0,"master_deck":["Survivor","Neutralize+1","Bouncing Flask+1","Poisoned Stab","Slice","Deadly Poison","Bane","Poisoned Stab","Quick Slash","Endless Agony","PiercingWail","Envenom","Dagger Spray","Acrobatics","Calculated Gamble","Prepared","Masterful Stab","Venomology","Burst","Backflip","Ghostly","Ghostly","Ghostly","Ghostly","Ghostly","Dash+1","Deadly Poison","Flying Knee"],"relics":["Ring of the Snake","MawBank","Dream Catcher","Letter Opener","Sundial","Pandora\u0027s Box","PreservedInsect","Ninja Scroll","Singing Bowl","Lantern","OrangePellets","Bag of Preparation"],"potions_floor_usage":[10,16,23,23,28,28,28,29,29],"damage_taken":[{"damage":1,"enemies":"2 Louse","floor":1,"turns":3},{"damage":4,"enemies":"Cultist","floor":2,"turns":4},{"damage":3,"enemies":"Jaw Worm","floor":3,"turns":4},{"damage":4,"enemies":"Blue Slaver","floor":5,"turns":4},{"damage":36,"enemies":"3 Sentries","floor":6,"turns":8},{"damage":16,"enemies":"Lagavulin","floor":10,"turns":5},{"damage":0,"enemies":"Red Slaver","floor":12,"turns":3},{"damage":16,"enemies":"Hexaghost","floor":16,"turns":8},{"damage":10,"enemies":"Chosen","floor":18,"turns":4},{"damage":29,"enemies":"Shell Parasite","floor":19,"turns":5},{"damage":19,"enemies":"Slavers","floor":23,"turns":6},{"damage":12,"enemies":"Chosen and Byrds","floor":24,"turns":6},{"damage":2,"enemies":"Sentry and Sphere","floor":28,"turns":6},{"damage":17,"enemies":"Book of Stabbing","floor":29,"turns":3}],"seed_played":"-5744397728649807997","potions_obtained":[{"floor":3,"key":"Poison Potion"},{"floor":6,"key":"PowerPotion"},{"floor":10,"key":"Dexterity Potion"},{"floor":12,"key":"PowerPotion"},{"floor":23,"key":"Fruit Juice"},{"floor":28,"key":"SteroidPotion"}],"is_trial":false,"path_per_floor":["M","M","M","?","M","E","R","?","T","E","R","M","?","?","R","B",null,"M","M","T","?","?","E","M","$","T","?","M","E"],"character_chosen":"THE_SILENT","items_purchased":["Singing Bowl","Lantern","OrangePellets"],"campfire_rested":3,"item_purchase_floors":[25,25,25],"current_hp_per_floor":[69,65,62,62,58,22,43,43,43,27,48,48,41,41,62,46,70,60,31,31,31,27,13,1,1,1,1,5,0],"gold":130,"neow_bonus":"UPGRADE_CARD","is_prod":false,"is_daily":false,"chose_seed":false,"campfire_upgraded":0,"win_rate":0.0,"timestamp":1548817996,"path_taken":["M","M","M","?","M","E","R","?","T","E","R","?","?","?","R","BOSS","M","M","?","?","?","E","M","$","T","?","M","E"],"build_version":"2019-01-23","purchased_purges":1,"victory":false,"max_hp_per_floor":[70,70,70,70,70,70,70,70,70,70,70,70,70,70,70,70,70,70,70,70,35,40,45,45,45,45,45,47,47],"card_choices":[{"not_picked":["Slice","Flechettes"],"picked":"Bouncing Flask","floor":1},{"not_picked":["Slice","Riddle With Holes"],"picked":"Poisoned Stab","floor":2},{"not_picked":["Underhanded Strike","Outmaneuver"],"picked":"Slice","floor":3},{"not_picked":["Blur","Cloak And Dagger"],"picked":"Deadly Poison","floor":5},{"not_picked":["Backflip","Dodge and Roll"],"picked":"Bane","floor":6},{"not_picked":["Doppelganger","Accuracy"],"picked":"Poisoned Stab","floor":10},{"not_picked":["Masterful Stab","Caltrops"],"picked":"Quick Slash","floor":11},{"not_picked":["Eviscerate","Dagger Spray"],"picked":"Endless Agony","floor":12},{"not_picked":["Well Laid Plans","Sucker Punch"],"picked":"PiercingWail","floor":15},{"not_picked":["Tools of the Trade","Malaise"],"picked":"Envenom","floor":16},{"not_picked":["Accuracy","Masterful Stab"],"picked":"Backflip","floor":18},{"not_picked":["Calculated Gamble","Footwork+1","Choke"],"picked":"SKIP","floor":19},{"not_picked":["Slice","Skewer"],"picked":"Dash+1","floor":23},{"not_picked":["Dagger Throw","Skewer","Sucker Punch"],"picked":"SKIP","floor":24},{"not_picked":["Poisoned Stab","Expertise","Slice+1"],"picked":"Singing Bowl","floor":28}],"player_experience":70321,"relics_obtained":[{"floor":6,"key":"MawBank"},{"floor":9,"key":"Dream Catcher"},{"floor":10,"key":"Letter Opener"},{"floor":20,"key":"PreservedInsect"},{"floor":23,"key":"Ninja Scroll"},{"floor":26,"key":"Bag of Preparation"}],"event_choices":[{"damage_healed":0,"gold_gain":0,"player_choice":"Grow","damage_taken":0,"max_hp_gain":0,"max_hp_loss":0,"event_name":"Living Wall","floor":4,"gold_loss":0,"cards_upgraded":["Bouncing Flask"]},{"damage_healed":0,"gold_gain":100,"player_choice":"Gold","damage_taken":0,"max_hp_gain":0,"max_hp_loss":0,"event_name":"Wheel of Change","floor":8,"gold_loss":0},{"damage_healed":0,"gold_gain":0,"player_choice":"Success","damage_taken":7,"relics_obtained":["Sundial"],"max_hp_gain":0,"max_hp_loss":0,"event_name":"Scrap Ooze","floor":13,"gold_loss":0},{"damage_healed":0,"gold_gain":0,"player_choice":"Got Potions","damage_taken":0,"max_hp_gain":0,"max_hp_loss":0,"event_name":"Lab","floor":14,"gold_loss":0},{"damage_healed":0,"gold_gain":0,"player_choice":"Became a Ghost","damage_taken":0,"max_hp_gain":0,"max_hp_loss":35,"event_name":"Ghosts","floor":21,"gold_loss":0,"cards_obtained":["Ghostly","Ghostly","Ghostly","Ghostly","Ghostly"]},{"damage_healed":0,"gold_gain":0,"player_choice":"Shed Blood","damage_taken":9,"max_hp_gain":5,"max_hp_loss":0,"event_name":"Forgotten Altar","floor":22,"gold_loss":0},{"damage_healed":0,"gold_gain":0,"cards_transformed":["Bullet Time","Outmaneuver"],"player_choice":"Became Test Subject","damage_taken":0,"max_hp_gain":0,"max_hp_loss":0,"event_name":"Drug Dealer","floor":27,"gold_loss":0,"cards_obtained":["Deadly Poison","Flying Knee"]}],"is_beta":false,"boss_relics":[{"not_picked":["Philosopher\u0027s Stone","Ring of the Serpent"],"picked":"Pandora\u0027s Box"}],"items_purged_floors":[25],"is_endless":false,"potions_floor_spawned":[3,6,10,12,23,28],"killed_by":"Book of Stabbing","ascension_level":0}