{"gold_per_floor":[109,128,138,152,163,163,213,241,241,241,257,292,257,273,273,273],"floor_reached":16,"playtime":531,"items_purged":[],"score":222,"play_id":"95c3c272-46cc-4cf0-a4f5-7e59bf3a338a","local_time":"20190628185240","is_ascension_mode":true,"campfire_choices":[{"data":"Immolate","floor":6,"key":"SMITH"},{"floor":10,"key":"REST"},{"data":"Berserk","floor":15,"key":"SMITH"}],"neow_cost":"TEN_PERCENT_HP_LOSS","seed_source_timestamp":1367956801220502,"circlet_count":0,"master_deck":["AscendersBane","Strike_R","Strike_R","Strike_R","Strike_R","Strike_R","Defend_R","Defend_R","Defend_R","Defend_R","Bash","Immolate+1","Pommel Strike","Pommel Strike","Shrug It Off","True Grit","Impervious","Uppercut","Berserk+1","Flame Barrier","Shrug It Off"],"relics":["Burning Blood","Ornamental Fan","Question Card","Frozen Egg 2"],"potions_floor_usage":[8,11,12],"damage_taken":[{"damage":7,"enemies":"Jaw Worm","floor":1,"turns":3},{"damage":1,"enemies":"Cultist","floor":2,"turns":3},{"damage":15,"enemies":"Small Slimes","floor":3,"turns":3},{"damage":9,"enemies":"Looter","floor":4,"turns":3},{"damage":8,"enemies":"Blue Slaver","floor":5,"turns":4},{"damage":37,"enemies":"Lagavulin","floor":8,"turns":6},{"damage":11,"enemies":"Exordium Thugs","floor":11,"turns":4},{"damage":30,"enemies":"3 Sentries","floor":12,"turns":7},{"damage":3,"enemies":"Looter","floor":14,"turns":4},{"damage":37,"enemies":"Slime Boss","floor":16,"turns":3}],"seed_played":"-5206181493492222608","potions_obtained":[{"floor":4,"key":"Explosive Potion"},{"floor":8,"key":"BloodPotion"},{"floor":11,"key":"Block Potion"}],"is_trial":false,"path_per_floor":["M","M","M","M","M","R","?","E","T","R","M","E","?","M","R","B"],"character_chosen":"IRONCLAD","items_purchased":[],"campfire_rested":1,"item_purchase_floors":[],"current_hp_per_floor":[67,68,59,56,54,54,48,17,17,37,38,14,31,34,34,0],"gold":273,"neow_bonus":"THREE_RARE_CARDS","is_prod":false,"is_daily":false,"chose_seed":false,"campfire_upgraded":2,"win_rate":0,"timestamp":1561773160,"path_taken":["M","M","M","M","M","R","?","E","T","R","?","E","?","M","R","BOSS"],"build_version":"2019-01-23","purchased_purges":0,"victory":false,"max_hp_per_floor":[68,68,68,68,68,68,68,68,68,68,68,68,68,68,68,68],"card_choices":[{"not_picked":["Exhume","Demon Form"],"picked":"Immolate","floor":0},{"not_picked":["Clash","Searing Blow"],"picked":"Pommel Strike","floor":1},{"not_picked":["Sword Boomerang","Body Slam"],"picked":"Pommel Strike","floor":2},{"not_picked":["Warcry","Feel No Pain"],"picked":"Shrug It Off","floor":3},{"not_picked":["Warcry","Disarm"],"picked":"True Grit","floor":4},{"not_picked":["Headbutt","Heavy Blade"],"picked":"Impervious","floor":5},{"not_picked":["Wild Strike","Warcry"],"picked":"Uppercut","floor":8},{"not_picked":["Anger","Armaments","Havoc"],"picked":"Berserk","floor":11},{"not_picked":["Flex","Clash","Blood for Blood"],"picked":"Flame Barrier","floor":12},{"not_picked":["Armaments","Rupture+1","Burning Pact"],"picked":"Shrug It Off","floor":14}],"player_experience":1096601,"relics_obtained":[{"floor":8,"key":"Ornamental Fan"},{"floor":9,"key":"Question Card"},{"floor":12,"key":"Frozen Egg 2"}],"event_choices":[{"damage_healed":0,"gold_gain":50,"player_choice":"Touch","damage_taken":6,"max_hp_gain":0,"max_hp_loss":0,"event_name":"FaceTrader","floor":7,"gold_loss":0},{"damage_healed":17,"gold_gain":0,"player_choice":"Healed","damage_taken":0,"max_hp_gain":0,"max_hp_loss":0,"event_name":"The Cleric","floor":13,"gold_loss":35}],"is_beta":false,"boss_relics":[],"items_purged_floors":[],"is_endless":false,"potions_floor_spawned":[4,8,11],"killed_by":"Slime Boss","ascension_level":19}