{"gold_per_floor":[114,133,150,150,75,75,75,95,118,159,183,197,240,240,240,360,360,375,232,253,266,166,166,179,214,238,256,274,274,249,267,267,393,393,409,742,752,229,241,241,269,269,296,307,59,76,76,76,76,76],"floor_reached":50,"playtime":2950,"items_purged":["Writhe","Spot Weakness","Strike_R","Normality"],"score":834,"play_id":"5fb1d9af-2bc8-4265-ab44-3243222370bf","local_time":"20190312194324","is_ascension_mode":true,"campfire_choices":[{"data":"Armaments","floor":6,"key":"SMITH"},{"data":"Demon Form","floor":15,"key":"SMITH"},{"data":"Master of Strategy","floor":23,"key":"SMITH"},{"data":"Uppercut","floor":29,"key":"SMITH"},{"data":"Flame Barrier","floor":32,"key":"SMITH"},{"data":"Heavy Blade","floor":40,"key":"SMITH"},{"floor":42,"key":"REST"},{"floor":49,"key":"REST"}],"neow_cost":"CURSE","seed_source_timestamp":2155762978108592,"circlet_count":0,"master_deck":["AscendersBane","Strike_R","Strike_R","Strike_R","Strike_R","Defend_R","Defend_R","Defend_R","Defend_R","Bash","Master of Strategy+1","Good Instincts","Armaments+1","Inflame","Cleave","Flame Barrier+1","Whirlwind","Reaper","Clothesline","Demon Form+1","Limit Break+1","Warcry+1","Flash of Steel","Shrug It Off+1","Infernal Blade+1","Flame Barrier+1","Uppercut+1","Seeing Red+1","Shrug It Off+1","Thunderclap","Demon Form","Heavy Blade+1","Reaper","Heavy Blade+1","Battle Trance+1","Limit Break+1"],"relics":["Burning Blood","CultistMask","Anchor","Ancient Tea Set","Toxic Egg 2","Velvet Choker","Ornamental Fan","Lantern","Cursed Key","Kunai","Gremlin Horn","Smiling Mask","DollysMirror"],"potions_floor_usage":[10,12,16,33,41],"damage_taken":[{"damage":11,"enemies":"Cultist","floor":1,"turns":4},{"damage":15,"enemies":"2 Louse","floor":2,"turns":4},{"damage":7,"enemies":"Jaw Worm","floor":3,"turns":3},{"damage":9,"enemies":"Red Slaver","floor":8,"turns":5},{"damage":28,"enemies":"Lagavulin","floor":10,"turns":7},{"damage":4,"enemies":"3 Louse","floor":11,"turns":3},{"damage":22,"enemies":"Large Slime","floor":12,"turns":6},{"damage":18,"enemies":"3 Sentries","floor":13,"turns":6},{"damage":23,"enemies":"The Guardian","floor":16,"turns":10},{"damage":28,"enemies":"Shell Parasite","floor":18,"turns":7},{"damage":0,"enemies":"3 Byrds","floor":20,"turns":4},{"damage":5,"enemies":"Snecko","floor":21,"turns":5},{"damage":0,"enemies":"3 Cultists","floor":24,"turns":3},{"damage":18,"enemies":"Gremlin Leader","floor":25,"turns":7},{"damage":18,"enemies":"Sentry and Sphere","floor":27,"turns":6},{"damage":8,"enemies":"Snecko","floor":28,"turns":6},{"damage":26,"enemies":"Shelled Parasite and Fungi","floor":31,"turns":6},{"damage":21,"enemies":"Champ","floor":33,"turns":9},{"damage":9,"enemies":"3 Shapes","floor":35,"turns":8},{"damage":20,"enemies":"3 Darklings","floor":37,"turns":6},{"damage":23,"enemies":"Spire Growth","floor":39,"turns":5},{"damage":33,"enemies":"Nemesis","floor":41,"turns":7},{"damage":39,"enemies":"4 Shapes","floor":44,"turns":10},{"damage":37,"enemies":"Jaw Worm Horde","floor":46,"turns":3},{"damage":70,"enemies":"Donu and Deca","floor":50,"turns":6}],"seed_played":"6048961584500941865","potions_obtained":[{"floor":2,"key":"Ancient Potion"},{"floor":8,"key":"SkillPotion"},{"floor":11,"key":"Regen Potion"},{"floor":13,"key":"LiquidBronze"},{"floor":20,"key":"Weak Potion"},{"floor":31,"key":"GamblersBrew"},{"floor":35,"key":"EssenceOfSteel"},{"floor":46,"key":"Ancient Potion"}],"is_trial":false,"path_per_floor":["M","M","M","?","$","R","?","M","T","E","M","M","E","?","R","B",null,"M","$","M","M","$","R","M","E","T","M","M","R","$","M","R","B",null,"M","?","M","$","M","R","E","R","T","M","$","M","?","?","R","B"],"character_chosen":"IRONCLAD","items_purchased":["Flash of Steel","Shrug It Off+1","Shrug It Off+1","Kunai","Reaper","DollysMirror"],"campfire_rested":2,"item_purchase_floors":[19,19,30,38,38,45],"current_hp_per_floor":[67,58,57,57,57,57,57,54,54,32,34,32,44,44,44,27,62,74,74,74,74,74,74,74,74,74,62,60,60,60,59,59,74,74,71,71,74,74,57,57,30,52,52,54,54,27,27,27,48,0],"gold":76,"neow_bonus":"RANDOM_COLORLESS_2","is_prod":false,"is_daily":false,"chose_seed":false,"campfire_upgraded":6,"win_rate":0,"timestamp":1552434204,"path_taken":["M","?","M","?","$","R","?","?","T","E","M","M","E","?","R","BOSS","M","$","M","M","?","R","M","E","T","M","?","R","$","M","R","BOSS","M","?","M","$","M","R","E","R","T","M","$","M","?","?","R","BOSS"],"build_version":"2019-01-23","purchased_purges":4,"victory":false,"max_hp_per_floor":[80,80,80,74,74,74,74,74,74,74,74,74,74,74,74,74,74,74,74,74,74,74,74,74,74,74,74,74,74,74,74,74,74,74,74,74,74,74,74,74,74,74,74,74,74,74,70,70,70,70],"card_choices":[{"not_picked":["Heavy Blade","Headbutt"],"picked":"Armaments","floor":1},{"not_picked":["Dropkick","Pommel Strike"],"picked":"Inflame","floor":2},{"not_picked":["Warcry","Feel No Pain"],"picked":"Cleave","floor":3},{"not_picked":["Havoc","Heavy Blade"],"picked":"Flame Barrier","floor":8},{"not_picked":["Perfected Strike","Clash"],"picked":"Whirlwind","floor":10},{"not_picked":["Cleave","Twin Strike"],"picked":"Spot Weakness","floor":11},{"not_picked":["Hemokinesis","True Grit"],"picked":"Reaper","floor":12},{"not_picked":["Cleave","Havoc"],"picked":"Clothesline","floor":13},{"not_picked":["Barricade","Juggernaut"],"picked":"Limit Break+1","floor":16},{"not_picked":["Clothesline","Iron Wave"],"picked":"Warcry+1","floor":18},{"not_picked":["Havoc+1","Wild Strike"],"picked":"Infernal Blade+1","floor":20},{"not_picked":["Shockwave+1","Clash"],"picked":"Flame Barrier+1","floor":21},{"not_picked":["Inflame","Warcry+1"],"picked":"Uppercut","floor":24},{"not_picked":["Shockwave+1","Brutality","Sword Boomerang"],"picked":"SKIP","floor":25},{"not_picked":["Anger","Inflame+1"],"picked":"Seeing Red+1","floor":27},{"not_picked":["Sever Soul","Iron Wave","Rampage+1"],"picked":"SKIP","floor":28},{"not_picked":["Dropkick","Flex+1"],"picked":"Thunderclap","floor":31},{"not_picked":["Dark Embrace","Bludgeon"],"picked":"Demon Form","floor":33},{"not_picked":["Fire Breathing","Pommel Strike+1"],"picked":"Heavy Blade","floor":35},{"not_picked":["Flex+1","Rupture+1","Second Wind+1"],"picked":"SKIP","floor":37},{"not_picked":["Iron Wave+1","Wild Strike+1"],"picked":"Heavy Blade+1","floor":39},{"not_picked":["Dropkick","Rage+1"],"picked":"Battle Trance+1","floor":41},{"not_picked":["Twin Strike+1","Perfected Strike+1","Thunderclap+1"],"picked":"SKIP","floor":44},{"not_picked":["Spot Weakness+1","Twin Strike+1","Clash+1"],"picked":"SKIP","floor":46}],"player_experience":359094,"relics_obtained":[{"floor":9,"key":"Anchor"},{"floor":10,"key":"Ancient Tea Set"},{"floor":13,"key":"Toxic Egg 2"},{"floor":25,"key":"Ornamental Fan"},{"floor":26,"key":"Lantern"},{"floor":41,"key":"Gremlin Horn"},{"floor":43,"key":"Smiling Mask"}],"event_choices":[{"damage_healed":0,"gold_gain":0,"player_choice":"Lose Max HP","damage_taken":0,"relics_obtained":["Golden Idol"],"max_hp_gain":0,"max_hp_loss":6,"event_name":"Golden Idol","floor":4,"gold_loss":0},{"damage_healed":0,"gold_gain":0,"player_choice":"Trade","damage_taken":0,"relics_obtained":["CultistMask"],"max_hp_gain":0,"max_hp_loss":0,"event_name":"FaceTrader","floor":7,"gold_loss":0},{"damage_healed":0,"gold_gain":0,"player_choice":"1 cards matched","damage_taken":0,"max_hp_gain":0,"max_hp_loss":0,"event_name":"Match and Keep!","floor":14,"gold_loss":0,"cards_obtained":["Demon Form"]},{"damage_healed":0,"gold_gain":333,"player_choice":"Gave Idol","damage_taken":0,"max_hp_gain":0,"max_hp_loss":0,"event_name":"The Moai Head","floor":36,"relics_lost":["Golden Idol"],"gold_loss":0},{"damage_healed":0,"gold_gain":0,"player_choice":"Max HP","damage_taken":0,"max_hp_gain":0,"max_hp_loss":4,"event_name":"Winding Halls","floor":47,"gold_loss":0},{"damage_healed":0,"gold_gain":0,"player_choice":"Ignored","damage_taken":0,"max_hp_gain":0,"max_hp_loss":0,"event_name":"Mysterious Sphere","floor":48,"gold_loss":0}],"is_beta":false,"boss_relics":[{"not_picked":["Empty Cage","Runic Cube"],"picked":"Velvet Choker"},{"not_picked":["Lizard Tail","Calling Bell"],"picked":"Cursed Key"}],"items_purged_floors":[5,22,38,45],"is_endless":false,"potions_floor_spawned":[2,8,11,13,20,24,25,28,31,35,46],"killed_by":"Donu and Deca","ascension_level":11}