{"gold_per_floor":[110,126,140,31,41,41,51,51,75,103,103,3,20,15,15,118,118,136,61,75,91,108,108,133,133,133,133,146,158,73,50,50,50],"floor_reached":33,"playtime":1547,"items_purged":["Strike_R","Strike_R"],"score":325,"play_id":"6a0fb915-406a-450e-8c2b-177a7fd1dfd1","local_time":"20190625020335","is_ascension_mode":true,"campfire_choices":[{"data":"Rampage","floor":6,"key":"SMITH"},{"data":"Uppercut","floor":15,"key":"SMITH"},{"floor":23,"key":"REST"},{"floor":27,"key":"REST"},{"data":"Double Tap","floor":32,"key":"SMITH"}],"neow_cost":"NONE","seed_source_timestamp":175650498503563,"circlet_count":0,"master_deck":["Defend_R","Defend_R","Defend_R","Defend_R","Bash","Rampage+1","Uppercut+1","Pommel Strike","Flame Barrier","Headbutt","Shockwave","Double Tap+1","Warcry","Iron Wave+1","Rage+1","Disarm","Warcry"],"relics":["Burning Blood","NeowsBlessing","Potion Belt","Omamori","Busted Crown","Regal Pillow","Bottled Flame","Pen Nib"],"potions_floor_usage":[5,14,16,18,21,33,33],"damage_taken":[{"damage":0,"enemies":"Small Slimes","floor":1,"turns":1},{"damage":0,"enemies":"2 Louse","floor":2,"turns":1},{"damage":0,"enemies":"Jaw Worm","floor":3,"turns":1},{"damage":16,"enemies":"Lots of Slimes","floor":5,"turns":4},{"damage":10,"enemies":"Red Slaver","floor":7,"turns":3},{"damage":6,"enemies":"Gremlin Nob","floor":10,"turns":3},{"damage":1,"enemies":"Looter","floor":13,"turns":4},{"damage":20,"enemies":"Exordium Thugs","floor":14,"turns":5},{"damage":33,"enemies":"Hexaghost","floor":16,"turns":9},{"damage":16,"enemies":"Spheric Guardian","floor":18,"turns":4},{"damage":16,"enemies":"3 Byrds","floor":20,"turns":5},{"damage":9,"enemies":"Snake Plant","floor":21,"turns":3},{"damage":31,"enemies":"Sentry and Sphere","floor":22,"turns":6},{"damage":30,"enemies":"Book of Stabbing","floor":24,"turns":7},{"damage":10,"enemies":"Centurion and Healer","floor":28,"turns":6},{"damage":0,"enemies":"Snecko","floor":29,"turns":5},{"damage":84,"enemies":"Collector","floor":33,"turns":8}],"seed_played":"1659474346744574005","potions_obtained":[{"floor":3,"key":"Dexterity Potion"},{"floor":7,"key":"LiquidBronze"},{"floor":10,"key":"PowerPotion"},{"floor":14,"key":"Poison Potion"},{"floor":20,"key":"FearPotion"},{"floor":21,"key":"FearPotion"},{"floor":28,"key":"GamblersBrew"}],"is_trial":false,"path_per_floor":["M","M","M","$","M","R","M","?","T","E","?","$","M","M","R","B",null,"M","?","M","M","M","R","E","?","T","R","M","M","?","$","R","B"],"character_chosen":"IRONCLAD","items_purchased":["Flame Barrier","Warcry"],"campfire_rested":2,"item_purchase_floors":[4,31],"current_hp_per_floor":[80,80,80,80,70,70,66,59,59,59,59,59,64,50,50,23,80,70,70,60,57,32,56,32,32,32,71,67,73,73,73,73,0],"gold":50,"neow_bonus":"THREE_ENEMY_KILL","is_prod":false,"is_daily":false,"chose_seed":false,"campfire_upgraded":3,"win_rate":0,"timestamp":1561453415,"path_taken":["M","M","M","$","M","R","M","?","T","E","?","?","M","?","R","BOSS","M","?","M","M","M","R","E","?","T","R","M","?","?","?","R","BOSS"],"build_version":"2019-01-23","purchased_purges":2,"victory":false,"max_hp_per_floor":[80,80,80,80,80,80,80,80,80,80,80,80,80,80,80,80,80,80,80,80,80,80,80,80,80,80,80,80,80,80,80,80,80],"card_choices":[{"not_picked":["Flex","Entrench"],"picked":"Rampage","floor":1},{"not_picked":["Clothesline","Wild Strike"],"picked":"Uppercut","floor":2},{"not_picked":["Twin Strike","Flex"],"picked":"Pommel Strike","floor":3},{"not_picked":["Flex","Reckless Charge","Carnage"],"picked":"SKIP","floor":5},{"not_picked":["Infernal Blade","True Grit","Blood for Blood"],"picked":"SKIP","floor":7},{"not_picked":["Rupture","Perfected Strike","Anger"],"picked":"SKIP","floor":10},{"not_picked":["Hemokinesis","Twin Strike"],"picked":"Headbutt","floor":13},{"not_picked":["Uppercut","Armaments"],"picked":"Shockwave","floor":14},{"not_picked":["Brutality","Feed"],"picked":"Double Tap","floor":16},{"not_picked":[],"picked":"Warcry","floor":18},{"not_picked":[],"picked":"Iron Wave+1","floor":20},{"not_picked":["Wild Strike+1"],"picked":"SKIP","floor":21},{"not_picked":[],"picked":"Rage+1","floor":22},{"not_picked":["Armaments"],"picked":"SKIP","floor":24},{"not_picked":["Spot Weakness"],"picked":"SKIP","floor":28},{"not_picked":["Body Slam"],"picked":"SKIP","floor":29}],"player_experience":492371,"relics_obtained":[{"floor":9,"key":"Potion Belt"},{"floor":10,"key":"Omamori"},{"floor":24,"key":"Regal Pillow"},{"floor":26,"key":"Bottled Flame"}],"event_choices":[{"cards_removed":["Strike_R"],"damage_healed":0,"gold_gain":0,"player_choice":"Card Removal","damage_taken":7,"max_hp_gain":0,"max_hp_loss":0,"event_name":"Golden Wing","floor":8,"gold_loss":0},{"damage_healed":0,"gold_gain":0,"player_choice":"Ignored","damage_taken":0,"max_hp_gain":0,"max_hp_loss":0,"event_name":"Golden Idol","floor":11,"gold_loss":0},{"cards_removed":["Strike_R"],"damage_healed":0,"gold_gain":0,"player_choice":"Gave Gold","damage_taken":0,"max_hp_gain":0,"max_hp_loss":0,"event_name":"Beggar","floor":19,"gold_loss":75},{"damage_healed":0,"gold_gain":0,"cards_transformed":["Strike_R"],"player_choice":"Transformed","damage_taken":0,"max_hp_gain":0,"max_hp_loss":0,"event_name":"Transmorgrifier","floor":25,"gold_loss":0,"cards_obtained":["Disarm"]},{"damage_healed":0,"gold_gain":0,"player_choice":"Obtained Relic","damage_taken":0,"relics_obtained":["Pen Nib"],"max_hp_gain":0,"max_hp_loss":0,"event_name":"Addict","floor":30,"gold_loss":85}],"is_beta":false,"boss_relics":[{"not_picked":["Fusion Hammer","Tiny House"],"picked":"Busted Crown"}],"items_purged_floors":[4,12],"is_endless":false,"potions_floor_spawned":[3,7,10,14,20,21,28],"killed_by":"Collector","ascension_level":4}