{"gold_per_floor":[109,109,109,124,135,135,470,470,470,470,485,517,527,546,546,546],"floor_reached":16,"playtime":519,"items_purged":[],"score":207,"play_id":"e3c2b3e1-db77-4c83-9fc8-fbcfc6d83d2f","local_time":"20190403190600","is_ascension_mode":true,"campfire_choices":[{"data":"Electrodynamics","floor":6,"key":"SMITH"},{"floor":8,"key":"REST"},{"floor":15,"key":"REST"}],"neow_cost":"CURSE","seed_source_timestamp":1214860560203753,"circlet_count":0,"master_deck":["AscendersBane","Strike_B","Strike_B","Strike_B","Strike_B","Defend_B","Defend_B","Defend_B","Defend_B","Zap","Dualcast","Electrodynamics+1","Conserve Battery","Genetic Algorithm","Echo Form","Sweeping Beam","Undo","Coolheaded"],"relics":["Cracked Core","Old Coin","Nunchaku","Juzu Bracelet"],"potions_floor_usage":[7,16],"damage_taken":[{"damage":14,"enemies":"Jaw Worm","floor":1,"turns":4},{"damage":1,"enemies":"2 Louse","floor":4,"turns":3},{"damage":4,"enemies":"Small Slimes","floor":5,"turns":4},{"damage":20,"enemies":"Lagavulin","floor":7,"turns":6},{"damage":8,"enemies":"Blue Slaver","floor":11,"turns":3},{"damage":3,"enemies":"3 Sentries","floor":12,"turns":2},{"damage":7,"enemies":"3 Louse","floor":13,"turns":3},{"damage":1,"enemies":"2 Fungi Beasts","floor":14,"turns":2},{"damage":42,"enemies":"Hexaghost","floor":16,"turns":16}],"seed_played":"6592709238828498799","potions_obtained":[{"floor":4,"key":"Strength Potion"},{"floor":11,"key":"GamblersBrew"}],"is_trial":false,"path_per_floor":["M","?","$","M","M","R","E","R","T","?","M","E","M","M","R","B"],"character_chosen":"DEFECT","items_purchased":[],"campfire_rested":2,"item_purchase_floors":[],"current_hp_per_floor":[50,43,43,42,38,38,18,38,38,38,30,27,20,19,39,0],"gold":546,"neow_bonus":"THREE_RARE_CARDS","is_prod":false,"is_daily":false,"chose_seed":false,"campfire_upgraded":1,"win_rate":0,"timestamp":1554332760,"path_taken":["M","?","$","M","M","R","E","R","T","?","M","E","M","M","R","BOSS"],"build_version":"2019-01-23","purchased_purges":0,"victory":false,"max_hp_per_floor":[71,68,68,68,68,68,68,68,68,68,68,68,68,68,68,68],"card_choices":[{"not_picked":["Reboot","Buffer"],"picked":"Electrodynamics","floor":0},{"not_picked":["Beam Cell","Hologram"],"picked":"Conserve Battery","floor":1},{"not_picked":["Redo","Steam"],"picked":"Genetic Algorithm","floor":4},{"not_picked":["Rebound","Hello World","Streamline"],"picked":"SKIP","floor":5},{"not_picked":["Storm","Scrape"],"picked":"Echo Form","floor":7},{"not_picked":["Skim","Steam"],"picked":"Sweeping Beam","floor":11},{"not_picked":["Rip and Tear","Cold Snap"],"picked":"Undo","floor":12},{"not_picked":["Storm","Sweeping Beam","Streamline"],"picked":"SKIP","floor":13},{"not_picked":["Barrage","Creative AI"],"picked":"Coolheaded","floor":14}],"player_experience":504569,"relics_obtained":[{"floor":7,"key":"Old Coin"},{"floor":9,"key":"Nunchaku"},{"floor":12,"key":"Juzu Bracelet"}],"event_choices":[{"cards_removed":["Parasite"],"damage_healed":0,"gold_gain":0,"player_choice":"Card Removal","damage_taken":7,"max_hp_gain":0,"max_hp_loss":0,"event_name":"Golden Wing","floor":2,"gold_loss":0},{"damage_healed":0,"gold_gain":0,"player_choice":"Ignored","damage_taken":0,"max_hp_gain":0,"max_hp_loss":0,"event_name":"Shining Light","floor":10,"gold_loss":0}],"is_beta":false,"boss_relics":[],"items_purged_floors":[],"is_endless":false,"potions_floor_spawned":[4,11],"killed_by":"Hexaghost","ascension_level":17}