{"gold_per_floor":[110,185,205,205,205,233,233,253,328,339,0,23,23,33,33,33],"floor_reached":16,"playtime":344,"items_purged":[],"score":219,"play_id":"872ef92d-33fa-47f5-bfb6-85e2cdf9c2fd","local_time":"20190503162036","is_ascension_mode":true,"campfire_choices":[{"data":"White Noise","floor":7,"key":"SMITH"},{"data":"Melter","floor":13,"key":"SMITH"},{"data":"Rip and Tear","floor":15,"key":"SMITH"}],"neow_cost":"NONE","seed_source_timestamp":591321832186203,"circlet_count":0,"master_deck":["AscendersBane","Strike_B+1","Strike_B","Strike_B","Strike_B","Defend_B+1","Defend_B","Defend_B","Defend_B","Zap","Dualcast","White Noise+1","Conserve Battery","Rip and Tear+1","Cold Snap","Hyperbeam","Melter+1"],"relics":["Cracked Core","NeowsBlessing","Dream Catcher","Singing Bowl","Toolbox","Odd Mushroom"],"potions_floor_usage":[14,16],"damage_taken":[{"damage":0,"enemies":"Jaw Worm","floor":1,"turns":1},{"damage":0,"enemies":"Small Slimes","floor":3,"turns":1},{"damage":0,"enemies":"Lagavulin","floor":6,"turns":1},{"damage":0,"enemies":"2 Louse","floor":8,"turns":2},{"damage":4,"enemies":"Blue Slaver","floor":10,"turns":4},{"damage":0,"enemies":"The Mushroom Lair","floor":12,"turns":1},{"damage":0,"enemies":"Red Slaver","floor":14,"turns":1},{"damage":58,"enemies":"Hexaghost","floor":16,"turns":9}],"seed_played":"5264046223710577304","potions_obtained":[{"floor":1,"key":"Fire Potion"},{"floor":10,"key":"SpeedPotion"},{"floor":14,"key":"LiquidBronze"}],"is_trial":false,"path_per_floor":["M","?","M","?","?","E","R","M","T","M","$","?","R","M","R","B"],"character_chosen":"DEFECT","items_purchased":["Toolbox","Hyperbeam"],"campfire_rested":0,"item_purchase_floors":[11,11],"current_hp_per_floor":[64,53,53,32,55,55,55,55,55,53,53,53,53,55,55,0],"gold":33,"neow_bonus":"THREE_ENEMY_KILL","is_prod":false,"is_daily":false,"chose_seed":false,"campfire_upgraded":3,"win_rate":0,"timestamp":1556925636,"path_taken":["M","?","M","?","?","E","R","?","T","M","$","?","R","M","R","BOSS"],"build_version":"2019-01-23","purchased_purges":0,"victory":false,"max_hp_per_floor":[71,71,71,71,71,71,71,71,71,73,73,73,73,75,75,75],"card_choices":[{"not_picked":["Redo","Compile Driver"],"picked":"White Noise","floor":1},{"not_picked":["Capacitor","Hologram"],"picked":"Conserve Battery","floor":3},{"not_picked":["Amplify","Stack"],"picked":"Rip and Tear","floor":6},{"not_picked":["Hologram","Chill"],"picked":"Cold Snap","floor":8},{"not_picked":["Darkness","Coolheaded","Redo"],"picked":"Singing Bowl","floor":10},{"not_picked":["Undo","Turbo"],"picked":"Melter","floor":12},{"not_picked":["Rebound","Melter","Stack"],"picked":"Singing Bowl","floor":14}],"player_experience":891503,"relics_obtained":[{"floor":6,"key":"Dream Catcher"},{"floor":9,"key":"Singing Bowl"},{"floor":12,"key":"Odd Mushroom"}],"event_choices":[{"damage_healed":0,"gold_gain":75,"player_choice":"Gather Gold","damage_taken":11,"max_hp_gain":0,"max_hp_loss":0,"event_name":"World of Goop","floor":2,"gold_loss":0},{"damage_healed":0,"gold_gain":0,"player_choice":"Entered Light","damage_taken":21,"max_hp_gain":0,"max_hp_loss":0,"event_name":"Shining Light","floor":4,"gold_loss":0,"cards_upgraded":["Defend_B","Strike_B"]},{"damage_healed":23,"gold_gain":0,"player_choice":"Banana","damage_taken":0,"max_hp_gain":0,"max_hp_loss":0,"event_name":"Big Fish","floor":5,"gold_loss":0},{"damage_healed":0,"gold_gain":0,"player_choice":"Fought Mushrooms","damage_taken":0,"max_hp_gain":0,"max_hp_loss":0,"event_name":"Mushrooms","floor":12,"gold_loss":0}],"is_beta":false,"boss_relics":[],"items_purged_floors":[],"is_endless":false,"potions_floor_spawned":[1,10,14],"killed_by":"Hexaghost","ascension_level":15}