{"gold_per_floor":[119,119,135,135,148,148,174,185,211,236,236,250,250,101,101,101],"floor_reached":16,"playtime":542,"items_purged":[],"score":187,"play_id":"9324c550-31e0-4cbf-ad76-995c176ac6d8","local_time":"20190429232819","is_ascension_mode":true,"campfire_choices":[{"data":"Offering","floor":6,"key":"SMITH"},{"data":"Whirlwind","floor":11,"key":"SMITH"},{"data":"Whirlwind","floor":13,"key":"SMITH"},{"floor":15,"key":"REST"}],"neow_cost":"CURSE","seed_source_timestamp":271186946482088,"circlet_count":0,"master_deck":["AscendersBane","Strike_R","Strike_R+1","Strike_R+1","Strike_R","Strike_R","Defend_R","Defend_R","Defend_R","Defend_R","Bash","Writhe","Offering+1","True Grit","Cleave","Battle Trance","Whirlwind+1","Whirlwind+1","True Grit"],"relics":["Burning Blood","Whetstone","FossilizedHelix","Paper Frog","Omamori","PreservedInsect","Bag of Preparation"],"potions_floor_usage":[7,7,16,16],"damage_taken":[{"damage":7,"enemies":"Cultist","floor":1,"turns":3},{"damage":7,"enemies":"Jaw Worm","floor":3,"turns":3},{"damage":0,"enemies":"Small Slimes","floor":5,"turns":3},{"damage":33,"enemies":"Lagavulin","floor":7,"turns":6},{"damage":4,"enemies":"Red Slaver","floor":8,"turns":3},{"damage":26,"enemies":"Gremlin Nob","floor":10,"turns":4},{"damage":16,"enemies":"Exordium Thugs","floor":12,"turns":3},{"damage":72,"enemies":"The Guardian","floor":16,"turns":16}],"seed_played":"-1355880057758849782","potions_obtained":[{"floor":3,"key":"Fire Potion"},{"floor":5,"key":"Regen Potion"},{"floor":8,"key":"Dexterity Potion"},{"floor":10,"key":"Regen Potion"}],"is_trial":false,"path_per_floor":["M","T","M","?","M","R","E","M","T","E","R","M","R","$","R","B"],"character_chosen":"IRONCLAD","items_purchased":["Bag of Preparation"],"campfire_rested":1,"item_purchase_floors":[14],"current_hp_per_floor":[67,67,66,54,60,60,48,50,50,30,30,20,20,20,42,0],"gold":101,"neow_bonus":"THREE_RARE_CARDS","is_prod":false,"is_daily":false,"chose_seed":false,"campfire_upgraded":3,"win_rate":0,"timestamp":1556605699,"path_taken":["M","?","M","?","M","R","E","M","T","E","R","M","R","$","R","BOSS"],"build_version":"2019-01-23","purchased_purges":0,"victory":false,"max_hp_per_floor":[75,75,75,75,75,75,75,75,75,75,75,75,75,75,75,75],"card_choices":[{"not_picked":["Dark Embrace","Impervious"],"picked":"Offering","floor":0},{"not_picked":["Uppercut","Body Slam"],"picked":"True Grit","floor":1},{"not_picked":["Rampage","Headbutt"],"picked":"Cleave","floor":3},{"not_picked":["True Grit","Warcry"],"picked":"Battle Trance","floor":5},{"not_picked":["Clothesline","Uppercut"],"picked":"Whirlwind","floor":7},{"not_picked":["Heavy Blade","Iron Wave","Rampage"],"picked":"SKIP","floor":8},{"not_picked":["Cleave","Infernal Blade"],"picked":"Whirlwind","floor":10},{"not_picked":["Perfected Strike","Heavy Blade"],"picked":"True Grit","floor":12}],"player_experience":843920,"relics_obtained":[{"floor":2,"key":"Whetstone"},{"floor":7,"key":"Paper Frog"},{"floor":9,"key":"Omamori"},{"floor":10,"key":"PreservedInsect"}],"event_choices":[{"damage_healed":0,"gold_gain":0,"player_choice":"Success","damage_taken":12,"relics_obtained":["FossilizedHelix"],"max_hp_gain":0,"max_hp_loss":0,"event_name":"Scrap Ooze","floor":4,"gold_loss":0}],"is_beta":false,"boss_relics":[],"items_purged_floors":[],"is_endless":false,"potions_floor_spawned":[3,5,8,10],"killed_by":"The Guardian","ascension_level":14}