{"gold_per_floor":[118,118,137,161,161,186,111,111,111,111,11,26,45,56,56,157,157,170,186,162,162,162,7,7,26,51,51,121,121,150,162,162,264,264,281,301,301,301,312,312,332,345,419,27,44,44,63,83,83,83,83,83,35,64,64],"floor_reached":56,"playtime":2589,"items_purged":["Strike_B","Strike_B","Streamline+1"],"score":1194,"play_id":"c8574ca3-b6ed-4987-b543-92fd56a7f9ce","local_time":"20190426155407","is_ascension_mode":false,"campfire_choices":[{"data":"Seek","floor":8,"key":"SMITH"},{"data":"Dualcast","floor":10,"key":"SMITH"},{"data":"Streamline","floor":15,"key":"SMITH"},{"data":"Defragment","floor":29,"key":"SMITH"},{"floor":32,"key":"REST"},{"floor":40,"key":"RECALL"},{"data":"Amplify","floor":46,"key":"SMITH"},{"floor":49,"key":"REST"},{"data":"Defragment","floor":52,"key":"SMITH"}],"neow_cost":"NONE","seed_source_timestamp":254796667333783,"circlet_count":0,"master_deck":["Strike_B+1","Defend_B","Defend_B","Zap+1","Dualcast+1","Melter+1","Seek+1","Ball Lightning+1","Glacier","Core Surge+1","Fission+1","Beam Cell+1","Capacitor+1","Sweeping Beam","Doom and Gloom","Conserve Battery","Defragment+1","Cold Snap","Core Surge","Go for the Eyes+1","Glacier+1","Loop+1","Defragment+1","Defragment","Amplify+1","Defragment+1","Stack+1","Cold Snap+1","Leap"],"relics":["Cracked Core","NeowsBlessing","DataDisk","Meat on the Bone","Singing Bowl","Astrolabe","Nilry\u0027s Codex","Whetstone","Bottled Flame","Ginger","Philosopher\u0027s Stone","Shuriken","Runic Capacitor","Kunai"],"potions_floor_usage":[13,30,33,33,41,55,55,55,55,55,55],"damage_taken":[{"damage":0,"enemies":"2 Louse","floor":1,"turns":1},{"damage":0,"enemies":"Jaw Worm","floor":3,"turns":1},{"damage":0,"enemies":"Lagavulin","floor":6,"turns":1},{"damage":0,"enemies":"Cultist","floor":12,"turns":2},{"damage":0,"enemies":"Large Slime","floor":13,"turns":2},{"damage":0,"enemies":"3 Louse","floor":14,"turns":2},{"damage":29,"enemies":"Hexaghost","floor":16,"turns":9},{"damage":0,"enemies":"Shell Parasite","floor":18,"turns":2},{"damage":0,"enemies":"Spheric Guardian","floor":19,"turns":1},{"damage":8,"enemies":"Centurion and Healer","floor":25,"turns":5},{"damage":10,"enemies":"Slavers","floor":30,"turns":4},{"damage":2,"enemies":"3 Cultists","floor":31,"turns":3},{"damage":41,"enemies":"Collector","floor":33,"turns":8},{"damage":11,"enemies":"Orb Walker","floor":35,"turns":2},{"damage":7,"enemies":"3 Shapes","floor":36,"turns":7},{"damage":7,"enemies":"3 Darklings","floor":39,"turns":5},{"damage":20,"enemies":"4 Shapes","floor":41,"turns":4},{"damage":2,"enemies":"Writhing Mass","floor":42,"turns":6},{"damage":6,"enemies":"Maw","floor":45,"turns":7},{"damage":9,"enemies":"Spire Growth","floor":47,"turns":4},{"damage":20,"enemies":"Writhing Mass","floor":48,"turns":6},{"damage":2,"enemies":"Donu and Deca","floor":50,"turns":10},{"damage":31,"enemies":"Shield and Spear","floor":54,"turns":10},{"damage":26,"enemies":"The Heart","floor":55,"turns":12}],"seed_played":"-2121839659919935979","potions_obtained":[{"floor":3,"key":"Fire Potion"},{"floor":12,"key":"EssenceOfSteel"},{"floor":30,"key":"Explosive Potion"},{"floor":31,"key":"Explosive Potion"},{"floor":35,"key":"Fire Potion"},{"floor":36,"key":"Dexterity Potion"},{"floor":47,"key":"EntropicBrew"},{"floor":54,"key":"SkillPotion"}],"is_trial":false,"path_per_floor":["M","?","M","T","?","E","$","R","T","R","$","M","M","M","R","B",null,"M","M","$","?","?","$","?","M","T","?","T","R","E","M","R","B",null,"M","M","?","?","M","R","M","M","T","$","M","R","M","M","R","B",null,"R","$","E","B",null],"character_chosen":"DEFECT","items_purchased":["Conserve Battery","Whetstone","Runic Capacitor","Amplify","Leap"],"campfire_rested":2,"item_purchase_floors":[20,23,44,44,53],"current_hp_per_floor":[75,75,75,75,60,60,60,60,60,60,60,60,60,60,60,43,75,75,75,75,75,59,59,45,51,51,51,51,51,53,53,78,49,84,73,66,68,68,61,61,53,51,51,51,45,45,48,40,65,63,86,86,86,57,43],"gold":64,"neow_bonus":"THREE_ENEMY_KILL","is_prod":false,"is_daily":false,"chose_seed":false,"campfire_upgraded":6,"win_rate":0,"timestamp":1556308447,"path_taken":["M","?","M","?","?","E","$","R","T","R","?","M","M","M","R","BOSS","M","M","$","?","?","$","?","M","T","?","?","R","E","M","R","BOSS","M","M","?","?","M","R","M","M","T","$","M","R","M","M","R","BOSS","R","$","E","BOSS"],"build_version":"2019-01-23","purchased_purges":3,"victory":true,"max_hp_per_floor":[75,75,75,75,75,75,75,75,75,75,75,75,75,75,75,75,75,75,75,75,75,75,75,80,82,82,82,82,82,82,84,84,84,84,84,84,86,86,86,86,86,86,86,86,86,86,86,86,86,86,86,86,86,88,88],"card_choices":[{"not_picked":["Ball Lightning","Compile Driver"],"picked":"Melter","floor":1},{"not_picked":["Compile Driver","Stack","Go for the Eyes"],"picked":"SKIP","floor":3},{"not_picked":["BootSequence","Self Repair"],"picked":"Seek","floor":6},{"not_picked":["Stack","Hologram"],"picked":"Streamline","floor":12},{"not_picked":["Leap","Turbo"],"picked":"Ball Lightning","floor":13},{"not_picked":["Beam Cell","Defragment"],"picked":"Glacier","floor":14},{"not_picked":["Meteor Strike","Reboot"],"picked":"Core Surge","floor":16},{"not_picked":["Compile Driver","Barrage"],"picked":"Sweeping Beam","floor":18},{"not_picked":["White Noise","Go for the Eyes"],"picked":"Doom and Gloom","floor":19},{"not_picked":["Sweeping Beam","Steam Power","Hello World"],"picked":"Singing Bowl","floor":25},{"not_picked":["Hello World+1","Capacitor"],"picked":"Cold Snap","floor":30},{"not_picked":["Hologram","Tempest","Aggregate"],"picked":"Singing Bowl","floor":31},{"not_picked":["Fission","Reboot"],"picked":"Core Surge","floor":33},{"not_picked":["Compile Driver","Double Energy"],"picked":"Go for the Eyes+1","floor":35},{"not_picked":["Go for the Eyes","FTL+1"],"picked":"Glacier+1","floor":36},{"not_picked":["Impatience","Blind","Mayhem"],"picked":"Singing Bowl","floor":37},{"not_picked":["Coolheaded","Redo+1"],"picked":"Loop+1","floor":39},{"not_picked":["Hologram+1","Melter+1"],"picked":"Defragment","floor":41},{"not_picked":["Rebound","Cold Snap+1"],"picked":"Defragment","floor":42},{"not_picked":["Capacitor","Reboot"],"picked":"Defragment+1","floor":45},{"not_picked":["Steam","Ball Lightning+1"],"picked":"Stack+1","floor":47},{"not_picked":["Steam","Compile Driver"],"picked":"Cold Snap+1","floor":48},{"not_picked":["Compile Driver","Sweeping Beam","Streamline+1"],"picked":"Singing Bowl","floor":54}],"player_experience":618711,"relics_obtained":[{"floor":4,"key":"DataDisk"},{"floor":6,"key":"Meat on the Bone"},{"floor":9,"key":"Singing Bowl"},{"floor":22,"key":"Nilry\u0027s Codex"},{"floor":28,"key":"Bottled Flame"},{"floor":30,"key":"Ginger"},{"floor":43,"key":"Shuriken"},{"floor":54,"key":"Kunai"}],"event_choices":[{"damage_healed":0,"gold_gain":0,"player_choice":"Grow","damage_taken":0,"max_hp_gain":0,"max_hp_loss":0,"event_name":"Living Wall","floor":2,"gold_loss":0,"cards_upgraded":["Zap"]},{"damage_healed":0,"gold_gain":0,"player_choice":"Entered Light","damage_taken":15,"max_hp_gain":0,"max_hp_loss":0,"event_name":"Shining Light","floor":5,"gold_loss":0,"cards_upgraded":["Melter","Strike_B"]},{"damage_healed":0,"gold_gain":0,"player_choice":"Ignored","damage_taken":0,"max_hp_gain":0,"max_hp_loss":0,"event_name":"Ghosts","floor":21,"gold_loss":0},{"damage_healed":0,"gold_gain":0,"player_choice":"Obtained Book","damage_taken":16,"max_hp_gain":0,"max_hp_loss":0,"event_name":"Cursed Tome","floor":22,"gold_loss":0},{"damage_healed":0,"gold_gain":0,"player_choice":"Shed Blood","damage_taken":19,"max_hp_gain":5,"max_hp_loss":0,"event_name":"Forgotten Altar","floor":24,"gold_loss":0},{"damage_healed":0,"gold_gain":0,"player_choice":"Read","damage_taken":0,"max_hp_gain":0,"max_hp_loss":0,"event_name":"The Library","floor":27,"gold_loss":0,"cards_obtained":["Defragment"]},{"damage_healed":0,"gold_gain":0,"player_choice":"Memory 1","damage_taken":0,"max_hp_gain":0,"max_hp_loss":0,"event_name":"SensoryStone","floor":37,"gold_loss":0},{"damage_healed":0,"gold_gain":0,"player_choice":"Ignored","damage_taken":0,"max_hp_gain":0,"max_hp_loss":0,"event_name":"Tomb of Lord Red Mask","floor":38,"gold_loss":0}],"is_beta":false,"boss_relics":[{"not_picked":["Black Star","White Beast Statue"],"picked":"Astrolabe"},{"not_picked":["Calling Bell","Tiny House"],"picked":"Philosopher\u0027s Stone"}],"items_purged_floors":[7,11,44],"is_endless":false,"potions_floor_spawned":[3,12,30,31,35,36,47,54],"ascension_level":0}