{"gold_per_floor":[366,366,144,159,159,192,206,206,275,293,54,71,71,89,89,165,165,165,165,18,0,0,0,0,0,0,0,0,0,0,0,0,0,0,0,0,0,0,0,0,0,0,0,0,0],"floor_reached":45,"playtime":1637,"items_purged":["Strike_R"],"score":743,"play_id":"34b08cf3-8f4f-4482-90d2-93255d56f512","local_time":"20181119222334","is_ascension_mode":true,"campfire_choices":[{"data":"Double Tap","floor":8,"key":"SMITH"},{"data":"Mayhem","floor":13,"key":"SMITH"},{"data":"Evolve","floor":15,"key":"SMITH"},{"floor":23,"key":"REST"},{"data":"Shrug It Off","floor":25,"key":"SMITH"},{"data":"Inflame","floor":29,"key":"SMITH"},{"data":"Offering","floor":32,"key":"SMITH"},{"data":"Limit Break","floor":40,"key":"SMITH"}],"neow_cost":"PERCENT_DAMAGE","seed_source_timestamp":16428522526401,"circlet_count":0,"master_deck":["AscendersBane","Defend_R","Defend_R","Defend_R","Defend_R","Bash","Shrug It Off+1","Whirlwind+1","Double Tap+1","Evolve+1","Iron Wave","Headbutt","Mayhem+1","Headbutt","Bludgeon","Bludgeon","Carnage","Inflame+1","Armaments+1","Offering+1","Limit Break+1","Spot Weakness","Battle Trance+1","Infernal Blade+1","Whirlwind+1","Parasite"],"relics":["Black Blood","Art of War","Singing Bowl","Ectoplasm","Anchor","Matryoshka","Bag of Marbles","PreservedInsect","Boot","Smiling Mask"],"potions_floor_usage":[16,16,27,27,30,44],"damage_taken":[{"damage":3,"enemies":"Small Slimes","floor":1,"turns":5},{"damage":1,"enemies":"Cultist","floor":4,"turns":3},{"damage":22,"enemies":"Lagavulin","floor":6,"turns":7},{"damage":10,"enemies":"Jaw Worm","floor":7,"turns":4},{"damage":9,"enemies":"Large Slime","floor":10,"turns":5},{"damage":17,"enemies":"Lots of Slimes","floor":12,"turns":2},{"damage":3,"enemies":"Looter","floor":14,"turns":4},{"damage":62,"enemies":"Hexaghost","floor":16,"turns":13},{"damage":14,"enemies":"Shell Parasite","floor":18,"turns":3},{"damage":9,"enemies":"2 Thieves","floor":21,"turns":4},{"damage":27,"enemies":"Gremlin Leader","floor":27,"turns":5},{"damage":0,"enemies":"Snake Plant","floor":28,"turns":1},{"damage":2,"enemies":"Cultist and Chosen","floor":30,"turns":4},{"damage":76,"enemies":"Automaton","floor":33,"turns":8},{"damage":6,"enemies":"3 Darklings","floor":35,"turns":2},{"damage":10,"enemies":"Orb Walker","floor":37,"turns":3},{"damage":7,"enemies":"Jaw Worm Horde","floor":38,"turns":2},{"damage":44,"enemies":"Sphere and 2 Shapes","floor":41,"turns":4},{"damage":22,"enemies":"4 Shapes","floor":42,"turns":7},{"damage":20,"enemies":"Writhing Mass","floor":44,"turns":4},{"damage":26,"enemies":"Spire Growth","floor":45,"turns":2}],"seed_played":"4843323094422887578","potions_obtained":[{"floor":6,"key":"Strength Potion"},{"floor":7,"key":"Ancient Potion"},{"floor":14,"key":"Regen Potion"},{"floor":16,"key":"Regen Potion"},{"floor":21,"key":"Strength Potion"},{"floor":27,"key":"Energy Potion"},{"floor":35,"key":"Poison Potion"},{"floor":42,"key":"Explosive Potion"}],"is_trial":false,"path_per_floor":["M","?","$","M","?","E","M","R","T","M","$","M","R","M","R","B",null,"M","?","$","M","?","R","?","R","T","E","M","R","M","?","R","B",null,"M","?","M","M","?","R","M","M","T","M","M"],"character_chosen":"IRONCLAD","items_purchased":["Whirlwind","Double Tap","Mayhem","Anchor"],"campfire_rested":1,"item_purchase_floors":[3,3,11,20],"current_hp_per_floor":[53,75,75,75,75,59,55,55,55,54,54,45,45,48,48,7,61,55,55,55,52,37,62,62,62,62,55,61,61,67,88,88,18,71,75,75,75,78,78,78,46,34,34,26,0],"gold":0,"neow_bonus":"TWO_FIFTY_GOLD","is_prod":false,"is_daily":false,"chose_seed":false,"campfire_upgraded":7,"win_rate":0,"timestamp":1542695014,"path_taken":["M","?","$","M","?","E","M","R","T","M","$","?","R","M","R","BOSS","M","?","$","M","?","R","?","R","T","E","M","R","?","?","R","BOSS","M","?","M","?","?","R","M","M","T","M","M"],"build_version":"2018-11-15","purchased_purges":1,"victory":false,"max_hp_per_floor":[75,75,75,75,75,75,75,75,75,77,77,79,79,79,79,79,79,81,81,81,81,86,86,86,86,86,86,86,86,88,88,88,88,88,88,88,88,88,88,88,90,90,90,92,92],"card_choices":[{"not_picked":["Perfected Strike","Iron Wave"],"picked":"Shrug It Off","floor":1},{"not_picked":["Dropkick","Heavy Blade"],"picked":"Evolve","floor":4},{"not_picked":["True Grit","Twin Strike"],"picked":"Iron Wave","floor":6},{"not_picked":["Heavy Blade","Armaments"],"picked":"Headbutt","floor":7},{"not_picked":["Warcry","Havoc","Entrench"],"picked":"Singing Bowl","floor":10},{"not_picked":["Clash","Intimidate","Cleave"],"picked":"Singing Bowl","floor":12},{"not_picked":["Battle Trance","Perfected Strike"],"picked":"Headbutt","floor":14},{"not_picked":["Brutality","Berserk"],"picked":"Bludgeon","floor":16},{"not_picked":["Cleave","Feel No Pain","Thunderclap+1"],"picked":"Singing Bowl","floor":18},{"not_picked":["Headbutt","Twin Strike"],"picked":"Inflame","floor":21},{"not_picked":["Pommel Strike","Fire Breathing"],"picked":"Armaments+1","floor":27},{"not_picked":["Havoc","Dual Wield"],"picked":"Offering","floor":28},{"not_picked":["Anger+1","Dropkick","Seeing Red"],"picked":"Singing Bowl","floor":30},{"not_picked":["Dark Embrace","Feed"],"picked":"Limit Break","floor":33},{"not_picked":["Pommel Strike","Twin Strike"],"picked":"Spot Weakness","floor":35},{"not_picked":["True Grit","Heavy Blade+1"],"picked":"Battle Trance+1","floor":37},{"not_picked":["Reckless Charge","Sword Boomerang+1"],"picked":"Infernal Blade+1","floor":38},{"not_picked":["Havoc","Rage+1","Flex"],"picked":"Singing Bowl","floor":41},{"not_picked":["Anger","Clothesline"],"picked":"Whirlwind+1","floor":42},{"not_picked":["Thunderclap","Cleave","Clothesline"],"picked":"Singing Bowl","floor":44}],"player_experience":793606,"relics_obtained":[{"floor":6,"key":"Art of War"},{"floor":9,"key":"Singing Bowl"},{"floor":26,"key":"Matryoshka"},{"floor":27,"key":"Bag of Marbles"},{"floor":43,"key":"Boot"},{"floor":43,"key":"Smiling Mask"}],"event_choices":[{"damage_healed":25,"gold_gain":0,"player_choice":"Banana","damage_taken":0,"max_hp_gain":0,"max_hp_loss":0,"event_name":"Big Fish","floor":2,"gold_loss":0},{"damage_healed":0,"gold_gain":0,"player_choice":"Forge","damage_taken":0,"max_hp_gain":0,"max_hp_loss":0,"event_name":"Accursed Blacksmith","floor":5,"gold_loss":0,"cards_upgraded":["Whirlwind"]},{"damage_healed":0,"gold_gain":0,"cards_transformed":["Strike_R","Strike_R"],"player_choice":"Became Test Subject","damage_taken":0,"max_hp_gain":0,"max_hp_loss":0,"event_name":"Drug Dealer","floor":19,"gold_loss":0,"cards_obtained":["Bludgeon","Carnage"]},{"damage_healed":0,"gold_gain":0,"player_choice":"Shed Blood","damage_taken":20,"max_hp_gain":5,"max_hp_loss":0,"event_name":"Forgotten Altar","floor":22,"gold_loss":0},{"cards_removed":["Strike_R"],"damage_healed":0,"gold_gain":0,"player_choice":"Purged","damage_taken":0,"max_hp_gain":0,"max_hp_loss":0,"event_name":"Purifier","floor":24,"gold_loss":0},{"damage_healed":29,"gold_gain":0,"player_choice":"Heal","damage_taken":0,"max_hp_gain":0,"max_hp_loss":0,"event_name":"The Library","floor":31,"gold_loss":0},{"damage_healed":0,"gold_gain":0,"player_choice":"Gave Potion","damage_taken":0,"relics_obtained":["PreservedInsect"],"max_hp_gain":0,"max_hp_loss":0,"event_name":"WeMeetAgain","floor":36,"gold_loss":0},{"cards_removed":["Strike_R"],"damage_healed":0,"gold_gain":0,"player_choice":"Offered Basic","damage_taken":0,"max_hp_gain":0,"max_hp_loss":0,"event_name":"Bonfire Elementals","floor":39,"gold_loss":0}],"is_beta":false,"boss_relics":[{"not_picked":["Runic Pyramid","Orrery"],"picked":"Ectoplasm"},{"not_picked":["White Beast Statue","Black Star"],"picked":"Black Blood"}],"items_purged_floors":[11],"is_endless":false,"potions_floor_spawned":[6,7,10,14,16,21,27,35,42],"killed_by":"Spire Growth","ascension_level":14}