{"gold_per_floor":[116,116,139,159,74,109,132,132,185,206,227,227,252,252,252,380,380,396,382,186,211,211,211,41,65,65,65,65],"floor_reached":28,"playtime":2423,"items_purged":["Injury"],"score":222,"play_id":"a919a9c5-1adb-4afa-97b7-25cfabc1eae5","local_time":"20190127155358","is_ascension_mode":false,"campfire_choices":[{"floor":8,"key":"REST"},{"floor":12,"key":"REST"},{"data":"Deadly Poison","floor":15,"key":"SMITH"},{"floor":23,"key":"REST"}],"neow_cost":"NONE","seed_source_timestamp":794507777982072,"circlet_count":0,"master_deck":["Defend_G","Defend_G","Defend_G","Defend_G","Defend_G","Strike_G","Strike_G","Strike_G","Strike_G","Strike_G","Survivor","Neutralize","Poisoned Stab","Dagger Spray","Backstab","Footwork","Mind Blast","Deadly Poison+1","All Out Attack","Dagger Throw","Backflip","Noxious Fumes","After Image","Poisoned Stab","Backflip","Infinite Blades","Slice","Blur","Panache","All Out Attack+1"],"relics":["Ring of the Snake","Golden Idol","Pear","Ancient Tea Set","Philosopher\u0027s Stone","Girya"],"potions_floor_usage":[16,16,19,25,25,28],"damage_taken":[{"damage":1,"enemies":"2 Louse","floor":1,"turns":3},{"damage":3,"enemies":"Jaw Worm","floor":3,"turns":4},{"damage":5,"enemies":"Small Slimes","floor":4,"turns":3},{"damage":44,"enemies":"Gremlin Nob","floor":6,"turns":6},{"damage":0,"enemies":"Looter","floor":7,"turns":4},{"damage":15,"enemies":"Exordium Thugs","floor":10,"turns":3},{"damage":19,"enemies":"Large Slime","floor":11,"turns":5},{"damage":0,"enemies":"3 Louse","floor":13,"turns":2},{"damage":31,"enemies":"Slime Boss","floor":16,"turns":9},{"damage":2,"enemies":"Chosen","floor":18,"turns":5},{"damage":25,"enemies":"2 Thieves","floor":19,"turns":4},{"damage":33,"enemies":"Snake Plant","floor":21,"turns":5},{"damage":29,"enemies":"Centurion and Healer","floor":25,"turns":6},{"damage":13,"enemies":"Cultist and Chosen","floor":28,"turns":4}],"seed_played":"584475328273462688","potions_obtained":[{"floor":1,"key":"Poison Potion"},{"floor":4,"key":"Explosive Potion"},{"floor":11,"key":"Poison Potion"},{"floor":16,"key":"Ancient Potion"},{"floor":21,"key":"LiquidBronze"},{"floor":25,"key":"EssenceOfSteel"}],"is_trial":false,"path_per_floor":["M","?","M","M","$","E","M","R","T","M","M","R","M","?","R","B",null,"M","M","$","M","?","R","$","M","T","?","M"],"character_chosen":"THE_SILENT","items_purchased":["Mind Blast","Infinite Blades","Slice","Panache"],"campfire_rested":3,"item_purchase_floors":[5,20,20,24],"current_hp_per_floor":[69,69,66,61,61,27,27,51,51,36,17,41,41,41,41,10,80,78,53,53,20,20,44,44,15,15,6,0],"gold":65,"neow_bonus":"THREE_CARDS","is_prod":false,"is_daily":false,"chose_seed":false,"campfire_upgraded":1,"win_rate":0.0,"timestamp":1548622438,"path_taken":["M","?","M","M","?","E","M","R","T","M","M","R","?","?","R","BOSS","M","M","$","M","?","R","?","M","T","?","M"],"build_version":"2019-01-23","purchased_purges":1,"victory":false,"max_hp_per_floor":[70,70,70,70,70,80,80,80,80,80,80,80,80,80,80,80,80,80,80,80,80,80,80,80,80,80,80,80],"card_choices":[{"not_picked":["Calculated Gamble","Acrobatics"],"picked":"Poisoned Stab","floor":0},{"not_picked":["Endless Agony","Blur"],"picked":"Dagger Spray","floor":1},{"not_picked":["Expertise","Dodge and Roll"],"picked":"Backstab","floor":3},{"not_picked":["Sucker Punch","PiercingWail"],"picked":"Footwork","floor":4},{"not_picked":["Underhanded Strike","Die Die Die"],"picked":"Deadly Poison","floor":6},{"not_picked":["Deadly Poison","Underhanded Strike"],"picked":"All Out Attack","floor":7},{"not_picked":["Well Laid Plans","All Out Attack"],"picked":"Dagger Throw","floor":10},{"not_picked":["Skewer","Choke"],"picked":"Backflip","floor":11},{"not_picked":["Backflip","Prepared"],"picked":"Noxious Fumes","floor":13},{"not_picked":["A Thousand Cuts","Wraith Form v2"],"picked":"After Image","floor":16},{"not_picked":["Underhanded Strike","Outmaneuver"],"picked":"Poisoned Stab","floor":18},{"not_picked":["Calculated Gamble","Outmaneuver"],"picked":"Backflip","floor":19},{"not_picked":["Flying Knee","Outmaneuver"],"picked":"Blur","floor":21},{"not_picked":["Predator","Outmaneuver+1"],"picked":"All Out Attack+1","floor":25}],"player_experience":15987,"relics_obtained":[{"floor":6,"key":"Pear"},{"floor":9,"key":"Ancient Tea Set"},{"floor":26,"key":"Girya"}],"event_choices":[{"damage_healed":0,"gold_gain":0,"player_choice":"Take Wound","damage_taken":0,"relics_obtained":["Golden Idol"],"max_hp_gain":0,"max_hp_loss":0,"event_name":"Golden Idol","floor":2,"gold_loss":0,"cards_obtained":["Injury"]},{"damage_healed":0,"gold_gain":0,"player_choice":"Ignored","damage_taken":0,"max_hp_gain":0,"max_hp_loss":0,"event_name":"Liars Game","floor":14,"gold_loss":0},{"damage_healed":0,"gold_gain":0,"player_choice":"Ignored","damage_taken":0,"max_hp_gain":0,"max_hp_loss":0,"event_name":"NoteForYourself","floor":22,"gold_loss":0},{"damage_healed":0,"gold_gain":0,"player_choice":"Stopped","damage_taken":9,"max_hp_gain":0,"max_hp_loss":0,"event_name":"Cursed Tome","floor":27,"gold_loss":0}],"is_beta":false,"boss_relics":[{"not_picked":["Busted Crown","Coffee Dripper"],"picked":"Philosopher\u0027s Stone"}],"items_purged_floors":[20],"is_endless":false,"potions_floor_spawned":[1,4,11,13,16,21,25],"killed_by":"Cultist and Chosen","ascension_level":0}