{"gold_per_floor":[117,67,77,77,91,91,104,104,127,17,53,68,68,111,111,207,207,230,230,244,95,115,115,130,130,130,171,171,192,206,229,229,229],"floor_reached":33,"playtime":1539,"items_purged":["Defend_R","Defend_R"],"score":499,"play_id":"64ef31f9-a7cb-40a8-b864-bf78a736bee8","local_time":"20190428122345","is_ascension_mode":true,"campfire_choices":[{"data":"Metallicize","floor":6,"key":"SMITH"},{"floor":8,"key":"REST"},{"floor":13,"key":"REST"},{"floor":15,"key":"REST"},{"floor":23,"key":"REST"},{"data":"Immolate","floor":25,"key":"SMITH"},{"data":"Limit Break","floor":32,"key":"SMITH"}],"neow_cost":"NONE","seed_source_timestamp":143913802076526,"circlet_count":0,"master_deck":["AscendersBane","Strike_R","Strike_R","Strike_R","Strike_R","Defend_R","Defend_R","Bash","Shrug It Off","Inflame","Shrug It Off","Metallicize+1","Clothesline","Flame Barrier+1","Shrug It Off","Shrug It Off","Immolate+1","Necronomicurse","Clothesline","Blood for Blood","Shockwave","Flame Barrier","Limit Break+1","Whirlwind"],"relics":["Burning Blood","Golden Idol","Art of War","Boot","Centennial Puzzle","Velvet Choker","Necronomicon","Gremlin Horn","Lantern"],"potions_floor_usage":[7,11,14,16,27,27,33,33],"damage_taken":[{"damage":10,"enemies":"Cultist","floor":1,"turns":4},{"damage":0,"enemies":"2 Louse","floor":3,"turns":4},{"damage":9,"enemies":"Jaw Worm","floor":5,"turns":7},{"damage":28,"enemies":"Gremlin Gang","floor":7,"turns":8},{"damage":18,"enemies":"3 Sentries","floor":11,"turns":11},{"damage":14,"enemies":"Exordium Wildlife","floor":12,"turns":5},{"damage":46,"enemies":"Gremlin Nob","floor":14,"turns":7},{"damage":26,"enemies":"The Guardian","floor":16,"turns":19},{"damage":9,"enemies":"Spheric Guardian","floor":18,"turns":4},{"damage":8,"enemies":"Chosen","floor":20,"turns":5},{"damage":10,"enemies":"Snecko","floor":22,"turns":4},{"damage":21,"enemies":"Shelled Parasite and Fungi","floor":24,"turns":6},{"damage":21,"enemies":"Slavers","floor":27,"turns":2},{"damage":1,"enemies":"3 Cultists","floor":29,"turns":4},{"damage":2,"enemies":"Centurion and Healer","floor":30,"turns":2},{"damage":0,"enemies":"Snecko","floor":31,"turns":4},{"damage":52,"enemies":"Collector","floor":33,"turns":6}],"seed_played":"-5988912393626983729","potions_obtained":[{"floor":1,"key":"SpeedPotion"},{"floor":5,"key":"SkillPotion"},{"floor":7,"key":"SkillPotion"},{"floor":11,"key":"LiquidBronze"},{"floor":24,"key":"Regen Potion"},{"floor":30,"key":"Block Potion"},{"floor":31,"key":"Weak Potion"}],"is_trial":false,"path_per_floor":["M","?","M","?","M","R","M","R","T","$","E","M","R","E","R","B",null,"M","?","M","$","M","R","M","R","T","E","?","M","M","M","R","B"],"character_chosen":"IRONCLAD","items_purchased":["Flame Barrier","Fire Potion"],"campfire_rested":4,"item_purchase_floors":[10,21],"current_hp_per_floor":[64,64,70,52,49,49,27,49,49,49,37,29,51,11,33,13,60,57,41,39,39,35,57,42,42,42,32,32,37,41,47,47,0],"gold":229,"neow_bonus":"THREE_CARDS","is_prod":false,"is_daily":false,"chose_seed":false,"campfire_upgraded":3,"win_rate":0,"timestamp":1556479425,"path_taken":["M","?","M","?","M","R","?","R","T","$","E","?","R","E","R","BOSS","M","?","M","$","M","R","M","R","T","E","?","?","M","M","R","BOSS"],"build_version":"2019-01-23","purchased_purges":2,"victory":false,"max_hp_per_floor":[75,75,75,75,75,75,75,75,75,75,75,75,75,75,75,75,75,75,75,75,75,75,75,75,75,75,75,75,75,75,75,75,75],"card_choices":[{"not_picked":["Thunderclap","True Grit"],"picked":"Shrug It Off","floor":0},{"not_picked":["Heavy Blade","Infernal Blade"],"picked":"Inflame","floor":1},{"not_picked":["Havoc","Heavy Blade"],"picked":"Shrug It Off","floor":3},{"not_picked":["Pommel Strike","Iron Wave"],"picked":"Metallicize","floor":5},{"not_picked":["Hemokinesis","Heavy Blade"],"picked":"Clothesline","floor":7},{"not_picked":["Shockwave","Sentinel","Flex"],"picked":"SKIP","floor":11},{"not_picked":["Fire Breathing","Feel No Pain"],"picked":"Shrug It Off","floor":12},{"not_picked":["Warcry","Juggernaut"],"picked":"Shrug It Off","floor":14},{"not_picked":["Berserk","Impervious"],"picked":"Immolate","floor":16},{"not_picked":["Warcry","Flex","Iron Wave"],"picked":"SKIP","floor":18},{"not_picked":["Twin Strike+1","Pommel Strike"],"picked":"Clothesline","floor":20},{"not_picked":["Wild Strike","Infernal Blade"],"picked":"Blood for Blood","floor":22},{"not_picked":["Wild Strike","Headbutt"],"picked":"Shockwave","floor":24},{"not_picked":["Seeing Red","Pommel Strike","Shrug It Off"],"picked":"SKIP","floor":27},{"not_picked":["Perfected Strike","True Grit"],"picked":"Flame Barrier","floor":29},{"not_picked":["Blood for Blood","Rage"],"picked":"Limit Break","floor":30},{"not_picked":["Anger","Burning Pact+1"],"picked":"Whirlwind","floor":31}],"player_experience":836905,"relics_obtained":[{"floor":9,"key":"Art of War"},{"floor":11,"key":"Boot"},{"floor":14,"key":"Centennial Puzzle"},{"floor":19,"key":"Necronomicon"},{"floor":26,"key":"Gremlin Horn"},{"floor":27,"key":"Lantern"}],"event_choices":[{"cards_removed":["Strike_R"],"damage_healed":0,"gold_gain":0,"player_choice":"Card Removal","damage_taken":0,"max_hp_gain":0,"max_hp_loss":0,"event_name":"The Cleric","floor":2,"gold_loss":50},{"damage_healed":0,"gold_gain":0,"player_choice":"Take Damage","damage_taken":18,"relics_obtained":["Golden Idol"],"max_hp_gain":0,"max_hp_loss":0,"event_name":"Golden Idol","floor":4,"gold_loss":0},{"damage_healed":0,"gold_gain":0,"player_choice":"Obtained Book","damage_taken":16,"max_hp_gain":0,"max_hp_loss":0,"event_name":"Cursed Tome","floor":19,"gold_loss":0},{"damage_healed":0,"gold_gain":0,"player_choice":"Upgraded","damage_taken":0,"max_hp_gain":0,"max_hp_loss":0,"event_name":"Upgrade Shrine","floor":28,"gold_loss":0,"cards_upgraded":["Flame Barrier"]}],"is_beta":false,"boss_relics":[{"not_picked":["Astrolabe","Empty Cage"],"picked":"Velvet Choker"}],"items_purged_floors":[10,21],"is_endless":false,"potions_floor_spawned":[1,5,7,11,24,30,31],"killed_by":"Collector","ascension_level":14}