{"gold_per_floor":[116,291,303,315,331,362,372,407,454,454,472,472,485,3,3,103,103,88,88,113,125,125,125,142,142,165,19,19,119,119,138,138,240,240,253,253,253,265,12,12,12,12,91,91,91,1,19,29,29,29],"floor_reached":50,"playtime":3644,"items_purged":["Doubt","Writhe"],"score":475,"play_id":"1a97b073-7d4e-4aa2-ac1c-c0953d4c66b3","local_time":"20190131173916","is_ascension_mode":false,"campfire_choices":[{"data":"Shrug It Off","floor":10,"key":"SMITH"},{"data":"Infernal Blade","floor":12,"key":"SMITH"},{"data":"Sword Boomerang","floor":15,"key":"SMITH"},{"data":"Armaments","floor":23,"key":"SMITH"},{"data":"Double Tap","floor":32,"key":"SMITH"},{"data":"Spot Weakness","floor":41,"key":"SMITH"},{"data":"Flame Barrier","floor":45,"key":"SMITH"},{"data":"Carnage","floor":49,"key":"SMITH"}],"neow_cost":"NONE","seed_source_timestamp":29131900596934,"circlet_count":0,"master_deck":["Defend_R","Defend_R","Defend_R","Feed","Pommel Strike","Shrug It Off+1","Pommel Strike","Sword Boomerang+1","Shrug It Off","Double Tap+1","Armaments+1","RitualDagger","Flame Barrier+1","Carnage+1","Bite","Bite","Bite+1","Bite","Bite","Shrug It Off","Spot Weakness+1","Reaper","Inflame+1","Flame Barrier+1","Clothesline+1"],"relics":["Burning Blood","Orichalcum","Juzu Bracelet","Red Skull","Pantograph","Art of War","Coffee Dripper","Strawberry","Pear","Ancient Tea Set","Nunchaku","Paper Frog","Empty Cage","Bottled Tornado","Question Card"],"potions_floor_usage":[6,8,16,31,33,33,50,50],"damage_taken":[{"damage":6,"enemies":"2 Louse","floor":1,"turns":3},{"damage":1,"enemies":"Jaw Worm","floor":3,"turns":5},{"damage":7,"enemies":"Small Slimes","floor":4,"turns":4},{"damage":5,"enemies":"2 Fungi Beasts","floor":5,"turns":4},{"damage":6,"enemies":"Gremlin Nob","floor":6,"turns":3},{"damage":7,"enemies":"Looter","floor":7,"turns":3},{"damage":57,"enemies":"Lagavulin","floor":8,"turns":10},{"damage":0,"enemies":"Large Slime","floor":11,"turns":5},{"damage":7,"enemies":"Red Slaver","floor":13,"turns":2},{"damage":42,"enemies":"Hexaghost","floor":16,"turns":9},{"damage":5,"enemies":"2 Thieves","floor":18,"turns":4},{"damage":6,"enemies":"Shell Parasite","floor":21,"turns":5},{"damage":6,"enemies":"Snecko","floor":24,"turns":4},{"damage":14,"enemies":"Colosseum Slavers","floor":29,"turns":6},{"damage":33,"enemies":"Colosseum Nobs","floor":29,"turns":5},{"damage":35,"enemies":"3 Cultists","floor":31,"turns":8},{"damage":103,"enemies":"Automaton","floor":33,"turns":11},{"damage":5,"enemies":"Orb Walker","floor":35,"turns":2},{"damage":14,"enemies":"3 Shapes","floor":38,"turns":5},{"damage":14,"enemies":"Sphere and 2 Shapes","floor":47,"turns":4},{"damage":15,"enemies":"Jaw Worm Horde","floor":48,"turns":5},{"damage":143,"enemies":"Donu and Deca","floor":50,"turns":10}],"seed_played":"-7753908704537971798","potions_obtained":[{"floor":3,"key":"Strength Potion"},{"floor":4,"key":"Poison Potion"},{"floor":5,"key":"BloodPotion"},{"floor":7,"key":"LiquidBronze"},{"floor":16,"key":"GamblersBrew"},{"floor":21,"key":"SpeedPotion"},{"floor":31,"key":"LiquidBronze"},{"floor":35,"key":"Fire Potion"}],"is_trial":false,"path_per_floor":["M","?","M","M","M","E","M","E","T","R","M","R","M","$","R","B",null,"M","?","T","M","?","R","M","?","T","$","?","?","$","M","R","B",null,"M","?","?","M","$","?","R","$","T","$","R","?","M","M","R","B"],"character_chosen":"IRONCLAD","items_purchased":["Pantograph","Art of War","Shrug It Off","Bottled Tornado"],"campfire_rested":0,"item_purchase_floors":[14,14,27,39],"current_hp_per_floor":[88,88,88,90,94,94,96,45,45,45,54,54,53,53,53,42,100,100,94,101,104,114,114,114,84,84,84,84,67,67,63,63,24,90,90,90,90,90,90,90,90,90,90,90,90,90,87,93,93,0],"gold":29,"neow_bonus":"TEN_PERCENT_HP_BONUS","is_prod":false,"is_daily":false,"chose_seed":false,"campfire_upgraded":8,"win_rate":0.0,"timestamp":1548974356,"path_taken":["M","?","M","M","M","E","M","E","T","R","M","R","M","$","R","BOSS","M","?","?","M","?","R","M","?","T","$","?","?","?","M","R","BOSS","M","?","?","M","$","?","R","$","T","$","R","?","M","M","R","BOSS"],"build_version":"2019-01-23","purchased_purges":2,"victory":false,"max_hp_per_floor":[88,88,88,91,94,94,97,97,97,97,100,100,100,100,100,100,100,100,100,107,110,120,120,120,84,84,84,84,87,87,90,90,90,90,90,90,90,90,90,90,90,90,90,90,90,90,93,93,93,93],"card_choices":[{"not_picked":["Infernal Blade","True Grit"],"picked":"Iron Wave","floor":1},{"not_picked":["Shrug It Off","True Grit"],"picked":"Feed","floor":3},{"not_picked":["Warcry","Feel No Pain"],"picked":"Infernal Blade","floor":4},{"not_picked":["Body Slam","Heavy Blade"],"picked":"Pommel Strike","floor":5},{"not_picked":["Flex","Anger"],"picked":"Shrug It Off","floor":6},{"not_picked":["Battle Trance","Heavy Blade"],"picked":"Pommel Strike","floor":7},{"not_picked":["Reckless Charge","Feel No Pain","Corruption"],"picked":"SKIP","floor":8},{"not_picked":["Pummel","Body Slam"],"picked":"Sword Boomerang","floor":11},{"not_picked":["Iron Wave","Clash"],"picked":"Shrug It Off","floor":13},{"not_picked":["Impervious","Limit Break"],"picked":"Double Tap","floor":16},{"not_picked":["Clothesline","Cleave+1"],"picked":"Armaments","floor":18},{"not_picked":["Wild Strike","Headbutt"],"picked":"Flame Barrier","floor":21},{"not_picked":["Metallicize","Feed"],"picked":"Carnage","floor":24},{"not_picked":["Warcry","Pommel Strike"],"picked":"Spot Weakness","floor":31},{"not_picked":["Offering","Bludgeon"],"picked":"Reaper","floor":33},{"not_picked":["Dropkick+1","Iron Wave+1"],"picked":"Inflame+1","floor":35},{"not_picked":["Headbutt+1","Pommel Strike+1","Burning Pact"],"picked":"SKIP","floor":38},{"not_picked":["Sever Soul","Cleave","Rupture+1"],"picked":"Flame Barrier+1","floor":47},{"not_picked":["Perfected Strike+1","Evolve+1","Corruption"],"picked":"Clothesline+1","floor":48}],"player_experience":94210,"relics_obtained":[{"floor":6,"key":"Orichalcum"},{"floor":8,"key":"Juzu Bracelet"},{"floor":9,"key":"Red Skull"},{"floor":20,"key":"Strawberry"},{"floor":26,"key":"Ancient Tea Set"},{"floor":29,"key":"Nunchaku"},{"floor":29,"key":"Paper Frog"},{"floor":43,"key":"Question Card"}],"event_choices":[{"damage_healed":0,"gold_gain":175,"player_choice":"AGREE","damage_taken":0,"max_hp_gain":0,"max_hp_loss":0,"event_name":"Liars Game","floor":2,"gold_loss":0,"cards_obtained":["Doubt"]},{"damage_healed":0,"gold_gain":0,"player_choice":"Joined the Cult","damage_taken":6,"max_hp_gain":0,"max_hp_loss":0,"event_name":"Nest","floor":19,"gold_loss":0,"cards_obtained":["RitualDagger"]},{"damage_healed":0,"gold_gain":0,"player_choice":"Opened","damage_taken":0,"relics_obtained":["Pear"],"max_hp_gain":0,"max_hp_loss":0,"event_name":"The Mausoleum","floor":22,"gold_loss":0,"cards_obtained":["Writhe"]},{"damage_healed":0,"gold_gain":0,"player_choice":"Became a vampire","damage_taken":0,"max_hp_gain":0,"max_hp_loss":36,"event_name":"Vampires","floor":25,"gold_loss":0,"cards_obtained":["Bite","Bite","Bite","Bite","Bite"]},{"damage_healed":0,"gold_gain":0,"player_choice":"Ignored","damage_taken":0,"max_hp_gain":0,"max_hp_loss":0,"event_name":"Beggar","floor":28,"gold_loss":0},{"damage_healed":0,"gold_gain":0,"player_choice":"Fight","damage_taken":0,"max_hp_gain":0,"max_hp_loss":0,"event_name":"Colosseum","floor":29,"gold_loss":0},{"damage_healed":0,"gold_gain":0,"player_choice":"Fought Nobs","damage_taken":0,"max_hp_gain":0,"max_hp_loss":0,"event_name":"Colosseum","floor":29,"gold_loss":0},{"cards_removed":["Infernal Blade"],"damage_healed":0,"gold_gain":0,"player_choice":"Offered Uncommon","damage_taken":0,"max_hp_gain":0,"max_hp_loss":0,"event_name":"Bonfire Elementals","floor":36,"gold_loss":0},{"damage_healed":0,"gold_gain":0,"player_choice":"Ignored","damage_taken":0,"max_hp_gain":0,"max_hp_loss":0,"event_name":"Tomb of Lord Red Mask","floor":37,"gold_loss":0},{"damage_healed":0,"gold_gain":0,"player_choice":"0 cards matched","damage_taken":0,"max_hp_gain":0,"max_hp_loss":0,"event_name":"Match and Keep!","floor":40,"gold_loss":0,"cards_obtained":[]},{"cards_removed":["Defend_R"],"damage_healed":0,"gold_gain":0,"player_choice":"Upgrade and Remove","damage_taken":0,"max_hp_gain":0,"max_hp_loss":0,"event_name":"Designer","floor":46,"gold_loss":90,"cards_upgraded":["Bite"]}],"is_beta":false,"boss_relics":[{"not_picked":["Eternal Feather","Black Blood"],"picked":"Coffee Dripper"},{"not_picked":["Black Star","Pandora\u0027s Box"],"picked":"Empty Cage"}],"items_purged_floors":[14,27],"is_endless":false,"potions_floor_spawned":[3,4,5,7,16,21,29,29,31,35],"killed_by":"Donu and Deca","ascension_level":0}