{"gold_per_floor":[215,134,134,150,168,168,200,210,280,280,280,295,312,322,322,398,398,368,368,385,221,221,171,189,189,189,189,204,222,222],"floor_reached":30,"playtime":1358,"items_purged":["Writhe"],"score":456,"play_id":"e4bf7172-dd15-42dd-83c1-a76da2ee4224","local_time":"20190624190254","is_ascension_mode":true,"campfire_choices":[{"data":"Shrug It Off","floor":6,"key":"SMITH"},{"data":"Flame Barrier","floor":15,"key":"SMITH"},{"data":"Rampage","floor":25,"key":"SMITH"},{"data":"Whirlwind","floor":27,"key":"SMITH"}],"neow_cost":"NONE","seed_source_timestamp":1022146524115338,"circlet_count":0,"master_deck":["AscendersBane","Strike_R","Strike_R","Strike_R","Strike_R","Strike_R","Defend_R","Defend_R","Defend_R","Defend_R","Bash","Shrug It Off+1","Feel No Pain+1","Disarm","Rampage+1","Uppercut+1","Flame Barrier+1","Double Tap+1","Flame Barrier+1","Sever Soul","Demon Form","Shrug It Off+1","Reaper","Whirlwind+1","Ghostly+1","Ghostly+1","Ghostly+1","Rampage+1","Ghostly Armor+1"],"relics":["Black Blood","StoneCalendar","Toxic Egg 2","Art of War","Matryoshka"],"potions_floor_usage":[7,24,29,29],"damage_taken":[{"damage":5,"enemies":"2 Louse","floor":1,"turns":4},{"damage":19,"enemies":"Cultist","floor":4,"turns":6},{"damage":13,"enemies":"Jaw Worm","floor":5,"turns":5},{"damage":20,"enemies":"3 Sentries","floor":7,"turns":13},{"damage":7,"enemies":"3 Louse","floor":8,"turns":7},{"damage":1,"enemies":"Blue Slaver","floor":12,"turns":6},{"damage":14,"enemies":"Large Slime","floor":13,"turns":7},{"damage":16,"enemies":"Exordium Thugs","floor":14,"turns":5},{"damage":45,"enemies":"Slime Boss","floor":16,"turns":7},{"damage":23,"enemies":"2 Thieves","floor":18,"turns":4},{"damage":0,"enemies":"3 Byrds","floor":20,"turns":1},{"damage":22,"enemies":"Snake Plant","floor":24,"turns":6},{"damage":19,"enemies":"Centurion and Healer","floor":28,"turns":8},{"damage":33,"enemies":"Snecko","floor":29,"turns":8},{"damage":15,"enemies":"Snake Plant","floor":30,"turns":3}],"seed_played":"-8103972216361243182","potions_obtained":[{"floor":1,"key":"Explosive Potion"},{"floor":8,"key":"FearPotion"},{"floor":12,"key":"Strength Potion"},{"floor":16,"key":"Regen Potion"},{"floor":28,"key":"Block Potion"}],"is_trial":false,"path_per_floor":["M","$","?","M","M","R","E","M","T","?","?","M","M","M","R","B",null,"M","?","M","$","?","?","M","R","T","R","M","M","M"],"character_chosen":"IRONCLAD","items_purchased":["Feel No Pain","Whirlwind"],"campfire_rested":0,"item_purchase_floors":[2,21],"current_hp_per_floor":[69,69,69,56,49,49,35,34,34,59,59,64,56,46,46,7,58,45,45,55,55,37,37,36,36,36,36,37,14,0],"gold":222,"neow_bonus":"HUNDRED_GOLD","is_prod":false,"is_daily":false,"chose_seed":false,"campfire_upgraded":4,"win_rate":0,"timestamp":1561428174,"path_taken":["M","$","?","M","M","R","E","?","T","?","?","M","M","M","R","BOSS","M","?","M","$","?","?","?","R","T","R","?","M","M"],"build_version":"2019-01-23","purchased_purges":1,"victory":false,"max_hp_per_floor":[75,75,75,75,75,75,75,75,75,75,75,75,75,75,75,75,75,75,75,75,75,37,37,37,37,37,37,37,37,37],"card_choices":[{"not_picked":["Battle Trance","Wild Strike"],"picked":"Shrug It Off","floor":1},{"not_picked":["Anger","Clash"],"picked":"Disarm","floor":4},{"not_picked":["Intimidate","Power Through"],"picked":"Rampage","floor":5},{"not_picked":["Twin Strike","Heavy Blade"],"picked":"Uppercut","floor":7},{"not_picked":["Anger","Wild Strike"],"picked":"Flame Barrier","floor":8},{"not_picked":["Havoc+1","Perfected Strike"],"picked":"Double Tap+1","floor":12},{"not_picked":["Thunderclap","Warcry+1"],"picked":"Flame Barrier+1","floor":13},{"not_picked":["Pummel","Havoc+1"],"picked":"Sever Soul","floor":14},{"not_picked":["Exhume+1","Limit Break+1"],"picked":"Demon Form","floor":16},{"not_picked":["Cleave","Body Slam"],"picked":"Shrug It Off+1","floor":18},{"not_picked":["Havoc+1","Carnage"],"picked":"Reaper","floor":20},{"not_picked":["Flex+1","Body Slam"],"picked":"Rampage+1","floor":24},{"not_picked":["Rupture+1","Clash","Body Slam"],"picked":"SKIP","floor":28},{"not_picked":["Body Slam","Havoc+1"],"picked":"Ghostly Armor+1","floor":29}],"player_experience":1068107,"relics_obtained":[{"floor":7,"key":"StoneCalendar"},{"floor":9,"key":"Toxic Egg 2"},{"floor":26,"key":"Matryoshka"}],"event_choices":[{"damage_healed":0,"gold_gain":0,"player_choice":"Upgraded","damage_taken":0,"max_hp_gain":0,"max_hp_loss":0,"event_name":"Upgrade Shrine","floor":3,"gold_loss":0,"cards_upgraded":["Feel No Pain"]},{"damage_healed":25,"gold_gain":0,"player_choice":"Banana","damage_taken":0,"max_hp_gain":0,"max_hp_loss":0,"event_name":"Big Fish","floor":10,"gold_loss":0},{"damage_healed":0,"gold_gain":0,"player_choice":"Grow","damage_taken":0,"max_hp_gain":0,"max_hp_loss":0,"event_name":"Living Wall","floor":11,"gold_loss":0,"cards_upgraded":["Uppercut"]},{"damage_healed":0,"gold_gain":0,"player_choice":"Opened","damage_taken":0,"relics_obtained":["Art of War"],"max_hp_gain":0,"max_hp_loss":0,"event_name":"The Mausoleum","floor":19,"gold_loss":0,"cards_obtained":["Writhe"]},{"damage_healed":0,"gold_gain":0,"player_choice":"Became a Ghost","damage_taken":0,"max_hp_gain":0,"max_hp_loss":38,"event_name":"Ghosts","floor":22,"gold_loss":0,"cards_obtained":["Ghostly","Ghostly","Ghostly"]},{"damage_healed":0,"gold_gain":0,"player_choice":"Bet on Murderer","damage_taken":0,"max_hp_gain":0,"max_hp_loss":0,"event_name":"The Joust","floor":23,"gold_loss":50}],"is_beta":false,"boss_relics":[{"not_picked":["Empty Cage","White Beast Statue"],"picked":"Black Blood"}],"items_purged_floors":[21],"is_endless":false,"potions_floor_spawned":[1,8,12,16,20,28],"killed_by":"Snake Plant","ascension_level":19}