{"gold_per_floor":[115,133,133,133,133,176,176,20,45,64,144,184,204,248,248,372,372,385,375,9,27,126,126,159,177,177,29,29,44,44],"floor_reached":30,"playtime":1164,"items_purged":[],"score":293,"play_id":"d7f558fb-b6cb-4e23-8753-9c46754924e1","local_time":"20190628204845","is_ascension_mode":false,"campfire_choices":[{"data":"Zap","floor":7,"key":"SMITH"},{"data":"Dualcast","floor":15,"key":"SMITH"},{"data":"Glacier","floor":23,"key":"SMITH"}],"neow_cost":"NONE","seed_source_timestamp":1026192350682275,"circlet_count":0,"master_deck":["Strike_B","Strike_B","Defend_B","Defend_B","Defend_B","Defend_B","Zap+1","Dualcast+1","Melter","Conserve Battery","Defragment","Sunder","Enlightenment","Leap","Go for the Eyes","Gash","Go for the Eyes","All For One","Self Repair","Hologram","Glacier+1","Melter","Hello World+1","Streamline","Hologram","Loop"],"relics":["Cracked Core","NeowsBlessing","Golden Idol","Pantograph","Centennial Puzzle","Shuriken","Incense Burner","Gambling Chip","Empty Cage","Sundial","Bronze Scales","Bottled Tornado","Omamori"],"potions_floor_usage":[12,12,14,16,24,24],"damage_taken":[{"damage":0,"enemies":"Cultist","floor":1,"turns":1},{"damage":0,"enemies":"Small Slimes","floor":2,"turns":1},{"damage":0,"enemies":"Gremlin Nob","floor":6,"turns":1},{"damage":0,"enemies":"2 Louse","floor":10,"turns":2},{"damage":18,"enemies":"3 Sentries","floor":12,"turns":6},{"damage":13,"enemies":"2 Fungi Beasts","floor":13,"turns":3},{"damage":17,"enemies":"Gremlin Nob","floor":14,"turns":4},{"damage":34,"enemies":"The Guardian","floor":16,"turns":10},{"damage":16,"enemies":"3 Byrds","floor":18,"turns":6},{"damage":0,"enemies":"2 Thieves","floor":19,"turns":4},{"damage":8,"enemies":"Snake Plant","floor":21,"turns":5},{"damage":48,"enemies":"Slavers","floor":24,"turns":7},{"damage":8,"enemies":"Snecko","floor":25,"turns":6},{"damage":8,"enemies":"Centurion and Healer","floor":29,"turns":5},{"damage":28,"enemies":"Gremlin Leader","floor":30,"turns":5}],"seed_played":"-1843235957934524017","potions_obtained":[{"floor":2,"key":"Swift Potion"},{"floor":6,"key":"EssenceOfSteel"},{"floor":12,"key":"Block Potion"},{"floor":14,"key":"Regen Potion"},{"floor":19,"key":"Weak Potion"},{"floor":21,"key":"Poison Potion"}],"is_trial":false,"path_per_floor":["M","M","?","?","?","E","R","$","T","M","T","E","M","E","R","B",null,"M","M","$","M","?","R","E","M","T","$","?","M","E"],"character_chosen":"DEFECT","items_purchased":["Sunder","Enlightenment","Sundial","Glacier","Melter","Omamori"],"campfire_rested":0,"item_purchase_floors":[8,8,20,20,20,27],"current_hp_per_floor":[75,75,69,69,74,74,74,74,74,74,74,56,43,26,26,32,74,58,65,65,64,64,64,23,22,22,22,22,21,0],"gold":44,"neow_bonus":"THREE_ENEMY_KILL","is_prod":false,"is_daily":false,"chose_seed":false,"campfire_upgraded":3,"win_rate":0.0,"timestamp":1561780125,"path_taken":["M","?","?","?","?","E","R","$","T","M","?","E","?","E","R","BOSS","M","M","$","M","?","R","E","M","T","$","?","M","E"],"build_version":"2019-01-23","purchased_purges":0,"victory":false,"max_hp_per_floor":[75,75,69,69,74,74,74,74,74,74,74,74,74,74,74,74,74,74,74,74,74,74,74,74,74,74,74,74,74,74],"card_choices":[{"not_picked":["Beam Cell","Sweeping Beam"],"picked":"Melter","floor":1},{"not_picked":["Turbo","FTL"],"picked":"Conserve Battery","floor":2},{"not_picked":["Rebound","Doom and Gloom"],"picked":"Defragment","floor":6},{"not_picked":["Rebound","Beam Cell"],"picked":"Leap","floor":10},{"not_picked":["Tempest","FTL"],"picked":"Go for the Eyes","floor":12},{"not_picked":["Sweeping Beam","Coolheaded"],"picked":"Gash","floor":13},{"not_picked":["Aggregate","Sweeping Beam"],"picked":"Go for the Eyes","floor":14},{"not_picked":["Meteor Strike","Hyperbeam"],"picked":"All For One","floor":16},{"not_picked":["Storm","Stack"],"picked":"Self Repair","floor":18},{"not_picked":["Lockon","Leap+1"],"picked":"Hologram","floor":19},{"not_picked":["Go for the Eyes","Rebound+1"],"picked":"Hello World+1","floor":21},{"not_picked":["Darkness","Multi-Cast"],"picked":"Streamline","floor":24},{"not_picked":["FTL+1","Go for the Eyes"],"picked":"Hologram","floor":25},{"not_picked":["Hologram","White Noise"],"picked":"Loop","floor":29}],"player_experience":26882,"relics_obtained":[{"floor":6,"key":"Pantograph"},{"floor":9,"key":"Centennial Puzzle"},{"floor":11,"key":"Shuriken"},{"floor":12,"key":"Incense Burner"},{"floor":14,"key":"Gambling Chip"},{"floor":24,"key":"Bronze Scales"},{"floor":26,"key":"Bottled Tornado"}],"event_choices":[{"damage_healed":0,"gold_gain":0,"player_choice":"Lose Max HP","damage_taken":0,"relics_obtained":["Golden Idol"],"max_hp_gain":0,"max_hp_loss":6,"event_name":"Golden Idol","floor":3,"gold_loss":0},{"damage_healed":0,"gold_gain":0,"player_choice":"Ignored","damage_taken":0,"max_hp_gain":0,"max_hp_loss":0,"event_name":"Liars Game","floor":4,"gold_loss":0},{"damage_healed":0,"gold_gain":0,"player_choice":"Donut","damage_taken":0,"max_hp_gain":5,"max_hp_loss":0,"event_name":"Big Fish","floor":5,"gold_loss":0},{"damage_healed":0,"gold_gain":99,"player_choice":"Stole From Cult","damage_taken":0,"max_hp_gain":0,"max_hp_loss":0,"event_name":"Nest","floor":22,"gold_loss":0},{"damage_healed":0,"gold_gain":0,"player_choice":"Ignored","damage_taken":0,"max_hp_gain":0,"max_hp_loss":0,"event_name":"Ghosts","floor":28,"gold_loss":0}],"is_beta":false,"boss_relics":[{"not_picked":["Busted Crown","Inserter"],"picked":"Empty Cage"}],"items_purged_floors":[],"is_endless":false,"potions_floor_spawned":[2,6,12,14,19,21],"killed_by":"Gremlin Leader","ascension_level":0}