{"gold_per_floor":[110,60,60,77,96,126,126,141,141,173,187,187,199,215,215,289,289,299,312,237,237,251,251,263,263,263,263,263],"floor_reached":28,"playtime":996,"items_purged":["Strike_G"],"score":394,"play_id":"c6cfa7d3-187b-4b04-b510-a8763c130c99","local_time":"20190330122213","is_ascension_mode":true,"campfire_choices":[{"floor":7,"key":"REST"},{"data":"Catalyst","floor":15,"key":"SMITH"},{"floor":23,"key":"REST"},{"floor":27,"key":"REST"}],"neow_cost":"NONE","seed_source_timestamp":844553527497221,"circlet_count":0,"master_deck":["AscendersBane","Defend_G","Defend_G","Defend_G","Defend_G","Strike_G","Strike_G","Strike_G","Survivor","Neutralize","Noxious Fumes+1","Caltrops","Deflect","Dagger Spray","Catalyst+1","Bane","Crippling Poison","Tools of the Trade","Catalyst","Deadly Poison","Decay","Masterful Stab+1","Footwork","Parasite","Shame"],"relics":["Ring of the Snake","NeowsBlessing","Question Card","Paper Crane","Pantograph","Cursed Key","Molten Egg 2","Tingsha"],"potions_floor_usage":[10,14,16,28],"damage_taken":[{"damage":0,"enemies":"2 Louse","floor":1,"turns":1},{"damage":0,"enemies":"Jaw Worm","floor":4,"turns":1},{"damage":0,"enemies":"Cultist","floor":5,"turns":1},{"damage":22,"enemies":"3 Sentries","floor":6,"turns":9},{"damage":4,"enemies":"Blue Slaver","floor":8,"turns":5},{"damage":14,"enemies":"Lagavulin","floor":10,"turns":7},{"damage":0,"enemies":"Gremlin Gang","floor":11,"turns":4},{"damage":11,"enemies":"2 Fungi Beasts","floor":13,"turns":3},{"damage":3,"enemies":"Exordium Wildlife","floor":14,"turns":5},{"damage":28,"enemies":"Slime Boss","floor":16,"turns":8},{"damage":14,"enemies":"Spheric Guardian","floor":18,"turns":5},{"damage":0,"enemies":"Chosen","floor":19,"turns":4},{"damage":16,"enemies":"Shelled Parasite and Fungi","floor":22,"turns":4},{"damage":40,"enemies":"Cultist and Chosen","floor":24,"turns":7},{"damage":36,"enemies":"3 Cultists","floor":28,"turns":3}],"seed_played":"99830102195660414","potions_obtained":[{"floor":1,"key":"Poison Potion"},{"floor":11,"key":"Strength Potion"},{"floor":13,"key":"Poison Potion"},{"floor":14,"key":"Regen Potion"},{"floor":16,"key":"Strength Potion"}],"is_trial":false,"path_per_floor":["M","?","?","M","M","E","R","M","T","E","M","?","M","M","R","B",null,"M","M","$","?","M","R","M","T","T","R","M"],"character_chosen":"THE_SILENT","items_purchased":[],"campfire_rested":3,"item_purchase_floors":[],"current_hp_per_floor":[59,59,59,59,59,37,56,52,52,38,38,38,27,24,24,21,55,41,41,41,41,25,44,4,4,4,23,0],"gold":263,"neow_bonus":"THREE_ENEMY_KILL","is_prod":false,"is_daily":false,"chose_seed":false,"campfire_upgraded":1,"win_rate":0,"timestamp":1553962933,"path_taken":["M","?","?","M","?","E","R","M","T","E","M","?","M","M","R","BOSS","M","?","$","?","M","R","M","?","T","R","?"],"build_version":"2019-01-23","purchased_purges":1,"victory":false,"max_hp_per_floor":[66,66,66,66,66,66,66,66,66,66,66,66,66,66,66,66,66,66,66,66,66,66,66,66,66,66,66,66],"card_choices":[{"not_picked":["Cloak And Dagger","Blade Dance"],"picked":"Noxious Fumes","floor":1},{"not_picked":["Finisher","Escape Plan"],"picked":"Caltrops","floor":4},{"not_picked":["Flying Knee","Backflip"],"picked":"Deflect","floor":5},{"not_picked":["Setup","Deadly Poison"],"picked":"Dagger Spray","floor":6},{"not_picked":["Sucker Punch","Bane","Acrobatics"],"picked":"Catalyst","floor":8},{"not_picked":["Underhanded Strike","Tactician","Outmaneuver"],"picked":"Bane","floor":10},{"not_picked":["Finisher","Calculated Gamble","Slice","All Out Attack"],"picked":"SKIP","floor":11},{"not_picked":["Prepared","Storm of Steel","Blade Dance"],"picked":"Crippling Poison","floor":13},{"not_picked":["Underhanded Strike","Cloak And Dagger","All Out Attack","Skewer"],"picked":"SKIP","floor":14},{"not_picked":["Night Terror","Doppelganger","A Thousand Cuts"],"picked":"Tools of the Trade","floor":16},{"not_picked":["Slice","Dodge and Roll","Outmaneuver"],"picked":"Catalyst","floor":18},{"not_picked":["Blade Dance+1","Backflip","PiercingWail"],"picked":"Deadly Poison","floor":19},{"not_picked":["Deadly Poison","Calculated Gamble+1","Acrobatics"],"picked":"Masterful Stab+1","floor":22},{"not_picked":["All Out Attack+1","Dodge and Roll","Dagger Spray"],"picked":"Footwork","floor":24}],"player_experience":479813,"relics_obtained":[{"floor":6,"key":"Question Card"},{"floor":9,"key":"Paper Crane"},{"floor":10,"key":"Pantograph"},{"floor":25,"key":"Molten Egg 2"},{"floor":26,"key":"Tingsha"}],"event_choices":[{"cards_removed":["Strike_G"],"damage_healed":0,"gold_gain":0,"player_choice":"Card Removal","damage_taken":0,"max_hp_gain":0,"max_hp_loss":0,"event_name":"The Cleric","floor":2,"gold_loss":50},{"cards_removed":["Defend_G"],"damage_healed":0,"gold_gain":0,"player_choice":"Card Removal","damage_taken":0,"max_hp_gain":0,"max_hp_loss":0,"event_name":"Wheel of Change","floor":3,"gold_loss":0},{"damage_healed":0,"gold_gain":0,"player_choice":"Forge","damage_taken":0,"max_hp_gain":0,"max_hp_loss":0,"event_name":"Accursed Blacksmith","floor":12,"gold_loss":0,"cards_upgraded":["Noxious Fumes"]},{"damage_healed":0,"gold_gain":0,"player_choice":"Smashed Altar","damage_taken":0,"max_hp_gain":0,"max_hp_loss":0,"event_name":"Forgotten Altar","floor":21,"gold_loss":0,"cards_obtained":["Decay"]}],"is_beta":false,"boss_relics":[{"not_picked":["Lizard Tail","Empty Cage"],"picked":"Cursed Key"}],"items_purged_floors":[20],"is_endless":false,"potions_floor_spawned":[1,11,13,14,16,19,22],"killed_by":"3 Cultists","ascension_level":14}