{"gold_per_floor":[118,134,149,74,74,101,101,119,119,119,19,31,31,0,0,96,96,107,118,118,43,61,61,61,61,61,73,86,103,103,129,129,229,229,243,243,118,129,140,140,172,172,172,185,185,185,203,250,250,250,250,250,8,8],"floor_reached":54,"playtime":3078,"items_purged":["Strike_G","Defend_G","Defend_G"],"score":737,"play_id":"f68bf6b0-63fa-4d6c-b68c-b213cace440f","local_time":"20190612175423","is_ascension_mode":false,"campfire_choices":[{"data":"Dash","floor":7,"key":"SMITH"},{"data":"Wraith Form v2","floor":10,"key":"SMITH"},{"data":"Predator","floor":13,"key":"SMITH"},{"data":"Defend_G","floor":15,"key":"SMITH"},{"data":"Backflip","floor":23,"key":"SMITH"},{"data":"Glass Knife","floor":25,"key":"SMITH"},{"data":"Defend_G","floor":32,"key":"SMITH"},{"data":"Bite","floor":40,"key":"SMITH"},{"data":"Bite","floor":42,"key":"SMITH"},{"data":"Bite","floor":46,"key":"SMITH"},{"floor":49,"key":"RECALL"},{"data":"Noxious Fumes","floor":52,"key":"SMITH"}],"neow_cost":"NONE","seed_source_timestamp":408966554755529,"circlet_count":0,"master_deck":["Defend_G","Defend_G+1","Defend_G+1","Survivor","Neutralize","Quick Slash+1","Dash+1","Dagger Spray","Wraith Form v2+1","Predator+1","Glass Knife+1","Terror+1","Flying Knee+1","Backflip+1","Bite+1","Bite+1","Bite+1","Bite","Bite","Corpse Explosion","Acrobatics+1","Unload","Backflip+1","Bane+1","Noxious Fumes+1"],"relics":["Ring of the Snake","Bronze Scales","Pantograph","Coffee Dripper","Boot","Calipers","Lizard Tail","Darkstone Periapt","The Courier","Thread and Needle","StoneCalendar"],"potions_floor_usage":[6,19,31,33,33,50,50],"damage_taken":[{"damage":0,"enemies":"Small Slimes","floor":1,"turns":4},{"damage":0,"enemies":"2 Louse","floor":2,"turns":3},{"damage":0,"enemies":"Jaw Worm","floor":3,"turns":4},{"damage":4,"enemies":"3 Sentries","floor":6,"turns":8},{"damage":0,"enemies":"Lots of Slimes","floor":8,"turns":3},{"damage":3,"enemies":"Large Slime","floor":12,"turns":6},{"damage":22,"enemies":"The Guardian","floor":16,"turns":12},{"damage":6,"enemies":"2 Thieves","floor":18,"turns":4},{"damage":0,"enemies":"Spheric Guardian","floor":19,"turns":3},{"damage":1,"enemies":"Chosen and Byrds","floor":22,"turns":4},{"damage":0,"enemies":"Snecko","floor":27,"turns":4},{"damage":3,"enemies":"Snake Plant","floor":28,"turns":2},{"damage":3,"enemies":"Cultist and Chosen","floor":29,"turns":3},{"damage":0,"enemies":"Gremlin Leader","floor":31,"turns":3},{"damage":47,"enemies":"Automaton","floor":33,"turns":11},{"damage":0,"enemies":"3 Shapes","floor":35,"turns":1},{"damage":2,"enemies":"3 Darklings","floor":38,"turns":2},{"damage":2,"enemies":"Spire Growth","floor":39,"turns":4},{"damage":31,"enemies":"Giant Head","floor":41,"turns":9},{"damage":14,"enemies":"Maw","floor":44,"turns":8},{"damage":5,"enemies":"3 Darklings","floor":47,"turns":5},{"damage":41,"enemies":"2 Orb Walkers","floor":48,"turns":3},{"damage":82,"enemies":"Donu and Deca","floor":50,"turns":8},{"damage":57,"enemies":"Shield and Spear","floor":54,"turns":3}],"seed_played":"-7471568787056069089","potions_obtained":[{"floor":2,"key":"Block Potion"},{"floor":12,"key":"Energy Potion"},{"floor":16,"key":"Block Potion"},{"floor":18,"key":"Block Potion"},{"floor":31,"key":"Weak Potion"},{"floor":41,"key":"Strength Potion"},{"floor":48,"key":"SkillPotion"}],"is_trial":false,"path_per_floor":["M","M","M","$","?","E","R","M","T","R","$","M","R","?","R","B",null,"M","M","?","?","M","R","?","R","T","M","M","M","$","E","R","B",null,"M","?","$","M","M","R","E","R","T","M","?","R","M","?","R","B",null,"R","$","E"],"character_chosen":"THE_SILENT","items_purchased":["StoneCalendar"],"campfire_rested":0,"item_purchase_floors":[53],"current_hp_per_floor":[70,70,70,70,70,66,66,66,66,66,66,63,63,63,63,48,70,64,64,64,64,63,63,49,49,49,49,49,48,48,49,49,14,49,49,49,49,49,49,49,24,24,24,33,33,33,44,14,14,2,49,49,49,0],"gold":8,"neow_bonus":"RANDOM_COMMON_RELIC","is_prod":false,"is_daily":false,"chose_seed":false,"campfire_upgraded":11,"win_rate":0,"timestamp":1560387263,"path_taken":["M","M","M","$","?","E","R","M","T","R","$","M","R","?","R","BOSS","M","M","?","?","M","R","?","R","T","?","M","M","?","E","R","BOSS","M","?","$","M","M","R","E","R","T","M","?","R","M","?","R","BOSS","R","$","E"],"build_version":"2019-01-23","purchased_purges":3,"victory":false,"max_hp_per_floor":[70,70,70,70,70,70,70,70,70,70,70,70,70,70,70,70,70,70,70,70,70,70,70,49,49,49,49,49,49,49,49,49,49,49,49,49,49,49,49,49,49,49,49,49,49,49,49,49,49,49,49,49,49,49],"card_choices":[{"not_picked":["Sucker Punch","Backflip"],"picked":"Quick Slash","floor":1},{"not_picked":["Distraction","Bane"],"picked":"Dash","floor":2},{"not_picked":["Dagger Throw","Slice"],"picked":"Dagger Spray","floor":3},{"not_picked":["Endless Agony","Deflect"],"picked":"Wraith Form v2","floor":6},{"not_picked":["Distraction","Cloak And Dagger"],"picked":"Predator","floor":8},{"not_picked":["Bane","Outmaneuver","Blur"],"picked":"SKIP","floor":12},{"not_picked":["Venomology","Phantasmal Killer"],"picked":"Glass Knife","floor":16},{"not_picked":["Backflip","Quick Slash"],"picked":"Terror+1","floor":18},{"not_picked":["Dagger Throw+1","Slice"],"picked":"Flying Knee+1","floor":19},{"not_picked":["Bane+1","PiercingWail"],"picked":"Backflip","floor":22},{"not_picked":["PiercingWail","Riddle With Holes+1"],"picked":"Corpse Explosion","floor":27},{"not_picked":["Cloak And Dagger+1","Heel Hook"],"picked":"PiercingWail+1","floor":28},{"not_picked":["Deadly Poison","Heel Hook","Slice"],"picked":"SKIP","floor":29},{"not_picked":["Choke+1","Leg Sweep"],"picked":"Acrobatics+1","floor":31},{"not_picked":["Tools of the Trade","Wraith Form v2"],"picked":"Unload","floor":33},{"not_picked":["Deadly Poison","Reflex+1","Dash+1"],"picked":"SKIP","floor":35},{"not_picked":["Crippling Poison","Acrobatics","Prepared+1"],"picked":"SKIP","floor":38},{"not_picked":["Outmaneuver","Dagger Throw"],"picked":"Backflip+1","floor":39},{"not_picked":["Prepared","Slice+1"],"picked":"Bane+1","floor":41},{"not_picked":["Poisoned Stab","Terror"],"picked":"Noxious Fumes","floor":44},{"not_picked":["Deadly Poison+1","Underhanded Strike+1","Poisoned Stab+1"],"picked":"SKIP","floor":47}],"player_experience":351875,"relics_obtained":[{"floor":6,"key":"Pantograph"},{"floor":26,"key":"Boot"},{"floor":31,"key":"Calipers"},{"floor":41,"key":"Darkstone Periapt"},{"floor":43,"key":"The Courier"},{"floor":48,"key":"Thread and Needle"}],"event_choices":[{"damage_healed":0,"gold_gain":0,"player_choice":"Grow","damage_taken":0,"max_hp_gain":0,"max_hp_loss":0,"event_name":"Living Wall","floor":5,"gold_loss":0,"cards_upgraded":["Quick Slash"]},{"damage_healed":0,"gold_gain":0,"player_choice":"Left Gold","damage_taken":0,"max_hp_gain":0,"max_hp_loss":0,"event_name":"World of Goop","floor":14,"gold_loss":31},{"damage_healed":0,"gold_gain":0,"player_choice":"Ignored","damage_taken":0,"max_hp_gain":0,"max_hp_loss":0,"event_name":"Ghosts","floor":20,"gold_loss":0},{"cards_removed":["Strike_G"],"damage_healed":0,"gold_gain":0,"player_choice":"Gave Gold","damage_taken":0,"max_hp_gain":0,"max_hp_loss":0,"event_name":"Beggar","floor":21,"gold_loss":75},{"damage_healed":0,"gold_gain":0,"player_choice":"Became a vampire","damage_taken":0,"max_hp_gain":0,"max_hp_loss":21,"event_name":"Vampires","floor":24,"gold_loss":0,"cards_obtained":["Bite","Bite","Bite","Bite","Bite"]},{"damage_healed":0,"gold_gain":0,"player_choice":"Memory 1","damage_taken":0,"max_hp_gain":0,"max_hp_loss":0,"event_name":"SensoryStone","floor":36,"gold_loss":0},{"cards_removed":["PiercingWail"],"damage_healed":0,"gold_gain":0,"player_choice":"Removed Skill","damage_taken":0,"max_hp_gain":0,"max_hp_loss":0,"event_name":"Falling","floor":45,"gold_loss":0},{"damage_healed":0,"gold_gain":0,"player_choice":"Fight","damage_taken":0,"max_hp_gain":0,"max_hp_loss":0,"event_name":"Mysterious Sphere","floor":48,"gold_loss":0}],"is_beta":false,"boss_relics":[{"not_picked":["Sozu","Runic Dome"],"picked":"Coffee Dripper"},{"not_picked":["Calling Bell","WristBlade"],"picked":"Lizard Tail"}],"items_purged_floors":[4,11,37],"is_endless":false,"potions_floor_spawned":[2,12,16,18,31,41,48],"killed_by":"Shield and Spear","ascension_level":0}