{"gold_per_floor":[111,111,126,142,156,186,200,200,225,259,269,288,298,326,326,403,403,419,74,94,94],"floor_reached":21,"playtime":952,"items_purged":[],"score":359,"play_id":"b0e0fce4-998c-481b-b1a2-a53448a6b5d3","local_time":"20190320155030","is_ascension_mode":true,"campfire_choices":[{"data":"Perfected Strike","floor":8,"key":"SMITH"},{"data":"Flame Barrier","floor":15,"key":"SMITH"}],"neow_cost":"NONE","seed_source_timestamp":12531509987137,"circlet_count":0,"master_deck":["AscendersBane","Strike_R","Strike_R","Strike_R","Defend_R+1","Defend_R","Defend_R","Bash","Ghostly Armor+1","Cleave","Perfected Strike+1","Iron Wave","Exhume","Whirlwind","Body Slam","Limit Break","Flame Barrier+1","Clothesline","Evolve","Juggernaut","Armaments+1","Double Tap","Perfected Strike"],"relics":["Burning Blood","NeowsBlessing","Happy Flower","Orichalcum","War Paint","Bronze Scales","Empty Cage","Bag of Marbles"],"potions_floor_usage":[6,14,16,21],"damage_taken":[{"damage":0,"enemies":"Small Slimes","floor":1,"turns":1},{"damage":0,"enemies":"Cultist","floor":3,"turns":1},{"damage":0,"enemies":"Jaw Worm","floor":4,"turns":1},{"damage":2,"enemies":"2 Fungi Beasts","floor":5,"turns":4},{"damage":30,"enemies":"Lagavulin","floor":6,"turns":7},{"damage":10,"enemies":"Red Slaver","floor":7,"turns":5},{"damage":9,"enemies":"3 Sentries","floor":10,"turns":7},{"damage":12,"enemies":"Exordium Wildlife","floor":11,"turns":4},{"damage":8,"enemies":"Blue Slaver","floor":12,"turns":4},{"damage":8,"enemies":"Looter","floor":13,"turns":4},{"damage":18,"enemies":"Lagavulin","floor":14,"turns":6},{"damage":11,"enemies":"Hexaghost","floor":16,"turns":12},{"damage":33,"enemies":"Spheric Guardian","floor":18,"turns":5},{"damage":18,"enemies":"2 Thieves","floor":20,"turns":4},{"damage":22,"enemies":"Cultist and Chosen","floor":21,"turns":6}],"seed_played":"-6677635925408034817","potions_obtained":[{"floor":1,"key":"PowerPotion"},{"floor":6,"key":"EssenceOfSteel"},{"floor":10,"key":"Fire Potion"},{"floor":12,"key":"AttackPotion"},{"floor":18,"key":"Dexterity Potion"},{"floor":20,"key":"Poison Potion"}],"is_trial":false,"path_per_floor":["M","?","M","M","M","E","M","R","T","E","M","M","M","E","R","B",null,"M","$","M","M"],"character_chosen":"IRONCLAD","items_purchased":["Bag of Marbles","Double Tap","Perfected Strike"],"campfire_rested":0,"item_purchase_floors":[19,19,19],"current_hp_per_floor":[74,74,75,75,75,51,47,47,47,44,38,36,34,22,22,17,61,34,34,22,0],"gold":94,"neow_bonus":"THREE_ENEMY_KILL","is_prod":false,"is_daily":false,"chose_seed":false,"campfire_upgraded":2,"win_rate":0,"timestamp":1553111430,"path_taken":["M","?","?","M","?","E","M","R","T","E","?","M","M","E","R","BOSS","M","$","M","M"],"build_version":"2019-01-23","purchased_purges":0,"victory":false,"max_hp_per_floor":[75,75,75,75,75,75,75,75,75,75,75,75,75,75,75,75,75,75,75,75,75],"card_choices":[{"not_picked":["Dropkick","Disarm"],"picked":"Ghostly Armor","floor":1},{"not_picked":["Sever Soul","Anger"],"picked":"Cleave","floor":3},{"not_picked":["Disarm","Iron Wave"],"picked":"Perfected Strike","floor":4},{"not_picked":["Dual Wield","Flex"],"picked":"Iron Wave","floor":5},{"not_picked":["Corruption","Blood for Blood"],"picked":"Exhume","floor":6},{"not_picked":["Disarm","Warcry"],"picked":"Whirlwind","floor":7},{"not_picked":["Heavy Blade","Evolve"],"picked":"Body Slam","floor":10},{"not_picked":["Rage","Heavy Blade"],"picked":"Limit Break","floor":11},{"not_picked":["Armaments","Clash"],"picked":"Flame Barrier","floor":12},{"not_picked":["Combust","Hemokinesis"],"picked":"Clothesline","floor":13},{"not_picked":["Power Through","Burning Pact"],"picked":"Evolve","floor":14},{"not_picked":["Brutality","Dark Embrace"],"picked":"Juggernaut","floor":16},{"not_picked":["Flex","Body Slam"],"picked":"Armaments+1","floor":18},{"not_picked":["Heavy Blade","Warcry+1","Thunderclap"],"picked":"SKIP","floor":20}],"player_experience":421886,"relics_obtained":[{"floor":6,"key":"Happy Flower"},{"floor":9,"key":"Orichalcum"},{"floor":10,"key":"War Paint"},{"floor":14,"key":"Bronze Scales"}],"event_choices":[{"cards_removed":["Strike_R"],"damage_healed":0,"gold_gain":0,"player_choice":"Offered Basic","damage_taken":0,"max_hp_gain":0,"max_hp_loss":0,"event_name":"Bonfire Elementals","floor":2,"gold_loss":0}],"is_beta":false,"boss_relics":[{"not_picked":["White Beast Statue","Lizard Tail"],"picked":"Empty Cage"}],"items_purged_floors":[],"is_endless":false,"potions_floor_spawned":[1,6,10,12,18,20],"killed_by":"Cultist and Chosen","ascension_level":15}