{"gold_per_floor":[119,119,134,5,20,20,54,54,54,80,99,114,144,68,68,163,163,148,348,360,14,28,28,40,54,84,84,113,113,113,193,193,193],"floor_reached":33,"playtime":1424,"items_purged":["Decay","Strike_R"],"score":342,"play_id":"047543c3-c3b8-4c77-900b-50011d5575eb","local_time":"20190208071215","is_ascension_mode":true,"campfire_choices":[{"data":"Bash","floor":6.0,"key":"SMITH"},{"data":"Dual Wield","floor":8.0,"key":"SMITH"},{"floor":15.0,"key":"REST"},{"data":"Shrug It Off","floor":23,"key":"SMITH"},{"floor":32,"key":"REST"}],"neow_cost":"NONE","seed_source_timestamp":0,"circlet_count":0,"master_deck":["Strike_R","Strike_R","Strike_R","Strike_R","Defend_R","Defend_R","Defend_R","Defend_R","Bash+1","Clash","Clash","Dual Wield+1","Rampage","Ghostly Armor","Thunderclap","Iron Wave","Shrug It Off+1","Cleave","Demon Form+1","Shrug It Off+1","Clash+1","Rampage+1","Clumsy","Writhe","Parasite"],"special_seed":0,"relics":["Burning Blood","NeowsBlessing","StoneCalendar","Matryoshka","Frozen Egg 2","Singing Bowl","Cursed Key","Gremlin Horn","Ancient Tea Set","Tiny Chest","MutagenicStrength","Vajra","Ornamental Fan","Bag of Preparation","Bottled Flame"],"potions_floor_usage":[28,28,33],"damage_taken":[{"damage":0.0,"enemies":"Small Slimes","floor":1.0,"turns":1.0},{"damage":0.0,"enemies":"Cultist","floor":3.0,"turns":1.0},{"damage":0.0,"enemies":"Jaw Worm","floor":5.0,"turns":1.0},{"damage":40.0,"enemies":"Gremlin Nob","floor":7.0,"turns":5.0},{"damage":25.0,"enemies":"Lagavulin","floor":10.0,"turns":6.0},{"damage":5.0,"enemies":"2 Fungi Beasts","floor":11.0,"turns":3.0},{"damage":3.0,"enemies":"Blue Slaver","floor":12.0,"turns":2.0},{"damage":20.0,"enemies":"3 Sentries","floor":13.0,"turns":7.0},{"damage":34.0,"enemies":"Hexaghost","floor":16.0,"turns":9.0},{"damage":13,"enemies":"2 Thieves","floor":18,"turns":4},{"damage":14,"enemies":"Shell Parasite","floor":20,"turns":4},{"damage":22,"enemies":"3 Cultists","floor":22,"turns":4},{"damage":1,"enemies":"Cultist and Chosen","floor":24,"turns":3},{"damage":18,"enemies":"Snecko","floor":25,"turns":4},{"damage":40,"enemies":"Slavers","floor":28,"turns":7},{"damage":58,"enemies":"Automaton","floor":33,"turns":6}],"seed_played":"4421666915447558837","potions_obtained":[{"floor":3.0,"key":"SteroidPotion"},{"floor":10.0,"key":"SkillPotion"},{"floor":11.0,"key":"LiquidBronze"},{"floor":12.0,"key":"BloodPotion"},{"floor":18,"key":"Poison Potion"},{"floor":22,"key":"Ancient Potion"},{"floor":25,"key":"Ancient Potion"},{"floor":28,"key":"SpeedPotion"}],"is_trial":false,"path_per_floor":["M","?","M","$","M","R","E","R","T","E","M","M","E","$","R","B",null,"M","?","M","$","M","R","M","M","T","?","E","?","$","T","R","B"],"character_chosen":"IRONCLAD","items_purchased":["Clash","Shrug It Off","Cleave","Gremlin Horn"],"campfire_rested":2,"item_purchase_floors":[4,14,14,21],"current_hp_per_floor":[80,80,80,80,80,80,46,46,46,27,28,31,25,25,49,21,80,73,73,67,67,51,51,58,46,46,46,14,14,14,14,39,0],"gold":193,"neow_bonus":"THREE_ENEMY_KILL","is_prod":false,"is_daily":false,"chose_seed":false,"campfire_upgraded":3,"win_rate":0,"timestamp":1549627935,"path_taken":["M","?","?","?","?","R","E","R","T","E","?","?","E","$","R","BOSS","M","?","M","$","M","R","M","?","T","?","E","?","$","?","R","BOSS"],"build_version":"2019-01-23","purchased_purges":2,"victory":false,"max_hp_per_floor":[80,80,80,80,80,80,80,80,80,80,80,80,80,80,80,80,80,80,80,82,82,82,82,84,84,84,84,86,86,86,86,86,86],"card_choices":[{"not_picked":["Body Slam","Corruption","Infernal Blade"],"picked":"SKIP","floor":1.0},{"not_picked":["Searing Blow","Battle Trance"],"picked":"Clash","floor":3.0},{"not_picked":["Evolve","Sword Boomerang","Dropkick"],"picked":"SKIP","floor":5.0},{"not_picked":["Exhume","Headbutt"],"picked":"Dual Wield","floor":7.0},{"not_picked":["Seeing Red","Heavy Blade"],"picked":"Rampage","floor":10.0},{"not_picked":["Headbutt","Body Slam"],"picked":"Ghostly Armor","floor":11.0},{"not_picked":["Carnage","Heavy Blade"],"picked":"Thunderclap","floor":12.0},{"not_picked":["Thunderclap","Sword Boomerang"],"picked":"Iron Wave","floor":13.0},{"not_picked":["Offering","Impervious"],"picked":"Demon Form+1","floor":16.0},{"not_picked":["Anger","Entrench+1"],"picked":"Shrug It Off+1","floor":18},{"not_picked":["Warcry","Cleave","Headbutt"],"picked":"Singing Bowl","floor":20},{"not_picked":["Pommel Strike+1","Reckless Charge+1"],"picked":"Clash+1","floor":22},{"not_picked":["Anger","Flex","Wild Strike"],"picked":"Singing Bowl","floor":24},{"not_picked":["Reckless Charge","Anger"],"picked":"Rampage+1","floor":25},{"not_picked":["Clothesline","Havoc","Sword Boomerang"],"picked":"Singing Bowl","floor":28}],"player_experience":174312,"relics_obtained":[{"floor":7.0,"key":"StoneCalendar"},{"floor":9.0,"key":"Matryoshka"},{"floor":10.0,"key":"Frozen Egg 2"},{"floor":13.0,"key":"Singing Bowl"},{"floor":26,"key":"Ancient Tea Set"},{"floor":26,"key":"Tiny Chest"},{"floor":28,"key":"Vajra"},{"floor":31,"key":"Bag of Preparation"},{"floor":31,"key":"Bottled Flame"}],"event_choices":[{"damage_healed":0.0,"max_hp_gain":0.0,"max_hp_loss":0.0,"gold_gain":0.0,"event_name":"Wheel of Change","player_choice":"Cursed","floor":2.0,"gold_loss":0.0,"damage_taken":0.0,"cards_obtained":["Decay"]},{"damage_healed":0,"gold_gain":200,"player_choice":"Gold","damage_taken":0,"max_hp_gain":0,"max_hp_loss":0,"event_name":"Wheel of Change","floor":19,"gold_loss":0},{"damage_healed":0,"gold_gain":0,"player_choice":"Inject Mutagens","damage_taken":0,"relics_obtained":["MutagenicStrength"],"max_hp_gain":0,"max_hp_loss":0,"event_name":"Drug Dealer","floor":27,"gold_loss":0},{"damage_healed":0,"gold_gain":0,"player_choice":"Opened","damage_taken":0,"relics_obtained":["Ornamental Fan"],"max_hp_gain":0,"max_hp_loss":0,"event_name":"The Mausoleum","floor":29,"gold_loss":0,"cards_obtained":["Writhe"]}],"is_beta":false,"boss_relics":[{"not_picked":["Velvet Choker","Lizard Tail"],"picked":"Cursed Key"}],"items_purged_floors":[4,21],"is_endless":false,"potions_floor_spawned":[3,10,11,12,18,22,25,28],"killed_by":"Automaton","ascension_level":4}