{"gold_per_floor":[112,187,187,362,49,76,76,109,109,128,148,148],"floor_reached":12,"playtime":273,"items_purged":["Regret"],"score":211,"play_id":"fac42c80-6b1a-4258-8abd-719dea5e1a3c","local_time":"20190312221545","is_ascension_mode":true,"campfire_choices":[{"data":"Offering","floor":7,"key":"SMITH"}],"neow_cost":"NONE","seed_source_timestamp":2167583828073862,"circlet_count":0,"master_deck":["AscendersBane","Strike_R","Strike_R","Strike_R","Strike_R","Strike_R","Defend_R","Defend_R","Defend_R","Defend_R","Bash","Clash","Doubt","Offering+1","Flame Barrier","Armaments"],"relics":["Burning Blood","NeowsBlessing","WingedGreaves","Kunai","Pen Nib","Gremlin Horn","The Courier"],"potions_floor_usage":[],"damage_taken":[{"damage":0,"enemies":"Small Slimes","floor":1,"turns":1},{"damage":0,"enemies":"3 Sentries","floor":6,"turns":1},{"damage":0,"enemies":"Gremlin Nob","floor":8,"turns":1},{"damage":10,"enemies":"2 Louse","floor":10,"turns":3},{"damage":7,"enemies":"Jaw Worm","floor":11,"turns":4},{"damage":19,"enemies":"Lagavulin","floor":12,"turns":7}],"seed_played":"-6367254820636630909","potions_obtained":[{"floor":8,"key":"Weak Potion"},{"floor":11,"key":"Fire Potion"}],"is_trial":false,"path_per_floor":["M","?","?","?","$","E","R","E","T","M","M","E"],"character_chosen":"IRONCLAD","items_purchased":["Kunai"],"campfire_rested":0,"item_purchase_floors":[5],"current_hp_per_floor":[78,67,67,67,67,73,73,79,79,75,74,55],"gold":148,"neow_bonus":"THREE_ENEMY_KILL","is_prod":false,"is_daily":false,"chose_seed":false,"campfire_upgraded":1,"win_rate":0,"timestamp":1552443345,"path_taken":["M","?","?","?","$","E","R","E","T","M","M","E"],"build_version":"2019-01-23","purchased_purges":1,"victory":false,"max_hp_per_floor":[80,80,80,80,80,80,80,80,80,80,80,80],"card_choices":[{"not_picked":["True Grit","Wild Strike"],"picked":"Clash","floor":1},{"not_picked":["Second Wind","Flex"],"picked":"Offering","floor":6},{"not_picked":["Shrug It Off","Iron Wave"],"picked":"Flame Barrier","floor":8},{"not_picked":["Flex","Sword Boomerang","Headbutt"],"picked":"SKIP","floor":10},{"not_picked":["Iron Wave","Sentinel"],"picked":"Armaments","floor":11}],"player_experience":368953,"relics_obtained":[{"floor":6,"key":"Pen Nib"},{"floor":8,"key":"Gremlin Horn"},{"floor":9,"key":"The Courier"}],"event_choices":[{"damage_healed":0,"gold_gain":75,"player_choice":"Gather Gold","damage_taken":11,"max_hp_gain":0,"max_hp_loss":0,"event_name":"World of Goop","floor":2,"gold_loss":0},{"damage_healed":0,"gold_gain":0,"player_choice":"Box","damage_taken":0,"relics_obtained":["WingedGreaves"],"max_hp_gain":0,"max_hp_loss":0,"event_name":"Big Fish","floor":3,"gold_loss":0,"cards_obtained":["Regret"]},{"damage_healed":0,"gold_gain":175,"player_choice":"AGREE","damage_taken":0,"max_hp_gain":0,"max_hp_loss":0,"event_name":"Liars Game","floor":4,"gold_loss":0,"cards_obtained":["Doubt"]}],"is_beta":false,"boss_relics":[],"items_purged_floors":[5],"is_endless":false,"potions_floor_spawned":[8,11],"killed_by":"Lagavulin","ascension_level":11}