{"gold_per_floor":[17,35,45,18,18,43,43,75,75,75,94,4,4,19,19,92,92,72,96,96,109,122,122,140,173,243,243,260,276,7,41,41,120,120,133,133,151,131,31,31,64,64,64,64,82,96,96,0,0,0],"floor_reached":51,"playtime":2310,"items_purged":["Strike_R","Strike_R"],"score":1269,"play_id":"33734d15-0af4-4266-abef-1fdac02c5f44","local_time":"20190323144608","is_ascension_mode":true,"campfire_choices":[{"floor":10,"key":"REST"},{"data":"Armaments","floor":13,"key":"SMITH"},{"data":"Panacea","floor":15,"key":"SMITH"},{"data":"Carnage","floor":23,"key":"SMITH"},{"data":"Bash","floor":27,"key":"SMITH"},{"data":"Armaments","floor":32,"key":"SMITH"},{"data":"Double Tap","floor":40,"key":"SMITH"},{"data":"Body Slam","floor":42,"key":"SMITH"},{"data":"Body Slam","floor":44,"key":"SMITH"},{"data":"Heavy Blade","floor":49,"key":"SMITH"}],"neow_cost":"NO_GOLD","seed_source_timestamp":247055652625931,"circlet_count":0,"master_deck":["AscendersBane","Strike_R","Strike_R","Strike_R","Defend_R","Defend_R","Defend_R","Defend_R","Bash+1","Armaments+1","Body Slam+1","Disarm+1","Carnage+1","Body Slam+1","Berserk","Reaper","Panacea+1","Clothesline","Feed","Necronomicurse","Heavy Blade+1","Clothesline","Armaments+1","Rage+1","Shrug It Off+1","True Grit+1","Double Tap+1","Shrug It Off+1"],"relics":["Burning Blood","FossilizedHelix","Art of War","Red Skull","Bottled Flame","Velvet Choker","Strawberry","Necronomicon","Torii","Pantograph","War Paint","Ice Cream","Busted Crown","The Courier","Ornamental Fan","Red Mask"],"potions_floor_usage":[4,8,24,24,25,33,37,37,41,50],"damage_taken":[{"damage":0,"enemies":"2 Louse","floor":1,"turns":4},{"damage":0,"enemies":"Cultist","floor":2,"turns":4},{"damage":0,"enemies":"Small Slimes","floor":3,"turns":4},{"damage":1,"enemies":"Exordium Thugs","floor":4,"turns":5},{"damage":55,"enemies":"3 Sentries","floor":6,"turns":8},{"damage":21,"enemies":"Gremlin Nob","floor":8,"turns":5},{"damage":11,"enemies":"Blue Slaver","floor":11,"turns":4},{"damage":7,"enemies":"Red Slaver","floor":14,"turns":4},{"damage":23,"enemies":"Hexaghost","floor":16,"turns":11},{"damage":22,"enemies":"2 Thieves","floor":18,"turns":4},{"damage":10,"enemies":"Shell Parasite","floor":21,"turns":5},{"damage":6,"enemies":"Snake Plant","floor":22,"turns":3},{"damage":33,"enemies":"Sentry and Sphere","floor":24,"turns":6},{"damage":18,"enemies":"Book of Stabbing","floor":25,"turns":4},{"damage":1,"enemies":"Snecko","floor":28,"turns":4},{"damage":26,"enemies":"3 Cultists","floor":29,"turns":5},{"damage":37,"enemies":"Gremlin Leader","floor":31,"turns":9},{"damage":82,"enemies":"Champ","floor":33,"turns":13},{"damage":0,"enemies":"Orb Walker","floor":35,"turns":3},{"damage":9,"enemies":"3 Darklings","floor":37,"turns":7},{"damage":22,"enemies":"Giant Head","floor":41,"turns":8},{"damage":15,"enemies":"Transient","floor":45,"turns":5},{"damage":11,"enemies":"Writhing Mass","floor":46,"turns":5},{"damage":104,"enemies":"Donu and Deca","floor":50,"turns":12}],"seed_played":"-8553041167202557317","potions_obtained":[{"floor":2,"key":"Block Potion"},{"floor":4,"key":"Ancient Potion"},{"floor":8,"key":"Regen Potion"},{"floor":11,"key":"Explosive Potion"},{"floor":21,"key":"Regen Potion"},{"floor":24,"key":"SkillPotion"},{"floor":28,"key":"FairyPotion"},{"floor":29,"key":"Weak Potion"},{"floor":33,"key":"Fire Potion"},{"floor":35,"key":"SkillPotion"},{"floor":37,"key":"PowerPotion"},{"floor":38,"key":"Regen Potion"},{"floor":41,"key":"Energy Potion"}],"is_trial":false,"path_per_floor":["M","M","M","M","?","E","$","E","T","R","M","$","R","M","R","B",null,"M","T","?","M","M","R","M","E","T","R","M","M","$","E","R","B",null,"M","$","M","?","$","R","E","R","T","R","M","M","?","?","R","B",null],"character_chosen":"IRONCLAD","items_purchased":["Panacea","Shrug It Off","War Paint"],"campfire_rested":1,"item_purchase_floors":[12,30,30],"current_hp_per_floor":[74,75,75,75,75,26,26,15,15,37,39,39,39,42,42,32,64,58,65,44,44,47,47,68,56,56,56,69,65,65,42,42,14,67,81,81,85,85,85,85,69,69,69,69,66,66,66,66,66,12],"gold":0,"neow_bonus":"ONE_RARE_RELIC","is_prod":false,"is_daily":false,"chose_seed":false,"campfire_upgraded":9,"win_rate":0,"timestamp":1553366768,"path_taken":["M","M","M","M","?","E","$","E","T","R","M","$","R","?","R","BOSS","M","?","?","M","?","R","M","E","T","R","M","M","$","E","R","BOSS","M","$","M","?","$","R","E","R","T","R","M","?","?","?","R","BOSS"],"build_version":"2019-01-23","purchased_purges":2,"victory":true,"max_hp_per_floor":[75,75,75,75,75,75,75,75,75,75,75,75,75,75,75,75,75,75,82,82,82,85,85,85,85,85,85,85,85,85,85,85,85,85,85,85,85,85,85,85,85,85,85,85,85,85,81,81,81,81],"card_choices":[{"not_picked":["Shrug It Off","Iron Wave"],"picked":"Armaments","floor":1},{"not_picked":["Sword Boomerang","Evolve"],"picked":"Body Slam","floor":2},{"not_picked":["True Grit","Heavy Blade"],"picked":"Disarm","floor":3},{"not_picked":["Power Through","Infernal Blade"],"picked":"Carnage","floor":4},{"not_picked":["Exhume","Flame Barrier"],"picked":"Reaper","floor":6},{"not_picked":["Twin Strike","Fiend Fire","True Grit"],"picked":"SKIP","floor":8},{"not_picked":["Sentinel","Havoc","Battle Trance"],"picked":"SKIP","floor":11},{"not_picked":["Clash","Dual Wield"],"picked":"Clothesline","floor":14},{"not_picked":["Brutality","Dark Embrace"],"picked":"Feed","floor":16},{"not_picked":["Rage","Seeing Red","Flex"],"picked":"SKIP","floor":18},{"not_picked":["Infernal Blade","Anger","Flex"],"picked":"SKIP","floor":21},{"not_picked":["Havoc","Clothesline","Headbutt"],"picked":"SKIP","floor":22},{"not_picked":["Reckless Charge","Metallicize"],"picked":"Heavy Blade","floor":24},{"not_picked":["Rage","Thunderclap"],"picked":"Clothesline","floor":25},{"not_picked":["Warcry","Clothesline"],"picked":"Armaments","floor":28},{"not_picked":["Combust","Pommel Strike"],"picked":"Rage+1","floor":29},{"not_picked":["Burning Pact+1","Pummel"],"picked":"True Grit+1","floor":31},{"not_picked":["Berserk","Demon Form"],"picked":"Double Tap","floor":33},{"not_picked":["Rampage+1"],"picked":"SKIP","floor":35},{"not_picked":["Headbutt"],"picked":"SKIP","floor":37},{"not_picked":[],"picked":"Shrug It Off+1","floor":41},{"not_picked":["Clothesline"],"picked":"SKIP","floor":45},{"not_picked":["Body Slam"],"picked":"SKIP","floor":46}],"player_experience":447530,"relics_obtained":[{"floor":6,"key":"Art of War"},{"floor":8,"key":"Red Skull"},{"floor":9,"key":"Bottled Flame"},{"floor":19,"key":"Strawberry"},{"floor":20,"key":"Necronomicon"},{"floor":25,"key":"Torii"},{"floor":26,"key":"Pantograph"},{"floor":31,"key":"Ice Cream"},{"floor":41,"key":"The Courier"},{"floor":43,"key":"Ornamental Fan"}],"event_choices":[{"damage_healed":0,"gold_gain":0,"player_choice":"2 cards matched","damage_taken":0,"max_hp_gain":0,"max_hp_loss":0,"event_name":"Match and Keep!","floor":5,"gold_loss":0,"cards_obtained":["Body Slam","Berserk"]},{"damage_healed":0,"gold_gain":0,"player_choice":"Obtained Book","damage_taken":21,"max_hp_gain":0,"max_hp_loss":0,"event_name":"Cursed Tome","floor":20,"gold_loss":0},{"damage_healed":0,"gold_gain":0,"player_choice":"Bought 1 Potion","damage_taken":0,"max_hp_gain":0,"max_hp_loss":0,"event_name":"The Woman in Blue","floor":38,"gold_loss":0},{"damage_healed":0,"gold_gain":0,"player_choice":"Max HP","damage_taken":0,"max_hp_gain":0,"max_hp_loss":4,"event_name":"Winding Halls","floor":47,"gold_loss":0},{"damage_healed":0,"gold_gain":0,"player_choice":"Paid","damage_taken":0,"relics_obtained":["Red Mask"],"max_hp_gain":0,"max_hp_loss":0,"event_name":"Tomb of Lord Red Mask","floor":48,"gold_loss":96}],"is_beta":false,"boss_relics":[{"not_picked":["Black Star","Fusion Hammer"],"picked":"Velvet Choker"},{"not_picked":["Eternal Feather","Snecko Eye"],"picked":"Busted Crown"}],"items_purged_floors":[30,39],"is_endless":false,"potions_floor_spawned":[2,4,8,11,16,21,24,28,29,33,35,37,41],"ascension_level":16}