{"gold_per_floor":[118,132,149,163,88,121,136,136,160,60,78,110,110,185,185,287,287,305,320,49,65,84,84,110,110,110,125,125,158,158,8,8,106,106,118,138,152,171,14,14,41,59,59,59,106,106,133,93,93,93],"floor_reached":51,"playtime":2295,"items_purged":["Normality","Strike_R","Strike_R","Strike_R+1"],"score":857,"play_id":"265aaa19-b5da-49a3-883c-62d1c95c5f25","local_time":"20190512195016","is_ascension_mode":false,"campfire_choices":[{"data":"Flame Barrier","floor":15,"key":"SMITH"},{"floor":28,"key":"REST"},{"floor":32,"key":"REST"},{"floor":40,"key":"RECALL"},{"floor":44,"key":"REST"},{"floor":49,"key":"REST"}],"neow_cost":"CURSE","seed_source_timestamp":517368738169261,"circlet_count":0,"master_deck":["Strike_R+1","Strike_R+1","Defend_R+1","Defend_R+1","Defend_R+1","Defend_R+1","Bash+1","Feed+1","Cleave+1","True Grit+1","Flame Barrier+1","Uppercut+1","Bludgeon+1","Limit Break+1","Barricade+1","Inflame+1","Flame Barrier+1","Metallicize+1","Armaments+1","Flame Barrier+1","Immolate+1","Bludgeon+1","Limit Break+1","Flame Barrier+1","Body Slam+1","Twin Strike+1","Double Tap+1","Entrench+1"],"relics":["Burning Blood","Mummified Hand","Orichalcum","Pen Nib","Fusion Hammer","Lantern","Letter Opener","Mercury Hourglass","Mark of Pain","PreservedInsect","Strawberry","Regal Pillow","StoneCalendar","Mark of the Bloom","Ginger"],"potions_floor_usage":[6,16,24,24,33,45,50,50,50],"damage_taken":[{"damage":8,"enemies":"Small Slimes","floor":1,"turns":4},{"damage":6,"enemies":"Jaw Worm","floor":2,"turns":3},{"damage":7,"enemies":"2 Louse","floor":3,"turns":3},{"damage":19,"enemies":"Large Slime","floor":4,"turns":10},{"damage":36,"enemies":"Gremlin Nob","floor":6,"turns":5},{"damage":9,"enemies":"2 Fungi Beasts","floor":7,"turns":3},{"damage":9,"enemies":"Blue Slaver","floor":11,"turns":4},{"damage":19,"enemies":"Lagavulin","floor":12,"turns":6},{"damage":12,"enemies":"The Guardian","floor":16,"turns":14},{"damage":17,"enemies":"Spheric Guardian","floor":18,"turns":6},{"damage":1,"enemies":"Chosen","floor":19,"turns":5},{"damage":21,"enemies":"Shelled Parasite and Fungi","floor":21,"turns":4},{"damage":19,"enemies":"Sentry and Sphere","floor":22,"turns":4},{"damage":5,"enemies":"Slavers","floor":24,"turns":4},{"damage":12,"enemies":"Snake Plant","floor":27,"turns":3},{"damage":25,"enemies":"Gremlin Leader","floor":29,"turns":6},{"damage":25,"enemies":"Collector","floor":33,"turns":11},{"damage":9,"enemies":"3 Shapes","floor":35,"turns":3},{"damage":5,"enemies":"Orb Walker","floor":36,"turns":3},{"damage":4,"enemies":"Writhing Mass","floor":37,"turns":4},{"damage":0,"enemies":"Transient","floor":38,"turns":5},{"damage":17,"enemies":"Reptomancer","floor":41,"turns":5},{"damage":4,"enemies":"3 Darklings","floor":42,"turns":6},{"damage":12,"enemies":"2 Orb Walkers","floor":45,"turns":4},{"damage":10,"enemies":"Giant Head","floor":47,"turns":6},{"damage":25,"enemies":"Awakened One","floor":50,"turns":9}],"seed_played":"4608391925362838900","potions_obtained":[{"floor":1,"key":"SteroidPotion"},{"floor":3,"key":"Dexterity Potion"},{"floor":6,"key":"Explosive Potion"},{"floor":7,"key":"PowerPotion"},{"floor":16,"key":"Fire Potion"},{"floor":27,"key":"Weak Potion"},{"floor":29,"key":"Regen Potion"},{"floor":33,"key":"Energy Potion"},{"floor":45,"key":"PowerPotion"},{"floor":48,"key":"Dexterity Potion"},{"floor":48,"key":"EssenceOfSteel"}],"is_trial":false,"path_per_floor":["M","M","M","M","$","E","M","$","T","$","M","E","?","?","R","B",null,"M","M","$","M","M","?","E","?","T","M","R","E","?","$","R","B",null,"M","M","M","M","$","R","E","M","T","R","?","?","E","?","R","B",null],"character_chosen":"IRONCLAD","items_purchased":["Flame Barrier","Metallicize","PreservedInsect"],"campfire_rested":4,"item_purchase_floors":[20,20,39],"current_hp_per_floor":[81,84,86,76,76,46,46,46,46,46,46,36,36,25,25,19,101,90,98,98,86,76,76,80,80,80,74,107,88,88,88,113,94,113,110,111,113,113,113,113,109,111,111,120,114,114,104,104,104,79],"gold":93,"neow_bonus":"THREE_RARE_CARDS","is_prod":false,"is_daily":false,"chose_seed":false,"campfire_upgraded":1,"win_rate":0,"timestamp":1557705016,"path_taken":["M","M","M","M","$","E","M","$","T","$","M","E","?","?","R","BOSS","M","M","$","M","M","?","E","?","T","M","R","E","?","$","R","BOSS","M","M","M","M","$","R","E","M","T","R","?","?","E","?","R","BOSS"],"build_version":"2019-01-23","purchased_purges":4,"victory":true,"max_hp_per_floor":[83,86,89,92,92,92,95,95,95,95,98,101,101,101,101,101,101,101,104,104,107,110,110,113,113,113,113,113,113,113,113,113,113,113,113,113,113,113,113,113,120,120,120,120,120,120,120,120,120,124],"card_choices":[{"not_picked":["Double Tap","Exhume"],"picked":"Feed","floor":0},{"not_picked":["Searing Blow","Anger"],"picked":"Cleave","floor":1},{"not_picked":["Flex","Perfected Strike"],"picked":"True Grit","floor":2},{"not_picked":["Burning Pact","Rage"],"picked":"Flame Barrier","floor":3},{"not_picked":["Clash","Heavy Blade","Perfected Strike"],"picked":"SKIP","floor":4},{"not_picked":["Metallicize","Twin Strike"],"picked":"Uppercut","floor":6},{"not_picked":["Second Wind","Perfected Strike","Warcry"],"picked":"SKIP","floor":7},{"not_picked":["Power Through","Headbutt"],"picked":"Bludgeon","floor":11},{"not_picked":["Warcry","Shrug It Off"],"picked":"Limit Break","floor":12},{"not_picked":["Impervious","Berserk"],"picked":"Barricade","floor":16},{"not_picked":["Clothesline","True Grit+1"],"picked":"Inflame+1","floor":18},{"not_picked":["Clash","Disarm","Battle Trance"],"picked":"SKIP","floor":19},{"not_picked":["Clothesline+1","Reckless Charge","Headbutt"],"picked":"SKIP","floor":21},{"not_picked":["Cleave+1","Warcry","Perfected Strike"],"picked":"SKIP","floor":22},{"not_picked":["Wild Strike","Corruption"],"picked":"Armaments","floor":24},{"not_picked":["Heavy Blade","True Grit+1"],"picked":"Immolate","floor":27},{"not_picked":["Havoc","Armaments+1"],"picked":"Bludgeon","floor":29},{"not_picked":["Juggernaut","Barricade"],"picked":"Limit Break","floor":33},{"not_picked":["Iron Wave","Warcry"],"picked":"Flame Barrier+1","floor":35},{"not_picked":["Anger","Dual Wield+1"],"picked":"Body Slam+1","floor":36},{"not_picked":["Warcry+1","Pommel Strike"],"picked":"Twin Strike+1","floor":37},{"not_picked":["Havoc+1","Cleave","Anger"],"picked":"SKIP","floor":38},{"not_picked":["Spot Weakness","Disarm+1"],"picked":"Double Tap","floor":41},{"not_picked":["Clash","Whirlwind+1"],"picked":"Entrench+1","floor":42},{"not_picked":["Berserk","Wild Strike","Feel No Pain"],"picked":"SKIP","floor":47}],"player_experience":690257,"relics_obtained":[{"floor":6,"key":"Mummified Hand"},{"floor":9,"key":"Orichalcum"},{"floor":12,"key":"Pen Nib"},{"floor":24,"key":"Lantern"},{"floor":26,"key":"Letter Opener"},{"floor":29,"key":"Mercury Hourglass"},{"floor":41,"key":"Strawberry"},{"floor":43,"key":"Regal Pillow"},{"floor":45,"key":"StoneCalendar"},{"floor":47,"key":"Ginger"}],"event_choices":[{"damage_healed":0,"gold_gain":0,"player_choice":"Grow","damage_taken":0,"max_hp_gain":0,"max_hp_loss":0,"event_name":"Living Wall","floor":13,"gold_loss":0,"cards_upgraded":["Uppercut"]},{"damage_healed":0,"gold_gain":75,"player_choice":"Gather Gold","damage_taken":11,"max_hp_gain":0,"max_hp_loss":0,"event_name":"World of Goop","floor":14,"gold_loss":0},{"damage_healed":0,"gold_gain":0,"player_choice":"Ignored","damage_taken":0,"max_hp_gain":0,"max_hp_loss":0,"event_name":"Ghosts","floor":23,"gold_loss":0},{"damage_healed":0,"gold_gain":0,"player_choice":"Read","damage_taken":0,"max_hp_gain":0,"max_hp_loss":0,"event_name":"The Library","floor":25,"gold_loss":0,"cards_obtained":["Flame Barrier"]},{"damage_healed":0,"gold_gain":0,"player_choice":"Simplicity","damage_taken":0,"max_hp_gain":0,"max_hp_loss":0,"event_name":"Back to Basics","floor":30,"gold_loss":0,"cards_upgraded":["Strike_R","Strike_R","Strike_R","Defend_R","Defend_R","Defend_R","Defend_R"]},{"damage_healed":0,"gold_gain":0,"player_choice":"Fight","damage_taken":0,"max_hp_gain":0,"max_hp_loss":0,"event_name":"Mysterious Sphere","floor":45,"gold_loss":0},{"damage_healed":0,"gold_gain":0,"player_choice":"Upgrade","damage_taken":0,"relics_obtained":["Mark of the Bloom"],"max_hp_gain":0,"max_hp_loss":0,"event_name":"MindBloom","floor":46,"gold_loss":0,"cards_upgraded":["Bash","Feed","Cleave","True Grit","Bludgeon","Limit Break","Barricade","Flame Barrier","Metallicize","Armaments","Flame Barrier","Immolate","Bludgeon","Limit Break","Double Tap"]},{"damage_healed":0,"gold_gain":0,"player_choice":"Bought 3 Potions","damage_taken":0,"max_hp_gain":0,"max_hp_loss":0,"event_name":"The Woman in Blue","floor":48,"gold_loss":0}],"is_beta":false,"boss_relics":[{"not_picked":["Tiny House","Orrery"],"picked":"Fusion Hammer"},{"not_picked":["Lizard Tail","Black Blood"],"picked":"Mark of Pain"}],"items_purged_floors":[5,10,20,31],"is_endless":false,"potions_floor_spawned":[1,3,6,7,11,16,22,27,29,33,36,38,45],"ascension_level":0}