{"gold_per_floor":[213,232,245,245,245,574,574,554,554,554,567,177,197,25,25,96,96,111,122,137,137,154,154,154],"floor_reached":24,"playtime":1081,"items_purged":["Strike_G"],"score":396,"play_id":"4ba4c9ad-76fb-46b5-83e6-3a19eaa4f434","local_time":"20190606225528","is_ascension_mode":true,"campfire_choices":[{"floor":7.0,"key":"REST"},{"data":"Riddle With Holes","floor":10.0,"key":"SMITH"},{"data":"Noxious Fumes","floor":15.0,"key":"SMITH"},{"floor":23,"key":"REST"}],"neow_cost":"NONE","seed_source_timestamp":254359190127948,"circlet_count":0,"master_deck":["AscendersBane","Defend_G","Defend_G","Defend_G","Defend_G","Strike_G","Strike_G","Survivor","Neutralize+1","Poisoned Stab","Riddle With Holes+1","Dagger Throw","Backstab","Dodge and Roll","Dash","Crippling Poison","Noxious Fumes+1","Deadly Poison","Night Terror","Corpse Explosion+1","Skewer+1","Escape Plan+1","Deflect+1","Backflip","Flechettes"],"special_seed":0,"relics":["Ring of the Snake","Old Coin","Nunchaku","Membership Card","Pantograph","Blood Vial","Astrolabe"],"potions_floor_usage":[24],"damage_taken":[{"damage":0.0,"enemies":"Small Slimes","floor":1.0,"turns":4.0},{"damage":0.0,"enemies":"Jaw Worm","floor":2.0,"turns":4.0},{"damage":4.0,"enemies":"Cultist","floor":3.0,"turns":3.0},{"damage":57.0,"enemies":"Lagavulin","floor":6.0,"turns":9.0},{"damage":6.0,"enemies":"Exordium Thugs","floor":11.0,"turns":4.0},{"damage":0.0,"enemies":"3 Louse","floor":13.0,"turns":3.0},{"damage":10.0,"enemies":"Hexaghost","floor":16.0,"turns":8.0},{"damage":10.0,"enemies":"2 Thieves","floor":18.0,"turns":3.0},{"damage":0.0,"enemies":"Spheric Guardian","floor":19.0,"turns":1.0},{"damage":19.0,"enemies":"Centurion and Healer","floor":20.0,"turns":5.0},{"damage":18,"enemies":"Colosseum Slavers","floor":21,"turns":3},{"damage":16,"enemies":"Snecko","floor":22,"turns":5},{"damage":38,"enemies":"Book of Stabbing","floor":24,"turns":5}],"seed_played":"-6895988198035116328","potions_obtained":[{"floor":1.0,"key":"Dexterity Potion"},{"floor":6.0,"key":"LiquidBronze"},{"floor":8.0,"key":"SneckoOil"},{"floor":13.0,"key":"Block Potion"},{"floor":18.0,"key":"Fire Potion"},{"floor":22,"key":"Energy Potion"}],"is_trial":false,"path_per_floor":["M","M","M","?","?","E","R","?","T","R","M","$","M","$","R","B",null,"M","M","M","?","M","R","E"],"character_chosen":"THE_SILENT","items_purchased":["Membership Card","Pantograph","Dash","Blood Vial","Noxious Fumes","Deadly Poison"],"campfire_rested":2,"item_purchase_floors":[12,12,12,14,14,14],"current_hp_per_floor":[59,59,55,55,60,3,24,24,24,24,18,18,18,18,18,35,62,54,56,39,23,9,30,0],"gold":154,"neow_bonus":"HUNDRED_GOLD","is_prod":false,"is_daily":false,"chose_seed":false,"campfire_upgraded":2,"win_rate":0,"timestamp":1559876128,"path_taken":["M","M","M","?","?","E","R","?","T","R","M","$","M","$","R","BOSS","M","?","M","?","M","R","E"],"build_version":"2019-01-23","purchased_purges":1,"victory":false,"max_hp_per_floor":[66,66,66,66,71,71,71,71,71,71,71,71,71,71,71,71,71,71,71,71,71,71,71,71],"card_choices":[{"not_picked":["Reflex","Backflip"],"picked":"Poisoned Stab","floor":1.0},{"not_picked":["Outmaneuver","Dodge and Roll"],"picked":"Riddle With Holes","floor":2.0},{"not_picked":["Masterful Stab","Accuracy"],"picked":"Dagger Throw","floor":3.0},{"not_picked":["Tactician","Terror"],"picked":"Backstab","floor":6.0},{"not_picked":["Deflect","Dagger Spray"],"picked":"Dodge and Roll","floor":11.0},{"not_picked":["Storm of Steel","Reflex"],"picked":"Crippling Poison","floor":13.0},{"not_picked":["Grand Finale","Venomology"],"picked":"Night Terror","floor":16.0},{"not_picked":["Quick Slash","Cloak And Dagger"],"picked":"Deflect+1","floor":18.0},{"not_picked":["Choke","Deflect"],"picked":"Backflip","floor":19.0},{"not_picked":["Eviscerate","Outmaneuver+1","Riddle With Holes"],"picked":"SKIP","floor":20.0},{"not_picked":["Acrobatics","Dodge and Roll"],"picked":"Flechettes","floor":22}],"player_experience":852223,"relics_obtained":[{"floor":6.0,"key":"Old Coin"},{"floor":9.0,"key":"Nunchaku"}],"event_choices":[{"damage_healed":0.0,"max_hp_gain":0.0,"max_hp_loss":0.0,"gold_gain":0.0,"event_name":"Living Wall","player_choice":"Grow","floor":4.0,"gold_loss":0.0,"damage_taken":0.0,"cards_upgraded":["Neutralize"]},{"damage_healed":0.0,"max_hp_gain":5.0,"max_hp_loss":0.0,"gold_gain":0.0,"event_name":"Big Fish","player_choice":"Donut","floor":5.0,"gold_loss":0.0,"damage_taken":0.0},{"damage_healed":0.0,"max_hp_gain":0.0,"max_hp_loss":0.0,"gold_gain":0.0,"event_name":"The Woman in Blue","player_choice":"Bought 1 Potion","floor":8.0,"gold_loss":0.0,"damage_taken":0.0},{"damage_healed":0,"gold_gain":0,"player_choice":"Fight","damage_taken":0,"max_hp_gain":0,"max_hp_loss":0,"event_name":"Colosseum","floor":21,"gold_loss":0},{"damage_healed":0,"gold_gain":0,"player_choice":"Fled From Nobs","damage_taken":0,"max_hp_gain":0,"max_hp_loss":0,"event_name":"Colosseum","floor":21,"gold_loss":0}],"is_beta":false,"boss_relics":[{"not_picked":["Empty Cage","Velvet Choker"],"picked":"Astrolabe"}],"items_purged_floors":[14],"is_endless":false,"potions_floor_spawned":[1,6,13,18,22],"killed_by":"Book of Stabbing","ascension_level":20}