{"gold_per_floor":[110,130,146,156,166,166,197,197,197,211,211,211,262,337,337,434,434,449,449],"floor_reached":19,"playtime":1246,"items_purged":[],"score":169,"play_id":"a3d0c7dc-5442-465b-83ac-d04eb3c189bd","local_time":"20190518194722","is_ascension_mode":false,"campfire_choices":[{"floor":6,"key":"REST"},{"floor":8,"key":"REST"},{"floor":11,"key":"REST"},{"floor":15,"key":"REST"}],"neow_cost":"NONE","seed_source_timestamp":456712515780044,"circlet_count":0,"master_deck":["Strike_R","Strike_R","Strike_R","Strike_R","Strike_R","Defend_R","Defend_R","Defend_R","Defend_R","Bash","Demon Form","Anger","Thunderclap","Metallicize","Rage","Perfected Strike","Thunderclap","Twin Strike","Impervious"],"relics":["Burning Blood","Mummified Hand","Sundial","Centennial Puzzle","White Beast Statue"],"potions_floor_usage":[18],"damage_taken":[{"damage":1,"enemies":"Cultist","floor":1,"turns":3},{"damage":13,"enemies":"Jaw Worm","floor":2,"turns":3},{"damage":11,"enemies":"Small Slimes","floor":3,"turns":3},{"damage":10,"enemies":"2 Fungi Beasts","floor":4,"turns":4},{"damage":8,"enemies":"3 Louse","floor":5,"turns":3},{"damage":25,"enemies":"Gremlin Nob","floor":7,"turns":5},{"damage":34,"enemies":"Exordium Wildlife","floor":10,"turns":4},{"damage":37,"enemies":"Slime Boss","floor":16,"turns":10},{"damage":40,"enemies":"2 Thieves","floor":18,"turns":4},{"damage":0,"enemies":"Shell Parasite","floor":19,"turns":1}],"seed_played":"6510287828248405119","potions_obtained":[{"floor":1,"key":"Fruit Juice"},{"floor":7,"key":"Dexterity Potion"},{"floor":18,"key":"Swift Potion"}],"is_trial":false,"path_per_floor":["M","M","M","M","M","R","E","R","T","M","R","?","T","?","R","B",null,"M","M"],"character_chosen":"IRONCLAD","items_purchased":[],"campfire_rested":4,"item_purchase_floors":[],"current_hp_per_floor":[80,73,68,64,62,80,61,80,80,52,76,81,81,70,85,54,85,56,56],"gold":449,"neow_bonus":"ONE_RANDOM_RARE_CARD","is_prod":false,"is_daily":false,"chose_seed":false,"campfire_upgraded":0,"win_rate":0,"timestamp":1558234042,"path_taken":["M","M","?","M","M","R","E","R","T","M","R","?","?","?","R","BOSS","M","M"],"build_version":"2019-01-23","purchased_purges":0,"victory":false,"max_hp_per_floor":[80,80,80,80,80,80,80,80,80,80,80,85,85,85,85,85,85,90,90],"card_choices":[{"not_picked":["Dual Wield","Havoc"],"picked":"Anger","floor":1},{"not_picked":["Perfected Strike","Clash"],"picked":"Thunderclap","floor":2},{"not_picked":["Thunderclap","True Grit"],"picked":"Metallicize","floor":3},{"not_picked":["Twin Strike","Sever Soul"],"picked":"Rage","floor":4},{"not_picked":["Flex","True Grit"],"picked":"Perfected Strike","floor":5},{"not_picked":["Bloodletting","Dark Embrace"],"picked":"Thunderclap","floor":7},{"not_picked":["Pommel Strike","Clash"],"picked":"Twin Strike","floor":10},{"not_picked":["Dark Embrace","Feed"],"picked":"Impervious","floor":16},{"not_picked":["Sword Boomerang","Shrug It Off+1","Clothesline"],"picked":"SKIP","floor":18}],"player_experience":226397,"relics_obtained":[{"floor":7,"key":"Mummified Hand"},{"floor":9,"key":"Sundial"},{"floor":13,"key":"Centennial Puzzle"}],"event_choices":[{"damage_healed":0,"gold_gain":0,"player_choice":"Donut","damage_taken":0,"max_hp_gain":5,"max_hp_loss":0,"event_name":"Big Fish","floor":12,"gold_loss":0},{"damage_healed":0,"gold_gain":75,"player_choice":"Gather Gold","damage_taken":11,"max_hp_gain":0,"max_hp_loss":0,"event_name":"World of Goop","floor":14,"gold_loss":0}],"is_beta":false,"boss_relics":[{"not_picked":["Empty Cage","Fusion Hammer"],"picked":"White Beast Statue"}],"items_purged_floors":[],"is_endless":false,"potions_floor_spawned":[1,7,18],"killed_by":"Shell Parasite","ascension_level":0}