{"gold_per_floor":[117,130,130,149,166,166,198,198,198,26,40,52,52,52,52,52],"floor_reached":16,"playtime":560,"items_purged":[],"score":189,"play_id":"6645b8ec-daf7-4236-a98a-fb3eb218fe68","local_time":"20190606193507","is_ascension_mode":true,"campfire_choices":[{"data":"Juggernaut","floor":6,"key":"SMITH"},{"data":"Shrug It Off","floor":8,"key":"SMITH"},{"floor":15,"key":"REST"}],"neow_cost":"NONE","seed_source_timestamp":447199972811072,"circlet_count":0,"master_deck":["AscendersBane","Strike_R","Strike_R","Strike_R","Strike_R","Strike_R","Defend_R","Defend_R","Defend_R","Defend_R","Bash","Flame Barrier","Sever Soul","Juggernaut+1","Shrug It Off+1","Pommel Strike"],"relics":["Burning Blood","Pen Nib","Kunai","Mercury Hourglass","Art of War"],"potions_floor_usage":[2,7,12],"damage_taken":[{"damage":21,"enemies":"Small Slimes","floor":1,"turns":5},{"damage":1,"enemies":"Cultist","floor":2,"turns":4},{"damage":14,"enemies":"Jaw Worm","floor":4,"turns":4},{"damage":8,"enemies":"2 Fungi Beasts","floor":5,"turns":4},{"damage":22,"enemies":"Lagavulin","floor":7,"turns":8},{"damage":9,"enemies":"Large Slime","floor":11,"turns":6},{"damage":7,"enemies":"Lots of Slimes","floor":12,"turns":3},{"damage":50,"enemies":"Slime Boss","floor":16,"turns":8}],"seed_played":"-8124182781270239759","potions_obtained":[{"floor":1,"key":"Strength Potion"},{"floor":2,"key":"Poison Potion"},{"floor":5,"key":"SteroidPotion"}],"is_trial":false,"path_per_floor":["M","M","?","M","M","R","E","R","T","$","M","M","$","?","R","B"],"character_chosen":"IRONCLAD","items_purchased":["Art of War"],"campfire_rested":1,"item_purchase_floors":[10],"current_hp_per_floor":[53,58,58,50,48,48,32,32,32,32,29,28,28,28,50,0],"gold":52,"neow_bonus":"RANDOM_COMMON_RELIC","is_prod":false,"is_daily":false,"chose_seed":false,"campfire_upgraded":2,"win_rate":0,"timestamp":1559874907,"path_taken":["M","M","?","M","M","R","E","R","T","$","?","?","$","?","R","BOSS"],"build_version":"2019-01-23","purchased_purges":0,"victory":false,"max_hp_per_floor":[75,75,75,75,75,75,75,75,75,75,75,75,75,75,75,75],"card_choices":[{"not_picked":["Second Wind","Warcry"],"picked":"Flame Barrier","floor":1},{"not_picked":["Blood for Blood","Twin Strike"],"picked":"Sever Soul","floor":2},{"not_picked":["Power Through","Reckless Charge"],"picked":"Shrug It Off","floor":4},{"not_picked":["Perfected Strike","Headbutt"],"picked":"Pommel Strike","floor":5},{"not_picked":["Sword Boomerang","Dual Wield","Clash"],"picked":"SKIP","floor":7},{"not_picked":["Rage","Flex","Uppercut"],"picked":"SKIP","floor":11},{"not_picked":["Hemokinesis","Combust","Havoc"],"picked":"SKIP","floor":12}],"player_experience":957458,"relics_obtained":[{"floor":7,"key":"Kunai"},{"floor":9,"key":"Mercury Hourglass"}],"event_choices":[{"damage_healed":0,"gold_gain":0,"player_choice":"1 cards matched","damage_taken":0,"max_hp_gain":0,"max_hp_loss":0,"event_name":"Match and Keep!","floor":3,"gold_loss":0,"cards_obtained":["Juggernaut"]},{"damage_healed":0,"gold_gain":0,"player_choice":"Fled","damage_taken":0,"max_hp_gain":0,"max_hp_loss":0,"event_name":"Scrap Ooze","floor":14,"gold_loss":0}],"is_beta":false,"boss_relics":[],"items_purged_floors":[],"is_endless":false,"potions_floor_spawned":[1,2,5],"killed_by":"Slime Boss","ascension_level":17}