{"gold_per_floor":[109,109,123,135,148,148,161,161,161,161,72,72,90,115,115,115],"floor_reached":16,"playtime":373,"items_purged":[],"score":199,"play_id":"056b69ba-9a8c-4eba-a706-a270265ea8d8","local_time":"20190627204706","is_ascension_mode":true,"campfire_choices":[{"data":"Corruption","floor":6,"key":"SMITH"},{"data":"Carnage","floor":8,"key":"SMITH"},{"data":"True Grit","floor":10,"key":"SMITH"},{"data":"Rampage","floor":12,"key":"SMITH"},{"data":"Sever Soul","floor":15,"key":"SMITH"}],"neow_cost":"NONE","seed_source_timestamp":1288580296454086,"circlet_count":0,"master_deck":["AscendersBane","Strike_R","Strike_R","Strike_R","Strike_R","Strike_R","Defend_R","Defend_R","Defend_R","Defend_R","Bash","Cleave","Power Through","Corruption+1","True Grit+1","Carnage+1","Rampage+1","Flame Barrier","Sever Soul+1","Wild Strike"],"relics":["Burning Blood","Mercury Hourglass","Meat on the Bone"],"potions_floor_usage":[4,7,14],"damage_taken":[{"damage":0,"enemies":"2 Louse","floor":1,"turns":2},{"damage":9,"enemies":"Small Slimes","floor":3,"turns":4},{"damage":4,"enemies":"Jaw Worm","floor":4,"turns":5},{"damage":18,"enemies":"Looter","floor":5,"turns":4},{"damage":7,"enemies":"3 Louse","floor":7,"turns":3},{"damage":1,"enemies":"2 Fungi Beasts","floor":13,"turns":3},{"damage":24,"enemies":"Gremlin Nob","floor":14,"turns":4},{"damage":59,"enemies":"Slime Boss","floor":16,"turns":5}],"seed_played":"-8354236254261616643","potions_obtained":[{"floor":1,"key":"Ancient Potion"},{"floor":3,"key":"Swift Potion"},{"floor":5,"key":"Fire Potion"}],"is_trial":false,"path_per_floor":["M","?","M","M","M","R","M","R","T","R","$","R","M","E","R","B"],"character_chosen":"IRONCLAD","items_purchased":["Flame Barrier"],"campfire_rested":0,"item_purchase_floors":[11],"current_hp_per_floor":[74,74,71,73,61,61,60,60,60,60,60,60,65,47,47,0],"gold":115,"neow_bonus":"THREE_CARDS","is_prod":false,"is_daily":false,"chose_seed":false,"campfire_upgraded":5,"win_rate":0,"timestamp":1561693626,"path_taken":["M","?","M","M","M","R","M","R","T","R","$","R","M","E","R","BOSS"],"build_version":"2019-01-23","purchased_purges":0,"victory":false,"max_hp_per_floor":[75,75,75,75,75,75,75,75,75,75,75,75,75,75,75,75],"card_choices":[{"not_picked":["Body Slam","Havoc"],"picked":"Cleave","floor":0},{"not_picked":["Dual Wield","Armaments"],"picked":"Power Through","floor":1},{"not_picked":["Searing Blow","Intimidate"],"picked":"Corruption","floor":3},{"not_picked":["Wild Strike","Shrug It Off"],"picked":"True Grit","floor":4},{"not_picked":["Armaments","Twin Strike"],"picked":"Carnage","floor":5},{"not_picked":["Rage","Entrench"],"picked":"Rampage","floor":7},{"not_picked":["Clash","Flex"],"picked":"Sever Soul","floor":13},{"not_picked":["Flex","Twin Strike"],"picked":"Wild Strike","floor":14}],"player_experience":1087362,"relics_obtained":[{"floor":9,"key":"Mercury Hourglass"},{"floor":14,"key":"Meat on the Bone"}],"event_choices":[{"damage_healed":0,"gold_gain":0,"player_choice":"Leave","damage_taken":0,"max_hp_gain":0,"max_hp_loss":0,"event_name":"The Cleric","floor":2,"gold_loss":0}],"is_beta":false,"boss_relics":[],"items_purged_floors":[],"is_endless":false,"potions_floor_spawned":[1,3,5],"killed_by":"Slime Boss","ascension_level":19}