{"gold_per_floor":[111,125,136,90,90,90,108,183,183,198,226,301,301],"floor_reached":13,"playtime":362,"items_purged":[],"score":145,"play_id":"cb547179-ad0b-4527-a201-27eec5d89b71","local_time":"20190103195717","is_ascension_mode":true,"campfire_choices":[{"data":"Shrug It Off","floor":6,"key":"SMITH"}],"neow_cost":"NONE","seed_source_timestamp":12026577105655,"circlet_count":0,"master_deck":["AscendersBane","Strike_R","Strike_R","Strike_R","Strike_R","Defend_R","Defend_R","Defend_R","Defend_R","Bash","Pommel Strike","Battle Trance","Shrug It Off","Shrug It Off+1","Twin Strike","Wild Strike","Flame Barrier"],"relics":["Burning Blood","Bottled Lightning","Bottled Flame"],"potions_floor_usage":[11,11],"damage_taken":[{"damage":0,"enemies":"Small Slimes","floor":1,"turns":3},{"damage":6,"enemies":"Cultist","floor":2,"turns":4},{"damage":14,"enemies":"Jaw Worm","floor":3,"turns":3},{"damage":8,"enemies":"Red Slaver","floor":7,"turns":4},{"damage":6,"enemies":"Looter","floor":10,"turns":3},{"damage":34,"enemies":"Gremlin Nob","floor":11,"turns":5},{"damage":48,"enemies":"Lagavulin","floor":13,"turns":5}],"seed_played":"2502552677912749149","potions_obtained":[{"floor":3,"key":"Regen Potion"},{"floor":5,"key":"PowerPotion"}],"is_trial":false,"path_per_floor":["M","M","M","$","?","R","M","?","T","M","E","?","E"],"character_chosen":"IRONCLAD","items_purchased":["Shrug It Off"],"campfire_rested":0,"item_purchase_floors":[4],"current_hp_per_floor":[74,74,66,66,66,66,64,57,57,57,41,30,0],"gold":301,"neow_bonus":"REMOVE_CARD","is_prod":false,"is_daily":false,"chose_seed":false,"campfire_upgraded":1,"win_rate":0,"timestamp":1546574237,"path_taken":["M","M","M","$","?","R","?","?","T","?","E","?","E"],"build_version":"2019-01-03v2","purchased_purges":0,"victory":false,"max_hp_per_floor":[75,75,75,75,75,75,75,75,75,75,75,75,75],"card_choices":[{"not_picked":["Pummel","Twin Strike"],"picked":"Pommel Strike","floor":1},{"not_picked":["Anger","Flex"],"picked":"Battle Trance","floor":2},{"not_picked":["Sword Boomerang","Clash"],"picked":"Shrug It Off","floor":3},{"not_picked":["Intimidate","Shockwave"],"picked":"Twin Strike","floor":7},{"not_picked":["Dropkick","Pummel"],"picked":"Wild Strike","floor":10},{"not_picked":["Shockwave","Pommel Strike"],"picked":"Flame Barrier","floor":11}],"player_experience":823430,"relics_obtained":[{"floor":9,"key":"Bottled Lightning"},{"floor":11,"key":"Bottled Flame"}],"event_choices":[{"damage_healed":0,"gold_gain":0,"player_choice":"Got Potions","damage_taken":0,"max_hp_gain":0,"max_hp_loss":0,"event_name":"Lab","floor":5,"gold_loss":0},{"damage_healed":0,"gold_gain":75,"player_choice":"Touch","damage_taken":7,"max_hp_gain":0,"max_hp_loss":0,"event_name":"FaceTrader","floor":8,"gold_loss":0},{"damage_healed":0,"gold_gain":75,"player_choice":"Gather Gold","damage_taken":11,"max_hp_gain":0,"max_hp_loss":0,"event_name":"World of Goop","floor":12,"gold_loss":0}],"is_beta":false,"boss_relics":[],"items_purged_floors":[],"is_endless":false,"potions_floor_spawned":[3,7,10],"killed_by":"Lagavulin","ascension_level":14}