{"gold_per_floor":[11,31,31,31,42,71,71,171,220,245,256,282,282,298,298,399,399,416,416,432,432,443,443,443],"floor_reached":24,"playtime":965,"items_purged":[],"score":238,"play_id":"116b023d-b8ce-489a-a220-418a285aa837","local_time":"20190204113639","is_ascension_mode":true,"campfire_choices":[{"data":"Panacea","floor":7,"key":"SMITH"},{"floor":13,"key":"REST"},{"data":"Limit Break","floor":15,"key":"SMITH"},{"data":"Heavy Blade","floor":23,"key":"SMITH"}],"neow_cost":"NO_GOLD","seed_source_timestamp":355661560704125,"circlet_count":0,"master_deck":["Strike_R","Strike_R","Strike_R","Defend_R","Defend_R","Defend_R","Defend_R","Bash","Finesse","Panacea+1","Inflame","Twin Strike","Spot Weakness","Iron Wave","Thunderclap","Limit Break+1","Shrug It Off","Immolate","Heavy Blade+1","Fiend Fire","Shrug It Off+1","Power Through","Uppercut"],"relics":["Burning Blood","Dream Catcher","Art of War","Strawberry","Centennial Puzzle","Philosopher\u0027s Stone"],"potions_floor_usage":[10,12,20,22,24,24],"damage_taken":[{"damage":6,"enemies":"2 Louse","floor":1,"turns":2},{"damage":5,"enemies":"Cultist","floor":2,"turns":4},{"damage":12,"enemies":"Small Slimes","floor":5,"turns":3},{"damage":25,"enemies":"Gremlin Nob","floor":6,"turns":4},{"damage":17,"enemies":"3 Sentries","floor":10,"turns":5},{"damage":4,"enemies":"Blue Slaver","floor":11,"turns":4},{"damage":19,"enemies":"Lagavulin","floor":12,"turns":7},{"damage":1,"enemies":"2 Fungi Beasts","floor":14,"turns":2},{"damage":25,"enemies":"Slime Boss","floor":16,"turns":8},{"damage":4,"enemies":"Chosen","floor":18,"turns":4},{"damage":3,"enemies":"2 Thieves","floor":20,"turns":3},{"damage":46,"enemies":"Snake Plant","floor":22,"turns":4},{"damage":52,"enemies":"Book of Stabbing","floor":24,"turns":6}],"seed_played":"7074576962068438902","potions_obtained":[{"floor":2,"key":"Energy Potion"},{"floor":5,"key":"Swift Potion"},{"floor":6,"key":"Strength Potion"},{"floor":10,"key":"FearPotion"},{"floor":18,"key":"Block Potion"},{"floor":22,"key":"Fire Potion"}],"is_trial":false,"path_per_floor":["M","M","?","?","M","E","R","?","T","E","M","E","R","M","R","B",null,"M","?","M","?","M","R","E"],"character_chosen":"IRONCLAD","items_purchased":[],"campfire_rested":1,"item_purchase_floors":[],"current_hp_per_floor":[80,80,80,73,67,48,48,48,48,44,46,33,59,64,64,45,87,87,87,87,87,47,47,0],"gold":443,"neow_bonus":"RANDOM_COLORLESS_2","is_prod":false,"is_daily":false,"chose_seed":false,"campfire_upgraded":3,"win_rate":0,"timestamp":1549298199,"path_taken":["M","M","?","?","M","E","R","?","T","E","M","E","R","M","R","BOSS","M","?","?","?","M","R","E"],"build_version":"2019-01-23","purchased_purges":0,"victory":false,"max_hp_per_floor":[80,80,80,80,80,80,80,80,80,87,87,87,87,87,87,87,87,87,87,87,87,87,87,87],"card_choices":[{"not_picked":["Anger","Entrench"],"picked":"Inflame","floor":1},{"not_picked":["True Grit","Flex"],"picked":"Twin Strike","floor":2},{"not_picked":["Burning Pact","Intimidate"],"picked":"Iron Wave","floor":5},{"not_picked":["Clash","Feel No Pain"],"picked":"Thunderclap","floor":6},{"not_picked":["Burning Pact","Wild Strike"],"picked":"Limit Break","floor":10},{"not_picked":["Cleave","Sword Boomerang"],"picked":"Shrug It Off","floor":11},{"not_picked":["Bloodletting","Anger","Clash"],"picked":"SKIP","floor":12},{"not_picked":["Second Wind","Headbutt"],"picked":"Immolate","floor":13},{"not_picked":["Clash","Shrug It Off"],"picked":"Heavy Blade","floor":14},{"not_picked":["Juggernaut","Dark Embrace"],"picked":"Fiend Fire","floor":16},{"not_picked":["Clash","Flex"],"picked":"Shrug It Off+1","floor":18},{"not_picked":["Rage","Rampage"],"picked":"Power Through","floor":20},{"not_picked":["Clash","Wild Strike"],"picked":"Uppercut","floor":22}],"player_experience":151226,"relics_obtained":[{"floor":6,"key":"Dream Catcher"},{"floor":9,"key":"Art of War"},{"floor":10,"key":"Strawberry"},{"floor":12,"key":"Centennial Puzzle"}],"event_choices":[{"damage_healed":0,"gold_gain":0,"cards_transformed":["Strike_R"],"player_choice":"Change","damage_taken":0,"max_hp_gain":0,"max_hp_loss":0,"event_name":"Living Wall","floor":3,"gold_loss":0,"cards_obtained":["Spot Weakness"]},{"cards_removed":["Strike_R"],"damage_healed":0,"gold_gain":0,"player_choice":"Card Removal","damage_taken":7,"max_hp_gain":0,"max_hp_loss":0,"event_name":"Golden Wing","floor":4,"gold_loss":0},{"damage_healed":0,"gold_gain":100,"player_choice":"Pray","damage_taken":0,"max_hp_gain":0,"max_hp_loss":0,"event_name":"Golden Shrine","floor":8,"gold_loss":0},{"damage_healed":0,"gold_gain":0,"player_choice":"Bought 0 Potions","damage_taken":0,"max_hp_gain":0,"max_hp_loss":0,"event_name":"The Woman in Blue","floor":19,"gold_loss":0},{"damage_healed":0,"gold_gain":0,"player_choice":"Ignored","damage_taken":0,"max_hp_gain":0,"max_hp_loss":0,"event_name":"Ghosts","floor":21,"gold_loss":0}],"is_beta":false,"boss_relics":[{"not_picked":["Astrolabe","Pandora\u0027s Box"],"picked":"Philosopher\u0027s Stone"}],"items_purged_floors":[],"is_endless":false,"potions_floor_spawned":[2,5,6,10,18,22],"killed_by":"Book of Stabbing","ascension_level":2}