{"gold_per_floor":[113,123,135,153,171,171,191,207,232,288,32,32,32,32,32,131,131,105,119,42,42,42,42,42,42,42,52,67,82,94,44,44,44],"floor_reached":33,"playtime":3095,"items_purged":[],"score":241,"play_id":"0a9d3dee-e693-40fb-80ab-81d267209a1f","local_time":"20190628134046","is_ascension_mode":false,"campfire_choices":[{"data":"Envenom","floor":6,"key":"SMITH"},{"floor":15,"key":"REST"},{"floor":23,"key":"REST"},{"data":"Choke","floor":25,"key":"SMITH"},{"floor":32,"key":"REST"}],"neow_cost":"NONE","seed_source_timestamp":998586170279963,"circlet_count":0,"master_deck":["Defend_G","Defend_G","Defend_G","Defend_G","Defend_G","Strike_G","Strike_G","Strike_G","Strike_G","Strike_G","Survivor","Neutralize","Choke+1","Bouncing Flask","Poisoned Stab","PiercingWail","Envenom+1","PiercingWail","Dash","PiercingWail","Neutralize","Parasite","Glass Knife","Deflect","Masterful Stab+1","Blur","Deflect+1","Flying Knee+1","Distraction"],"relics":["Ring of the Serpent","Juzu Bracelet","Gremlin Horn","Matryoshka","Dodecahedron","Lantern","Nilry\u0027s Codex","Orichalcum","Girya"],"potions_floor_usage":[5,16,19,29,33,33,33],"damage_taken":[{"damage":0,"enemies":"Small Slimes","floor":1,"turns":3},{"damage":0,"enemies":"2 Louse","floor":2,"turns":3},{"damage":6,"enemies":"Jaw Worm","floor":3,"turns":4},{"damage":11,"enemies":"Exordium Wildlife","floor":4,"turns":4},{"damage":14,"enemies":"Exordium Thugs","floor":5,"turns":5},{"damage":4,"enemies":"Looter","floor":7,"turns":4},{"damage":16,"enemies":"Red Slaver","floor":8,"turns":5},{"damage":22,"enemies":"3 Sentries","floor":10,"turns":11},{"damage":13,"enemies":"Hexaghost","floor":16,"turns":10},{"damage":10,"enemies":"2 Thieves","floor":18,"turns":5},{"damage":10,"enemies":"3 Byrds","floor":19,"turns":7},{"damage":15,"enemies":"Snake Plant","floor":27,"turns":5},{"damage":6,"enemies":"Centurion and Healer","floor":28,"turns":7},{"damage":8,"enemies":"3 Cultists","floor":29,"turns":5},{"damage":14,"enemies":"Snecko","floor":30,"turns":7},{"damage":48,"enemies":"Champ","floor":33,"turns":22}],"seed_played":"4924006386309782773","potions_obtained":[{"floor":1,"key":"Explosive Potion"},{"floor":5,"key":"Weak Potion"},{"floor":18,"key":"Poison Potion"},{"floor":22,"key":"EssenceOfSteel"},{"floor":22,"key":"Explosive Potion"},{"floor":22,"key":"Ancient Potion"}],"is_trial":false,"path_per_floor":["M","M","M","M","M","R","M","M","T","?","$","?","T","?","R","B",null,"M","M","$","?","?","R","?","R","T","M","M","M","M","$","R","B"],"character_chosen":"THE_SILENT","items_purchased":["Matryoshka","Blur","SteroidPotion"],"campfire_rested":3,"item_purchase_floors":[11,20,31],"current_hp_per_floor":[77,77,71,60,46,46,42,26,26,4,4,4,4,4,27,14,77,67,57,57,41,41,64,64,64,64,49,43,35,21,21,44,0],"gold":44,"neow_bonus":"TEN_PERCENT_HP_BONUS","is_prod":false,"is_daily":false,"chose_seed":false,"campfire_upgraded":2,"win_rate":0.0,"timestamp":1561754446,"path_taken":["M","M","M","M","M","R","M","M","T","?","$","?","?","?","R","BOSS","M","M","$","?","?","R","?","R","T","M","M","M","M","?","R","BOSS"],"build_version":"2019-01-23","purchased_purges":0,"victory":false,"max_hp_per_floor":[77,77,77,77,77,77,77,77,77,77,77,77,77,77,77,77,77,77,77,77,77,77,77,77,77,77,77,77,77,77,77,77,77],"card_choices":[{"not_picked":["Escape Plan","Blade Dance"],"picked":"Choke","floor":1},{"not_picked":["Dodge and Roll","Slice"],"picked":"Bouncing Flask","floor":2},{"not_picked":["Expertise","Acrobatics"],"picked":"Poisoned Stab","floor":3},{"not_picked":["Calculated Gamble","All Out Attack"],"picked":"PiercingWail","floor":4},{"not_picked":["Blur","Acrobatics"],"picked":"Envenom","floor":5},{"not_picked":["Calculated Gamble","Dagger Throw"],"picked":"PiercingWail","floor":7},{"not_picked":["Well Laid Plans","Sucker Punch"],"picked":"Dash","floor":8},{"not_picked":["Poisoned Stab","Predator"],"picked":"PiercingWail","floor":10},{"not_picked":["Venomology","Night Terror"],"picked":"Glass Knife","floor":16},{"not_picked":["Poisoned Stab","Backflip"],"picked":"Deflect","floor":18},{"not_picked":["Prepared","Riddle With Holes"],"picked":"Masterful Stab+1","floor":19},{"not_picked":["Quick Slash","Backflip"],"picked":"Deflect+1","floor":27},{"not_picked":["Outmaneuver","Poisoned Stab"],"picked":"Flying Knee+1","floor":28},{"not_picked":["Predator","Deadly Poison"],"picked":"Distraction","floor":29},{"not_picked":["Escape Plan","Quick Slash","Caltrops"],"picked":"SKIP","floor":30}],"player_experience":1439,"relics_obtained":[{"floor":9,"key":"Juzu Bracelet"},{"floor":10,"key":"Gremlin Horn"},{"floor":13,"key":"Dodecahedron"},{"floor":13,"key":"Lantern"},{"floor":21,"key":"Nilry\u0027s Codex"},{"floor":26,"key":"Orichalcum"},{"floor":26,"key":"Girya"}],"event_choices":[{"damage_healed":0,"gold_gain":0,"player_choice":"Searched \u00271\u0027 times","damage_taken":0,"max_hp_gain":0,"max_hp_loss":0,"event_name":"Dead Adventurer","floor":10,"gold_loss":0},{"damage_healed":0,"gold_gain":0,"player_choice":"Ignored","damage_taken":0,"max_hp_gain":0,"max_hp_loss":0,"event_name":"Golden Idol","floor":12,"gold_loss":0},{"damage_healed":0,"gold_gain":0,"player_choice":"2 cards matched","damage_taken":0,"max_hp_gain":0,"max_hp_loss":0,"event_name":"Match and Keep!","floor":14,"gold_loss":0,"cards_obtained":["Neutralize","Parasite"]},{"damage_healed":0,"gold_gain":0,"player_choice":"Obtained Book","damage_taken":16,"max_hp_gain":0,"max_hp_loss":0,"event_name":"Cursed Tome","floor":21,"gold_loss":0},{"damage_healed":0,"gold_gain":0,"player_choice":"Got Potions","damage_taken":0,"max_hp_gain":0,"max_hp_loss":0,"event_name":"Lab","floor":22,"gold_loss":0},{"cards_removed":["Iron Wave"],"damage_healed":0,"gold_gain":0,"player_choice":"Took Card","damage_taken":0,"max_hp_gain":0,"max_hp_loss":0,"event_name":"NoteForYourself","floor":24,"gold_loss":0,"cards_obtained":["Iron Wave"]}],"is_beta":false,"boss_relics":[{"not_picked":["Cursed Key","Runic Pyramid"],"picked":"Ring of the Serpent"}],"items_purged_floors":[],"is_endless":false,"potions_floor_spawned":[1,5,18,28],"killed_by":"Champ","ascension_level":0}