{"gold_per_floor":[119,136,148,148,148,173,173,216,216,25,25,50,64,64,64,190,190,190],"floor_reached":18,"playtime":664,"items_purged":["Injury"],"score":211,"play_id":"f802e9e4-11c9-45fc-a268-7399894bb104","local_time":"20190213210251","is_ascension_mode":true,"campfire_choices":[{"floor":11,"key":"REST"},{"floor":15,"key":"REST"}],"neow_cost":"NONE","seed_source_timestamp":11866324325169,"circlet_count":0,"master_deck":["Strike_B+1","Strike_B+1","Strike_B","Strike_B","Defend_B","Defend_B","Defend_B","Defend_B","Zap","Dualcast","Storm","Self Repair","Auto Shields","Consume","Capacitor","Conserve Battery","Defragment","Fission","Injury","Writhe","Parasite"],"relics":["Cracked Core","Juzu Bracelet","Golden Idol","Letter Opener","Lantern","Shovel","Boot","Calling Bell","Regal Pillow","Mummified Hand","Calipers"],"potions_floor_usage":[8,8,8,18,18],"damage_taken":[{"damage":4,"enemies":"Jaw Worm","floor":1,"turns":3},{"damage":2,"enemies":"2 Louse","floor":2,"turns":2},{"damage":5,"enemies":"Cultist","floor":3,"turns":4},{"damage":9,"enemies":"Red Slaver","floor":6,"turns":4},{"damage":13,"enemies":"3 Sentries","floor":8,"turns":5},{"damage":1,"enemies":"3 Louse","floor":12,"turns":3},{"damage":38,"enemies":"Gremlin Gang","floor":13,"turns":6},{"damage":14,"enemies":"The Guardian","floor":16,"turns":9},{"damage":74,"enemies":"Spheric Guardian","floor":18,"turns":7}],"seed_played":"-4764551720964248625","potions_obtained":[{"floor":2,"key":"EssenceOfSteel"},{"floor":3,"key":"SkillPotion"},{"floor":6,"key":"Explosive Potion"},{"floor":8,"key":"Poison Potion"},{"floor":13,"key":"Weak Potion"}],"is_trial":false,"path_per_floor":["M","M","M","?","?","M","T","E","T","$","R","M","M","?","R","B",null,"M"],"character_chosen":"DEFECT","items_purchased":["Capacitor","Conserve Battery"],"campfire_rested":2,"item_purchase_floors":[10,10],"current_hp_per_floor":[64,62,57,42,42,40,40,34,34,34,56,62,31,31,53,46,68,0],"gold":190,"neow_bonus":"RANDOM_COMMON_RELIC","is_prod":false,"is_daily":false,"chose_seed":false,"campfire_upgraded":0,"win_rate":0,"timestamp":1550109771,"path_taken":["M","M","M","?","?","M","?","E","T","$","R","M","M","?","R","BOSS","M"],"build_version":"2019-01-23","purchased_purges":1,"victory":false,"max_hp_per_floor":[75,75,75,75,75,75,75,75,75,75,75,75,75,75,75,75,75,75],"card_choices":[{"not_picked":["Steam","Turbo","Barrage"],"picked":"SKIP","floor":1},{"not_picked":["Reprogram","Heatsinks"],"picked":"Storm","floor":2},{"not_picked":["Melter","Beam Cell"],"picked":"Self Repair","floor":3},{"not_picked":["Turbo","Storm"],"picked":"Auto Shields","floor":6},{"not_picked":["Rainbow","Beam Cell"],"picked":"Consume","floor":8},{"not_picked":["Beam Cell","Turbo"],"picked":"Defragment","floor":12},{"not_picked":["Double Energy","Stack","Compile Driver"],"picked":"SKIP","floor":13},{"not_picked":["Reboot","Rainbow"],"picked":"Fission","floor":16}],"player_experience":248017,"relics_obtained":[{"floor":7,"key":"Letter Opener"},{"floor":8,"key":"Lantern"},{"floor":9,"key":"Shovel"},{"floor":14,"key":"Boot"},{"floor":17,"key":"Regal Pillow"},{"floor":17,"key":"Mummified Hand"},{"floor":17,"key":"Calipers"}],"event_choices":[{"damage_healed":0,"gold_gain":0,"player_choice":"Entered Light","damage_taken":15,"max_hp_gain":0,"max_hp_loss":0,"event_name":"Shining Light","floor":4,"gold_loss":0,"cards_upgraded":["Strike_B","Strike_B"]},{"damage_healed":0,"gold_gain":0,"player_choice":"Take Wound","damage_taken":0,"relics_obtained":["Golden Idol"],"max_hp_gain":0,"max_hp_loss":0,"event_name":"Golden Idol","floor":5,"gold_loss":0,"cards_obtained":["Injury"]},{"damage_healed":0,"gold_gain":0,"player_choice":"Relic","damage_taken":0,"max_hp_gain":0,"max_hp_loss":0,"event_name":"Wheel of Change","floor":14,"gold_loss":0}],"is_beta":false,"boss_relics":[{"not_picked":["Ectoplasm","Tiny House"],"picked":"Calling Bell"}],"items_purged_floors":[10],"is_endless":false,"potions_floor_spawned":[2,3,6,8,13],"killed_by":"Spheric Guardian","ascension_level":6}