{"gold_per_floor":[116,116,133,149,165,199,199,231,231,260,185,204,232,257,257,328,328,342,342,367,378,203,229,245,135,162,187,197,222,247,280,280,353,353,366,377,377,455,482,516,516,551,575,586,605,637,67,100,100,100],"floor_reached":51,"playtime":1827,"items_purged":["Regret","Pain"],"score":1902,"play_id":"60e34927-2366-456e-b569-de1dc7eb1eca","local_time":"20190618083652","daily_mods":["Cursed Run","Green Cards","DeadlyEvents"],"is_ascension_mode":true,"campfire_choices":[{"data":"Uppercut","floor":7,"key":"SMITH"},{"floor":15,"key":"REST"},{"data":"1","floor":32,"key":"LIFT"},{"data":"2","floor":49,"key":"LIFT"}],"neow_cost":"","seed_source_timestamp":0,"circlet_count":0,"master_deck":["AscendersBane","Strike_R","Strike_R","Strike_R","Strike_R","Defend_R","Defend_R","Defend_R+1","Defend_R","Bash","Whirlwind","Shockwave","Riddle With Holes","Skewer+1","Uppercut+1","Demon Form+1","Shrug It Off","Wraith Form v2+1","Shame","Envenom+1","Heavy Blade","Decay","Doubt","Havoc+1","Blur+1","Burning Pact+1","PiercingWail+1","Injury","Whirlwind","Twin Strike+1","Doubt","Corpse Explosion+1","True Grit+1","Shame","Barricade+1","Heavy Blade+1","Writhe","Shame","Envenom+1","Trip+1","Normality","Parasite","Catalyst+1","Well Laid Plans+1","Terror+1","Panacea+1","Backflip+1","Parasite"],"relics":["Cursed Key","Darkstone Periapt","Du-Vu Doll","Frozen Egg 2","Peace Pipe","Girya","Gambling Chip","Toxic Egg 2","Oddly Smooth Stone","Velvet Choker","Potion Belt","Red Skull","Centennial Puzzle","Bag of Preparation","Pen Nib","Boot","Ancient Tea Set","Coffee Dripper","Singing Bowl","Nunchaku","Bird Faced Urn","Orichalcum","MawBank","Brimstone","Whetstone","Regal Pillow"],"potions_floor_usage":[13,23,23,23,39,50,50,50],"damage_taken":[{"damage":2,"enemies":"Jaw Worm","floor":1,"turns":3},{"damage":5,"enemies":"Small Slimes","floor":3,"turns":2},{"damage":0,"enemies":"2 Louse","floor":4,"turns":1},{"damage":6,"enemies":"Looter","floor":5,"turns":2},{"damage":20,"enemies":"Lagavulin","floor":6,"turns":5},{"damage":13,"enemies":"Gremlin Nob","floor":8,"turns":4},{"damage":2,"enemies":"Lagavulin","floor":10,"turns":4},{"damage":8,"enemies":"Blue Slaver","floor":12,"turns":2},{"damage":15,"enemies":"3 Sentries","floor":13,"turns":5},{"damage":4,"enemies":"Slime Boss","floor":16,"turns":5},{"damage":13,"enemies":"2 Thieves","floor":18,"turns":4},{"damage":18,"enemies":"3 Byrds","floor":21,"turns":4},{"damage":17,"enemies":"Slavers","floor":23,"turns":2},{"damage":2,"enemies":"Cultist and Chosen","floor":24,"turns":3},{"damage":5,"enemies":"Book of Stabbing","floor":27,"turns":4},{"damage":0,"enemies":"Snake Plant","floor":28,"turns":2},{"damage":7,"enemies":"Slavers","floor":30,"turns":4},{"damage":2,"enemies":"Gremlin Leader","floor":31,"turns":3},{"damage":6,"enemies":"Automaton","floor":33,"turns":5},{"damage":0,"enemies":"Orb Walker","floor":35,"turns":1},{"damage":0,"enemies":"3 Darklings","floor":36,"turns":3},{"damage":22,"enemies":"Reptomancer","floor":39,"turns":3},{"damage":3,"enemies":"Giant Head","floor":40,"turns":6},{"damage":9,"enemies":"Reptomancer","floor":42,"turns":2},{"damage":13,"enemies":"Writhing Mass","floor":44,"turns":3},{"damage":0,"enemies":"Jaw Worm Horde","floor":45,"turns":1},{"damage":3,"enemies":"Giant Head","floor":46,"turns":5},{"damage":5,"enemies":"Reptomancer","floor":48,"turns":3},{"damage":64,"enemies":"Donu and Deca","floor":50,"turns":4}],"seed_played":"7884732828604798888","potions_obtained":[{"floor":1,"key":"Poison Potion"},{"floor":3,"key":"Strength Potion"},{"floor":4,"key":"PowerPotion"},{"floor":13,"key":"PowerPotion"},{"floor":21,"key":"Block Potion"},{"floor":27,"key":"LiquidBronze"},{"floor":36,"key":"PowerPotion"},{"floor":39,"key":"Explosive Potion"},{"floor":44,"key":"Dexterity Potion"},{"floor":45,"key":"Dexterity Potion"}],"is_trial":true,"path_per_floor":["M","$","M","M","M","E","R","E","T","E","$","M","E","T","R","B",null,"M","?","T","M","$","E","M","?","T","E","M","T","E","E","R","B",null,"M","M","?","T","E","E","?","E","T","M","M","E","$","E","R","B",null],"character_chosen":"IRONCLAD","items_purchased":["Blur+1","Brimstone","Well Laid Plans+1","Terror+1","Whetstone","Panacea+1"],"campfire_rested":1,"item_purchase_floors":[22,47,47,47,47,47],"current_hp_per_floor":[66,66,61,61,55,35,35,22,28,26,26,18,3,9,35,37,79,66,72,78,60,60,43,41,41,47,42,42,48,41,39,39,39,102,102,102,129,135,113,112,112,109,115,112,114,117,117,116,116,66],"gold":100,"neow_bonus":"","is_prod":false,"is_daily":false,"chose_seed":false,"campfire_upgraded":1,"win_rate":0,"timestamp":1560861412,"path_taken":["M","?","M","M","?","E","R","E","T","?","$","M","E","?","R","BOSS","M","?","?","M","$","E","M","?","T","?","?","?","E","?","R","BOSS","M","?","?","?","?","E","?","E","T","M","?","E","$","E","R","BOSS"],"build_version":"2019-01-23","purchased_purges":2,"victory":true,"max_hp_per_floor":[75,75,75,75,75,75,75,75,81,81,81,81,81,87,87,93,93,93,99,105,105,105,105,105,105,111,111,111,117,117,117,117,123,123,123,123,129,135,135,137,137,139,145,153,155,155,155,155,155,161],"card_choices":[{"not_picked":["Seeing Red","Blade Dance"],"picked":"Whirlwind","floor":1},{"not_picked":["Power Through","Cloak And Dagger"],"picked":"Shockwave","floor":3},{"not_picked":["True Grit","Infernal Blade"],"picked":"Riddle With Holes","floor":4},{"not_picked":["Caltrops","Wild Strike"],"picked":"Skewer","floor":5},{"not_picked":["Night Terror","Clash"],"picked":"Uppercut","floor":6},{"not_picked":["Evolve+1","Noxious Fumes+1"],"picked":"Demon Form+1","floor":8},{"not_picked":["Dodge and Roll","Flying Knee"],"picked":"Shrug It Off","floor":10},{"not_picked":["Poisoned Stab","Distraction","Choke"],"picked":"SKIP","floor":12},{"not_picked":["Bane","Dash"],"picked":"Wraith Form v2+1","floor":13},{"not_picked":["Demon Form+1","Night Terror+1"],"picked":"Envenom+1","floor":16},{"not_picked":["Masterful Stab","Deflect+1"],"picked":"Heavy Blade","floor":18},{"not_picked":["PiercingWail+1","Flying Knee+1"],"picked":"Havoc+1","floor":21},{"not_picked":["Dagger Throw","Accuracy+1"],"picked":"Burning Pact+1","floor":23},{"not_picked":["Blade Dance+1","Escape Plan+1"],"picked":"PiercingWail+1","floor":24},{"not_picked":["Poisoned Stab","Perfected Strike"],"picked":"Whirlwind","floor":27},{"not_picked":["Outmaneuver+1","Slice"],"picked":"Twin Strike","floor":28},{"not_picked":["Anger","Backstab"],"picked":"Corpse Explosion+1","floor":30},{"not_picked":["Ghostly Armor+1","Eviscerate"],"picked":"True Grit+1","floor":31},{"not_picked":["Double Tap+1","Grand Finale"],"picked":"Barricade+1","floor":33},{"not_picked":["PiercingWail+1","Warcry+1"],"picked":"Heavy Blade+1","floor":35},{"not_picked":["Poisoned Stab+1","Underhanded Strike+1","Hemokinesis"],"picked":"SKIP","floor":36},{"not_picked":["Demon Form+1","Underhanded Strike+1"],"picked":"Envenom+1","floor":39},{"not_picked":["Accuracy+1","Flechettes+1","Immolate"],"picked":"Singing Bowl","floor":40},{"not_picked":["Impatience+1","Deep Breath+1"],"picked":"Trip+1","floor":41},{"not_picked":["Heavy Blade","Bloodletting+1","Clash+1"],"picked":"Singing Bowl","floor":42},{"not_picked":["Bouncing Flask+1","Reckless Charge+1","Slice"],"picked":"Singing Bowl","floor":44},{"not_picked":["Anger","Underhanded Strike","Seeing Red+1"],"picked":"Singing Bowl","floor":45},{"not_picked":["Second Wind+1","Deadly Poison+1"],"picked":"Catalyst+1","floor":46},{"not_picked":["Armaments+1","Havoc+1"],"picked":"Backflip+1","floor":48}],"player_experience":928634,"relics_obtained":[{"floor":6,"key":"Frozen Egg 2"},{"floor":8,"key":"Peace Pipe"},{"floor":9,"key":"Girya"},{"floor":10,"key":"Gambling Chip"},{"floor":13,"key":"Toxic Egg 2"},{"floor":14,"key":"Oddly Smooth Stone"},{"floor":20,"key":"Potion Belt"},{"floor":23,"key":"Red Skull"},{"floor":26,"key":"Centennial Puzzle"},{"floor":27,"key":"Bag of Preparation"},{"floor":29,"key":"Pen Nib"},{"floor":30,"key":"Boot"},{"floor":31,"key":"Ancient Tea Set"},{"floor":38,"key":"Singing Bowl"},{"floor":39,"key":"Nunchaku"},{"floor":40,"key":"Bird Faced Urn"},{"floor":43,"key":"Orichalcum"},{"floor":46,"key":"MawBank"},{"floor":48,"key":"Regal Pillow"}],"event_choices":[{"damage_healed":0,"gold_gain":0,"player_choice":"Smashed Altar","damage_taken":0,"max_hp_gain":0,"max_hp_loss":0,"event_name":"Forgotten Altar","floor":19,"gold_loss":0,"cards_obtained":["Decay"]},{"cards_removed":["Strike_R"],"damage_healed":0,"gold_gain":0,"player_choice":"Upgrade and Remove","damage_taken":0,"max_hp_gain":0,"max_hp_loss":0,"event_name":"Designer","floor":25,"gold_loss":110,"cards_upgraded":["Defend_R"]},{"damage_healed":25,"gold_gain":0,"player_choice":"Writhe","damage_taken":0,"max_hp_gain":0,"max_hp_loss":0,"event_name":"Winding Halls","floor":37,"gold_loss":0,"cards_obtained":["Writhe"]},{"damage_healed":0,"gold_gain":0,"player_choice":"Memory 1","damage_taken":0,"max_hp_gain":0,"max_hp_loss":0,"event_name":"SensoryStone","floor":41,"gold_loss":0}],"is_beta":false,"boss_relics":[{"not_picked":["Empty Cage","Runic Dome"],"picked":"Velvet Choker"},{"not_picked":["Runic Cube","Tiny House"],"picked":"Coffee Dripper"}],"items_purged_floors":[11,22],"is_endless":false,"potions_floor_spawned":[1,3,4,8,12,13,18,21,27,36,39,44,45,48],"ascension_level":15}