{"gold_per_floor":[119,44,44,61,61,61,87,12,37,49,77,77,77,89,89,186,186,186,186,186,186,186,186,186,186,186,186,186,186,186,186,186,186,186,186,186,186,186,186,186,186,186,186,186,186,186,186,186,186,186],"floor_reached":51,"playtime":2159,"items_purged":["Pain"],"score":1165,"play_id":"4f48bec7-bc71-4efe-8789-de922fc2a518","local_time":"20190313110653","is_ascension_mode":true,"campfire_choices":[{"data":"Immolate","floor":6,"key":"SMITH"},{"data":"Metallicize","floor":13,"key":"SMITH"},{"data":"Bash","floor":15,"key":"SMITH"},{"data":"Demon Form","floor":23,"key":"SMITH"},{"data":"Armaments","floor":25,"key":"SMITH"},{"data":"Heavy Blade","floor":30,"key":"SMITH"},{"floor":32,"key":"REST"},{"floor":41,"key":"REST"},{"data":"Shrug It Off","floor":45,"key":"SMITH"},{"floor":49,"key":"REST"}],"neow_cost":"NONE","seed_source_timestamp":2211956799143594,"circlet_count":0,"master_deck":["AscendersBane","Strike_R","Strike_R","Strike_R","Strike_R","Strike_R","Defend_R","Defend_R","Defend_R","Defend_R","Bash+1","Shrug It Off+1","Immolate+1","Pommel Strike","Pommel Strike","Metallicize+1","Feed","Uppercut+1","Demon Form+1","Heavy Blade+1","Heavy Blade+1","Thunderclap","Armaments+1","Exhume+1","Intimidate+1","Armaments+1","Impervious+1","Offering+1","Power Through+1","Pommel Strike+1","Ghostly Armor+1","Body Slam+1","Battle Trance+1","Perfected Strike+1"],"relics":["Burning Blood","NeowsBlessing","Prayer Wheel","WarpedTongs","Lantern","Centennial Puzzle","Potion Belt","Ectoplasm","Nilry\u0027s Codex","Blood Vial","Toxic Egg 2","Sozu","Anchor","Juzu Bracelet","Ginger"],"potions_floor_usage":[11,28,31,31,31,33,40],"damage_taken":[{"damage":0,"enemies":"2 Louse","floor":1,"turns":1},{"damage":0,"enemies":"Cultist","floor":4,"turns":1},{"damage":0,"enemies":"Lagavulin","floor":7,"turns":1},{"damage":2,"enemies":"Jaw Worm","floor":10,"turns":2},{"damage":4,"enemies":"3 Sentries","floor":11,"turns":5},{"damage":4,"enemies":"Red Slaver","floor":14,"turns":4},{"damage":43,"enemies":"Hexaghost","floor":16,"turns":11},{"damage":15,"enemies":"Spheric Guardian","floor":18,"turns":4},{"damage":0,"enemies":"3 Byrds","floor":19,"turns":4},{"damage":4,"enemies":"Centurion and Healer","floor":22,"turns":5},{"damage":4,"enemies":"Chosen and Byrds","floor":27,"turns":3},{"damage":37,"enemies":"Gremlin Leader","floor":28,"turns":5},{"damage":27,"enemies":"Snake Plant","floor":29,"turns":4},{"damage":19,"enemies":"3 Cultists","floor":31,"turns":4},{"damage":20,"enemies":"Champ","floor":33,"turns":9},{"damage":27,"enemies":"3 Darklings","floor":35,"turns":4},{"damage":6,"enemies":"Orb Walker","floor":36,"turns":3},{"damage":20,"enemies":"Nemesis","floor":40,"turns":8},{"damage":19,"enemies":"Jaw Worm Horde","floor":42,"turns":4},{"damage":6,"enemies":"Transient","floor":46,"turns":5},{"damage":7,"enemies":"Mind Bloom Boss Battle","floor":47,"turns":6},{"damage":55,"enemies":"Time Eater","floor":50,"turns":9}],"seed_played":"-352810503311467769","potions_obtained":[{"floor":10,"key":"Strength Potion"},{"floor":11,"key":"Weak Potion"},{"floor":14,"key":"SpeedPotion"},{"floor":21,"key":"BloodPotion"},{"floor":21,"key":"Regen Potion"},{"floor":21,"key":"GamblersBrew"},{"floor":29,"key":"Strength Potion"},{"floor":33,"key":"PowerPotion"}],"is_trial":false,"path_per_floor":["M","$","?","M","?","R","E","$","T","M","E","?","R","M","R","B",null,"M","M","?","?","M","R","$","R","T","M","E","M","R","M","R","B",null,"M","M","?","$","?","E","R","M","T","?","R","M","?","?","R","B",null],"character_chosen":"IRONCLAD","items_purchased":["Immolate"],"campfire_rested":3,"item_purchase_floors":[2],"current_hp_per_floor":[78,78,75,80,80,80,80,80,80,80,83,83,83,83,83,46,74,65,74,58,58,60,60,60,60,60,67,38,19,19,31,58,46,81,62,64,64,64,64,52,79,72,72,72,72,74,75,75,96,50],"gold":186,"neow_bonus":"THREE_ENEMY_KILL","is_prod":false,"is_daily":false,"chose_seed":false,"campfire_upgraded":7,"win_rate":0,"timestamp":1552489613,"path_taken":["M","$","?","M","?","R","E","$","T","?","E","?","R","M","R","BOSS","M","M","?","?","M","R","$","R","T","?","E","M","R","M","R","BOSS","M","M","?","?","?","E","R","M","T","?","R","M","?","?","R","BOSS"],"build_version":"2019-01-23","purchased_purges":1,"victory":true,"max_hp_per_floor":[80,80,80,80,80,80,80,80,80,80,83,83,83,83,83,83,83,83,86,86,86,86,86,86,86,86,89,89,89,89,92,92,92,92,92,92,92,92,92,92,92,96,96,96,96,96,96,96,96,99],"card_choices":[{"not_picked":["Warcry","True Grit"],"picked":"Shrug It Off","floor":1},{"not_picked":["Pummel","Sever Soul"],"picked":"Pommel Strike","floor":4},{"not_picked":["Flex","Wild Strike"],"picked":"Pommel Strike","floor":4},{"not_picked":["Headbutt","Flex"],"picked":"Metallicize","floor":7},{"not_picked":["Wild Strike","Twin Strike"],"picked":"Feed","floor":10},{"not_picked":["Reckless Charge","Havoc"],"picked":"Uppercut","floor":10},{"not_picked":["Uppercut","Entrench","Intimidate"],"picked":"SKIP","floor":11},{"not_picked":["Warcry","Sever Soul","Sword Boomerang"],"picked":"SKIP","floor":14},{"not_picked":["Warcry","Searing Blow","Pommel Strike"],"picked":"SKIP","floor":14},{"not_picked":["Double Tap","Dark Embrace"],"picked":"Demon Form","floor":16},{"not_picked":["Blood for Blood","Armaments"],"picked":"Heavy Blade","floor":18},{"not_picked":["Rage","Battle Trance","Intimidate"],"picked":"SKIP","floor":18},{"not_picked":["Searing Blow","Sword Boomerang"],"picked":"Heavy Blade+1","floor":19},{"not_picked":["Pommel Strike","Clothesline"],"picked":"Thunderclap","floor":19},{"not_picked":["Rampage","Feed"],"picked":"Armaments","floor":22},{"not_picked":["Perfected Strike","Heavy Blade","Burning Pact"],"picked":"SKIP","floor":22},{"not_picked":["Headbutt","Rampage","Carnage"],"picked":"SKIP","floor":27},{"not_picked":["Dual Wield","Pommel Strike","Clothesline"],"picked":"SKIP","floor":27},{"not_picked":["Burning Pact","Perfected Strike"],"picked":"Exhume","floor":28},{"not_picked":["Clash","Wild Strike"],"picked":"Intimidate+1","floor":29},{"not_picked":["Flex+1","Evolve","Hemokinesis"],"picked":"SKIP","floor":29},{"not_picked":["Rampage","Hemokinesis"],"picked":"Armaments+1","floor":31},{"not_picked":["Iron Wave","Pommel Strike"],"picked":"Impervious+1","floor":31},{"not_picked":["Berserk","Impervious+1"],"picked":"Offering+1","floor":33},{"not_picked":["Burning Pact+1","Infernal Blade+1","Anger+1"],"picked":"SKIP","floor":35},{"not_picked":["Warcry+1","Feel No Pain+1","Anger"],"picked":"SKIP","floor":35},{"not_picked":["Clothesline+1","Havoc+1"],"picked":"Power Through+1","floor":36},{"not_picked":["Infernal Blade+1","Twin Strike","Sever Soul"],"picked":"SKIP","floor":36},{"not_picked":["Warcry+1","Havoc+1"],"picked":"Ghostly Armor+1","floor":40},{"not_picked":["Power Through+1","Anger+1"],"picked":"Body Slam+1","floor":42},{"not_picked":["Reckless Charge","Anger"],"picked":"Battle Trance+1","floor":42},{"not_picked":["Rampage","Cleave","Iron Wave+1"],"picked":"SKIP","floor":46},{"not_picked":["Berserk","Body Slam","Wild Strike+1"],"picked":"SKIP","floor":46},{"not_picked":["Havoc+1","Twin Strike+1"],"picked":"Perfected Strike+1","floor":47}],"player_experience":376884,"relics_obtained":[{"floor":7,"key":"Lantern"},{"floor":9,"key":"Centennial Puzzle"},{"floor":11,"key":"Potion Belt"},{"floor":20,"key":"Nilry\u0027s Codex"},{"floor":26,"key":"Blood Vial"},{"floor":28,"key":"Toxic Egg 2"},{"floor":40,"key":"Anchor"},{"floor":43,"key":"Juzu Bracelet"},{"floor":47,"key":"Ginger"}],"event_choices":[{"damage_healed":0,"gold_gain":0,"player_choice":"Success","damage_taken":3,"relics_obtained":["Prayer Wheel"],"max_hp_gain":0,"max_hp_loss":0,"event_name":"Scrap Ooze","floor":3,"gold_loss":0},{"damage_healed":0,"gold_gain":0,"player_choice":"Rummage","damage_taken":0,"relics_obtained":["WarpedTongs"],"max_hp_gain":0,"max_hp_loss":0,"event_name":"Accursed Blacksmith","floor":5,"gold_loss":0,"cards_obtained":["Pain"]},{"damage_healed":0,"gold_gain":0,"player_choice":"Grow","damage_taken":0,"max_hp_gain":0,"max_hp_loss":0,"event_name":"Living Wall","floor":12,"gold_loss":0,"cards_upgraded":["Uppercut"]},{"damage_healed":0,"gold_gain":0,"player_choice":"Obtained Book","damage_taken":16,"max_hp_gain":0,"max_hp_loss":0,"event_name":"Cursed Tome","floor":20,"gold_loss":0},{"damage_healed":0,"gold_gain":0,"player_choice":"Got Potions","damage_taken":0,"max_hp_gain":0,"max_hp_loss":0,"event_name":"Lab","floor":21,"gold_loss":0},{"damage_healed":0,"gold_gain":0,"player_choice":"1 cards matched","damage_taken":0,"max_hp_gain":0,"max_hp_loss":0,"event_name":"Match and Keep!","floor":37,"gold_loss":0,"cards_obtained":["Pommel Strike"]},{"damage_healed":0,"gold_gain":0,"player_choice":"Ignored","damage_taken":0,"max_hp_gain":0,"max_hp_loss":0,"event_name":"Mysterious Sphere","floor":39,"gold_loss":0},{"damage_healed":0,"gold_gain":0,"player_choice":"Ignored","damage_taken":0,"max_hp_gain":0,"max_hp_loss":0,"event_name":"SecretPortal","floor":44,"gold_loss":0},{"damage_healed":0,"gold_gain":0,"player_choice":"Fight","damage_taken":0,"max_hp_gain":0,"max_hp_loss":0,"event_name":"MindBloom","floor":47,"gold_loss":0},{"damage_healed":0,"gold_gain":0,"player_choice":"Upgraded","damage_taken":0,"max_hp_gain":0,"max_hp_loss":0,"event_name":"Upgrade Shrine","floor":48,"gold_loss":0,"cards_upgraded":["Pommel Strike"]}],"is_beta":false,"boss_relics":[{"not_picked":["Coffee Dripper","Orrery"],"picked":"Ectoplasm"},{"not_picked":["Mark of Pain","Astrolabe"],"picked":"Sozu"}],"items_purged_floors":[8],"is_endless":false,"potions_floor_spawned":[10,11,14,27,29,33,42,47],"ascension_level":11}