{"gold_per_floor":[131,143,174,206,232,277,289,326,338,363,375,398,444,456,468,582,594,618,260,260,36,46,46,46],"floor_reached":24,"playtime":3022,"items_purged":[],"score":313,"play_id":"ceb2ac86-2042-4f82-8468-69c0a78cc98e","local_time":"20190702131650","is_ascension_mode":true,"campfire_choices":[{"floor":7,"key":"REST"},{"floor":11,"key":"REST"},{"floor":15,"key":"REST"},{"floor":23,"key":"DIG"}],"neow_cost":"NONE","seed_source_timestamp":242341099329600,"circlet_count":0,"master_deck":["Strike_R","Strike_R","Strike_R","Strike_R","Strike_R","Defend_R+1","Defend_R+1","Defend_R","Defend_R","Bash","Blood for Blood+1","Shrug It Off","Uppercut","Cleave","Barricade","Reaper","Ghostly Armor","Battle Trance","Inflame","Feed","Feel No Pain","Bandage Up","Rage","Feel No Pain"],"relics":["Burning Blood","MawBank","War Paint","Bag of Marbles","Gremlin Horn","Fusion Hammer","Shovel","Nloth\u0027s Gift","Lantern","Oddly Smooth Stone"],"potions_floor_usage":[6,16,16,22,24],"damage_taken":[{"damage":8,"enemies":"2 Louse","floor":1,"turns":3},{"damage":6,"enemies":"Cultist","floor":3,"turns":3},{"damage":0,"enemies":"Small Slimes","floor":4,"turns":4},{"damage":14,"enemies":"3 Louse","floor":5,"turns":4},{"damage":48,"enemies":"Lagavulin","floor":6,"turns":7},{"damage":33,"enemies":"Gremlin Nob","floor":8,"turns":5},{"damage":6,"enemies":"Red Slaver","floor":10,"turns":3},{"damage":0,"enemies":"Looter","floor":12,"turns":1},{"damage":12,"enemies":"3 Sentries","floor":13,"turns":6},{"damage":46,"enemies":"Slime Boss","floor":16,"turns":11},{"damage":31,"enemies":"2 Thieves","floor":18,"turns":4},{"damage":40,"enemies":"3 Byrds","floor":22,"turns":6},{"damage":72,"enemies":"Slavers","floor":24,"turns":6}],"seed_played":"-7727382835161968314","potions_obtained":[{"floor":5,"key":"Fruit Juice"},{"floor":10,"key":"GamblersBrew"},{"floor":13,"key":"SpeedPotion"},{"floor":14,"key":"Poison Potion"},{"floor":22,"key":"Strength Potion"}],"is_trial":false,"path_per_floor":["M","?","M","M","M","E","R","E","T","M","R","M","E","?","R","B",null,"M","$","?","$","M","R","E"],"character_chosen":"IRONCLAD","items_purchased":["Shovel","Bandage Up","Lantern","Rage"],"campfire_rested":3,"item_purchase_floors":[19,19,21,21],"current_hp_per_floor":[70,70,70,76,68,31,56,29,29,29,54,60,66,66,85,51,77,67,67,67,67,46,46,0],"gold":46,"neow_bonus":"RANDOM_COMMON_RELIC","is_prod":false,"is_daily":false,"chose_seed":false,"campfire_upgraded":0,"win_rate":0,"timestamp":1562069810,"path_taken":["M","?","M","M","?","E","R","E","T","M","R","M","E","?","R","BOSS","M","?","?","$","M","R","E"],"build_version":"2019-07-01","purchased_purges":0,"victory":false,"max_hp_per_floor":[80,80,80,80,80,85,85,85,85,85,85,85,85,85,85,85,85,85,85,85,85,85,85,88],"card_choices":[{"not_picked":["Wild Strike","Headbutt"],"picked":"Blood for Blood","floor":1},{"not_picked":["Twin Strike","Perfected Strike"],"picked":"Shrug It Off","floor":3},{"not_picked":["Shrug It Off","Warcry"],"picked":"Uppercut","floor":4},{"not_picked":["Perfected Strike","Clothesline"],"picked":"Cleave","floor":5},{"not_picked":["Wild Strike","True Grit"],"picked":"Barricade","floor":6},{"not_picked":["Heavy Blade","Havoc"],"picked":"Reaper","floor":8},{"not_picked":["Pommel Strike","Burning Pact"],"picked":"Ghostly Armor","floor":10},{"not_picked":["Sword Boomerang","Infernal Blade"],"picked":"Battle Trance","floor":12},{"not_picked":["Offering","Shrug It Off"],"picked":"Inflame","floor":13},{"not_picked":["Limit Break","Barricade"],"picked":"Feed","floor":16},{"not_picked":["Shockwave","Pommel Strike+1"],"picked":"Feel No Pain","floor":18},{"not_picked":["Clothesline","Heavy Blade"],"picked":"Feel No Pain","floor":22}],"player_experience":927594,"relics_obtained":[{"floor":6,"key":"Ancient Tea Set"},{"floor":8,"key":"War Paint"},{"floor":9,"key":"Bag of Marbles"},{"floor":13,"key":"Gremlin Horn"},{"floor":23,"key":"Oddly Smooth Stone"}],"event_choices":[{"damage_healed":0,"gold_gain":0,"player_choice":"Upgraded","damage_taken":0,"max_hp_gain":0,"max_hp_loss":0,"event_name":"Upgrade Shrine","floor":2,"gold_loss":0,"cards_upgraded":["Blood for Blood"]},{"damage_healed":0,"gold_gain":0,"player_choice":"Got Potions","damage_taken":0,"max_hp_gain":0,"max_hp_loss":0,"event_name":"Lab","floor":14,"gold_loss":0},{"damage_healed":0,"gold_gain":0,"player_choice":"Traded Relic","damage_taken":0,"relics_obtained":["Nloth\u0027s Gift"],"max_hp_gain":0,"max_hp_loss":0,"event_name":"N\u0027loth","floor":20,"relics_lost":["Ancient Tea Set"],"gold_loss":0}],"is_beta":false,"boss_relics":[{"not_picked":["Black Blood","Velvet Choker"],"picked":"Fusion Hammer"}],"items_purged_floors":[],"is_endless":false,"potions_floor_spawned":[5,10,13,22],"killed_by":"Slavers","ascension_level":9}