{"gold_per_floor":[111,111,128,144,144,171,181,181,181,201,201,214,214,231,231,330,330,350,117,128,146,160,160,160,194,194,49,61,61,61,61,61],"floor_reached":32,"playtime":2225,"items_purged":[],"score":264,"play_id":"f9c86730-17f7-4370-85d7-0d3a4e4ddd10","local_time":"20190518224130","is_ascension_mode":false,"campfire_choices":[{"data":"Infernal Blade","floor":8,"key":"SMITH"},{"data":"Exhume","floor":13,"key":"SMITH"},{"data":"Flame Barrier","floor":15,"key":"SMITH"},{"floor":23,"key":"REST"},{"floor":29,"key":"REST"}],"neow_cost":"NONE","seed_source_timestamp":466184177695773,"circlet_count":0,"master_deck":["Strike_R","Strike_R","Strike_R","Defend_R","Defend_R","Defend_R","Bash","Evolve","Infernal Blade+1","Exhume+1","Pummel","Thunderclap","Flame Barrier+1","Feed","Carnage","Mayhem","Headbutt","Battle Trance","Corruption+1","Seeing Red+1","Evolve","Juggernaut","Writhe"],"relics":["Burning Blood","Mercury Hourglass","Champion Belt","Eternal Feather","WingedGreaves","Lantern","The Courier"],"potions_floor_usage":[6,6,6,14,16,22,25],"damage_taken":[{"damage":9,"enemies":"Small Slimes","floor":1,"turns":4},{"damage":0,"enemies":"Cultist","floor":3,"turns":3},{"damage":6,"enemies":"Jaw Worm","floor":4,"turns":2},{"damage":41,"enemies":"3 Sentries","floor":6,"turns":11},{"damage":8,"enemies":"Lots of Slimes","floor":7,"turns":3},{"damage":7,"enemies":"Blue Slaver","floor":10,"turns":3},{"damage":0,"enemies":"Gremlin Gang","floor":12,"turns":3},{"damage":4,"enemies":"Large Slime","floor":14,"turns":4},{"damage":43,"enemies":"The Guardian","floor":16,"turns":13},{"damage":10,"enemies":"Shell Parasite","floor":18,"turns":7},{"damage":18,"enemies":"Spheric Guardian","floor":20,"turns":4},{"damage":30,"enemies":"Centurion and Healer","floor":21,"turns":7},{"damage":22,"enemies":"Snake Plant","floor":22,"turns":3},{"damage":52,"enemies":"Book of Stabbing","floor":25,"turns":7},{"damage":1,"enemies":"Cultist and Chosen","floor":28,"turns":6}],"seed_played":"4551080756736120024","potions_obtained":[{"floor":1,"key":"LiquidBronze"},{"floor":2,"key":"BloodPotion"},{"floor":2,"key":"SneckoOil"},{"floor":4,"key":"SpeedPotion"},{"floor":10,"key":"Strength Potion"},{"floor":12,"key":"Weak Potion"},{"floor":21,"key":"LiquidBronze"},{"floor":22,"key":"AttackPotion"},{"floor":28,"key":"FearPotion"}],"is_trial":false,"path_per_floor":["M","?","M","M","$","E","M","R","T","M","?","M","R","M","R","B",null,"M","$","M","M","M","R","?","E","T","$","M","R","?","?","R"],"character_chosen":"IRONCLAD","items_purchased":["Mayhem","Headbutt","Lantern"],"campfire_rested":2,"item_purchase_floors":[19,19,27],"current_hp_per_floor":[77,77,80,80,80,53,51,51,51,50,76,80,80,80,80,43,80,76,76,64,40,24,60,60,14,14,14,22,58,58,58,70],"gold":61,"neow_bonus":"TRANSFORM_CARD","is_prod":false,"is_daily":false,"chose_seed":false,"campfire_upgraded":3,"win_rate":0,"timestamp":1558244490,"path_taken":["M","?","M","M","?","E","M","R","T","M","?","M","R","?","R","BOSS","M","$","M","?","M","R","?","E","T","$","?","R","?","?","R"],"build_version":"2019-01-23","purchased_purges":0,"victory":false,"max_hp_per_floor":[80,80,80,80,80,80,80,80,80,80,80,80,80,80,80,80,80,80,80,80,80,80,80,80,80,80,80,83,83,83,83,83],"card_choices":[{"not_picked":["Perfected Strike","Anger"],"picked":"Infernal Blade","floor":1},{"not_picked":["Uppercut","Corruption","True Grit"],"picked":"SKIP","floor":3},{"not_picked":["Wild Strike","Entrench"],"picked":"Exhume","floor":4},{"not_picked":["Headbutt","Infernal Blade"],"picked":"Pummel","floor":6},{"not_picked":["Body Slam","Heavy Blade","Sword Boomerang"],"picked":"SKIP","floor":7},{"not_picked":["Rampage","Wild Strike"],"picked":"Thunderclap","floor":10},{"not_picked":["Hemokinesis","Reckless Charge","Dual Wield"],"picked":"SKIP","floor":12},{"not_picked":["Perfected Strike","Offering"],"picked":"Flame Barrier","floor":14},{"not_picked":["Dark Embrace","Offering"],"picked":"Feed","floor":16},{"not_picked":["Perfected Strike","Havoc+1"],"picked":"Carnage","floor":18},{"not_picked":["Body Slam","Infernal Blade","Headbutt"],"picked":"SKIP","floor":20},{"not_picked":["Rupture","Sentinel","Dual Wield"],"picked":"SKIP","floor":21},{"not_picked":["Metallicize+1","Uppercut"],"picked":"Battle Trance","floor":22},{"not_picked":["Flex+1","Thunderclap"],"picked":"Corruption+1","floor":25},{"not_picked":["Battle Trance+1","Inflame"],"picked":"Seeing Red+1","floor":28}],"player_experience":229263,"relics_obtained":[{"floor":6,"key":"Mercury Hourglass"},{"floor":9,"key":"Champion Belt"},{"floor":25,"key":"WingedGreaves"}],"event_choices":[{"damage_healed":0,"gold_gain":0,"player_choice":"Got Potions","damage_taken":0,"max_hp_gain":0,"max_hp_loss":0,"event_name":"Lab","floor":2,"gold_loss":0},{"damage_healed":26,"gold_gain":0,"player_choice":"Banana","damage_taken":0,"max_hp_gain":0,"max_hp_loss":0,"event_name":"Big Fish","floor":11,"gold_loss":0},{"damage_healed":0,"gold_gain":0,"player_choice":"Ignored","damage_taken":0,"max_hp_gain":0,"max_hp_loss":0,"event_name":"NoteForYourself","floor":24,"gold_loss":0},{"damage_healed":0,"gold_gain":0,"cards_transformed":["Strike_R","Defend_R"],"player_choice":"Became Test Subject","damage_taken":0,"max_hp_gain":0,"max_hp_loss":0,"event_name":"Drug Dealer","floor":30,"gold_loss":0,"cards_obtained":["Evolve","Juggernaut"]},{"damage_healed":0,"gold_gain":0,"player_choice":"Opened","damage_taken":0,"relics_obtained":["The Courier"],"max_hp_gain":0,"max_hp_loss":0,"event_name":"The Mausoleum","floor":31,"gold_loss":0,"cards_obtained":["Writhe"]}],"is_beta":false,"boss_relics":[{"not_picked":["Cursed Key","Coffee Dripper"],"picked":"Eternal Feather"}],"items_purged_floors":[],"is_endless":false,"potions_floor_spawned":[1,4,10,12,21,22,28],"ascension_level":0}