{"gold_per_floor":[119,44,63,138,157,157,157,187,266,266,23,23,50,66,66,139,139,155,165,10,27,27],"floor_reached":22,"playtime":768,"items_purged":[],"score":350,"play_id":"615f9deb-f562-4bbe-9f1d-d80ee844423e","local_time":"20190618202036","is_ascension_mode":true,"campfire_choices":[{"data":"Dash","floor":7,"key":"SMITH"},{"floor":15,"key":"REST"}],"neow_cost":"NONE","seed_source_timestamp":508998763393767,"circlet_count":0,"master_deck":["AscendersBane","Defend_G","Defend_G","Defend_G","Defend_G","Defend_G","Strike_G","Strike_G","Strike_G","Strike_G","Survivor","Neutralize","Dash+1","Quick Slash","Backflip","Deadly Poison","Quick Slash+1","Deadly Poison","Bullet Time","Sucker Punch+1","Poisoned Stab+1","After Image","Leg Sweep+1"],"relics":["Ring of the Snake","NeowsBlessing","Molten Egg 2","Blue Candle","Snake Skull","Darkstone Periapt","Regal Pillow","Cursed Key"],"potions_floor_usage":[16,21],"damage_taken":[{"damage":0,"enemies":"Cultist","floor":1,"turns":1},{"damage":0,"enemies":"Jaw Worm","floor":3,"turns":1},{"damage":0,"enemies":"2 Louse","floor":5,"turns":1},{"damage":35,"enemies":"Gremlin Nob","floor":13,"turns":5},{"damage":1,"enemies":"Gremlin Gang","floor":14,"turns":6},{"damage":11,"enemies":"Hexaghost","floor":16,"turns":10},{"damage":26,"enemies":"Spheric Guardian","floor":18,"turns":6},{"damage":14,"enemies":"3 Byrds","floor":19,"turns":7},{"damage":14,"enemies":"Shelled Parasite and Fungi","floor":21,"turns":7},{"damage":3,"enemies":"3 Cultists","floor":22,"turns":4}],"seed_played":"3589004815214832987","potions_obtained":[{"floor":14,"key":"GhostInAJar"},{"floor":19,"key":"PowerPotion"}],"is_trial":false,"path_per_floor":["M","?","M","?","M","?","R","?","T","?","$","T","E","M","R","B",null,"M","M","$","M","M"],"character_chosen":"THE_SILENT","items_purchased":["Snake Skull","Deadly Poison","Quick Slash+1","After Image"],"campfire_rested":1,"item_purchase_floors":[11,11,11,20],"current_hp_per_floor":[59,59,59,48,48,37,37,37,37,37,37,37,2,1,35,24,56,30,16,16,2,0],"gold":27,"neow_bonus":"THREE_ENEMY_KILL","is_prod":false,"is_daily":false,"chose_seed":false,"campfire_upgraded":1,"win_rate":0,"timestamp":1560914436,"path_taken":["M","?","M","?","M","?","R","?","T","?","?","?","E","M","R","BOSS","M","?","$","M","M"],"build_version":"2019-01-23","purchased_purges":0,"victory":false,"max_hp_per_floor":[66,66,66,66,66,66,66,66,66,66,66,66,66,66,66,66,66,66,66,66,66,66],"card_choices":[{"not_picked":["Dodge and Roll","Prepared"],"picked":"Dash","floor":1},{"not_picked":["Sucker Punch","PiercingWail"],"picked":"Quick Slash","floor":3},{"not_picked":["Outmaneuver","Reflex"],"picked":"Backflip","floor":5},{"not_picked":["Calculated Gamble","Caltrops","Flechettes+1"],"picked":"SKIP","floor":13},{"not_picked":["Acrobatics","Expertise"],"picked":"Deadly Poison","floor":14},{"not_picked":["Wraith Form v2","Storm of Steel"],"picked":"Bullet Time","floor":16},{"not_picked":["Dodge and Roll","Backstab+1"],"picked":"Sucker Punch+1","floor":18},{"not_picked":["Acrobatics","Backflip"],"picked":"Poisoned Stab+1","floor":19},{"not_picked":["Quick Slash+1","Concentrate"],"picked":"Leg Sweep+1","floor":21}],"player_experience":1035543,"relics_obtained":[{"floor":9,"key":"Blue Candle"},{"floor":12,"key":"Darkstone Periapt"},{"floor":13,"key":"Regal Pillow"}],"event_choices":[{"cards_removed":["Strike_G"],"damage_healed":0,"gold_gain":0,"player_choice":"Card Removal","damage_taken":0,"max_hp_gain":0,"max_hp_loss":0,"event_name":"The Cleric","floor":2,"gold_loss":75},{"damage_healed":0,"gold_gain":75,"player_choice":"Gather Gold","damage_taken":11,"max_hp_gain":0,"max_hp_loss":0,"event_name":"World of Goop","floor":4,"gold_loss":0},{"damage_healed":0,"gold_gain":0,"player_choice":"Success","damage_taken":11,"relics_obtained":["Molten Egg 2"],"max_hp_gain":0,"max_hp_loss":0,"event_name":"Scrap Ooze","floor":6,"gold_loss":0},{"damage_healed":0,"gold_gain":30,"player_choice":"Searched \u00271\u0027 times","damage_taken":0,"max_hp_gain":0,"max_hp_loss":0,"event_name":"Dead Adventurer","floor":8,"gold_loss":0},{"damage_healed":0,"gold_gain":0,"player_choice":"Ignored","damage_taken":0,"max_hp_gain":0,"max_hp_loss":0,"event_name":"Shining Light","floor":10,"gold_loss":0}],"is_beta":false,"boss_relics":[{"not_picked":["Ring of the Serpent","Empty Cage"],"picked":"Cursed Key"}],"items_purged_floors":[],"is_endless":false,"potions_floor_spawned":[14,19],"killed_by":"3 Cultists","ascension_level":18}