{"gold_per_floor":[118,118,129,144,162,191,205,230,230,245,260,3,21,39,39,140,140,160,160,91,111,131,131],"floor_reached":23,"playtime":1083,"items_purged":[],"score":334,"play_id":"ae12beb7-6312-4431-a7e1-b3fcbb8bea63","local_time":"20190320162901","is_ascension_mode":true,"campfire_choices":[{"floor":15,"key":"REST"}],"neow_cost":"NONE","seed_source_timestamp":14711896998027,"circlet_count":0,"master_deck":["AscendersBane","Defend_G","Defend_G","Defend_G","Defend_G","Strike_G","Strike_G","Strike_G","Survivor","Neutralize","Masterful Stab+1","Prepared+1","Corpse Explosion+1","Infinite Blades+1","Dagger Spray","Finisher","Finisher","Slice","Footwork","Finisher","Well Laid Plans","Deflect","Blade Dance","Flechettes","Bullet Time","Acrobatics","RitualDagger","Infinite Blades","Cloak And Dagger","Backstab+1"],"relics":["Astrolabe","Torii","Orichalcum","Anchor","Kunai","Philosopher\u0027s Stone"],"potions_floor_usage":[16,18,22,22,23],"damage_taken":[{"damage":5,"enemies":"Jaw Worm","floor":1,"turns":3},{"damage":0,"enemies":"Cultist","floor":3,"turns":3},{"damage":0,"enemies":"Small Slimes","floor":4,"turns":2},{"damage":1,"enemies":"Exordium Wildlife","floor":5,"turns":3},{"damage":22,"enemies":"3 Sentries","floor":6,"turns":6},{"damage":0,"enemies":"Large Slime","floor":7,"turns":4},{"damage":20,"enemies":"Lagavulin","floor":8,"turns":6},{"damage":1,"enemies":"Exordium Thugs","floor":10,"turns":2},{"damage":1,"enemies":"Exordium Wildlife","floor":11,"turns":3},{"damage":1,"enemies":"2 Fungi Beasts","floor":13,"turns":3},{"damage":0,"enemies":"3 Louse","floor":14,"turns":2},{"damage":2,"enemies":"Hexaghost","floor":16,"turns":11},{"damage":7,"enemies":"Spheric Guardian","floor":18,"turns":4},{"damage":1,"enemies":"Chosen","floor":21,"turns":4},{"damage":37,"enemies":"Sentry and Sphere","floor":22,"turns":7},{"damage":13,"enemies":"Snake Plant","floor":23,"turns":2}],"seed_played":"1165313471288024542","potions_obtained":[{"floor":4,"key":"Weak Potion"},{"floor":6,"key":"SteroidPotion"},{"floor":16,"key":"Block Potion"},{"floor":18,"key":"GamblersBrew"},{"floor":22,"key":"Explosive Potion"}],"is_trial":false,"path_per_floor":["M","?","M","M","M","E","M","E","T","M","M","$","M","M","R","B",null,"M","?","$","M","M","M"],"character_chosen":"THE_SILENT","items_purchased":["Kunai","Infinite Blades"],"campfire_rested":1,"item_purchase_floors":[12,20],"current_hp_per_floor":[58,58,58,58,57,35,35,15,15,14,13,13,12,12,33,31,60,53,47,47,46,9,0],"gold":131,"neow_bonus":"BOSS_RELIC","is_prod":false,"is_daily":false,"chose_seed":false,"campfire_upgraded":0,"win_rate":0,"timestamp":1553113741,"path_taken":["M","?","M","?","M","E","M","E","T","M","M","$","M","M","R","BOSS","M","?","$","M","M","M"],"build_version":"2019-01-23","purchased_purges":0,"victory":false,"max_hp_per_floor":[70,70,70,70,70,70,70,70,70,70,70,70,70,70,70,70,70,70,70,70,70,70,70],"card_choices":[{"not_picked":["Dodge and Roll","Expertise"],"picked":"Infinite Blades","floor":1},{"not_picked":["Quick Slash","Prepared"],"picked":"Dagger Spray","floor":3},{"not_picked":["Riddle With Holes","Heel Hook"],"picked":"Finisher","floor":4},{"not_picked":["Acrobatics","Dodge and Roll"],"picked":"Finisher","floor":5},{"not_picked":["Crippling Poison","Eviscerate"],"picked":"Slice","floor":6},{"not_picked":["Deadly Poison","Endless Agony"],"picked":"Footwork","floor":7},{"not_picked":["Dagger Throw","Backflip"],"picked":"Finisher","floor":8},{"not_picked":["Poisoned Stab","Heel Hook"],"picked":"Well Laid Plans","floor":10},{"not_picked":["Slice","Deadly Poison"],"picked":"Deflect","floor":11},{"not_picked":["Accuracy","Poisoned Stab"],"picked":"Blade Dance","floor":13},{"not_picked":["Prepared","Grand Finale"],"picked":"Flechettes","floor":14},{"not_picked":["Night Terror","Unload"],"picked":"Bullet Time","floor":16},{"not_picked":["Sucker Punch","Outmaneuver+1"],"picked":"Acrobatics","floor":18},{"not_picked":["Blade Dance","Bouncing Flask"],"picked":"Cloak And Dagger","floor":21},{"not_picked":["Distraction","Prepared"],"picked":"Backstab+1","floor":22}],"player_experience":424045,"relics_obtained":[{"floor":6,"key":"Torii"},{"floor":8,"key":"Orichalcum"},{"floor":9,"key":"Anchor"}],"event_choices":[{"damage_healed":0,"gold_gain":0,"player_choice":"Forge","damage_taken":0,"max_hp_gain":0,"max_hp_loss":0,"event_name":"Accursed Blacksmith","floor":2,"gold_loss":0,"cards_upgraded":["Infinite Blades"]},{"damage_healed":0,"gold_gain":0,"player_choice":"Joined the Cult","damage_taken":6,"max_hp_gain":0,"max_hp_loss":0,"event_name":"Nest","floor":19,"gold_loss":0,"cards_obtained":["RitualDagger"]}],"is_beta":false,"boss_relics":[{"not_picked":["Empty Cage","Orrery"],"picked":"Philosopher\u0027s Stone"}],"items_purged_floors":[],"is_endless":false,"potions_floor_spawned":[4,6,8,14,16,18,22],"killed_by":"Snake Plant","ascension_level":12}