{"gold_per_floor":[359,372,372,389,564,579,579,599,599,233,233,264,72,72,72,151,151,166,76,62,75,25,25],"floor_reached":23,"playtime":1425,"items_purged":["Doubt"],"score":315,"play_id":"b0937669-9ab2-4811-a239-a79fc6b6503f","local_time":"20181116160152","is_ascension_mode":true,"campfire_choices":[{"data":"Blur","floor":7,"key":"SMITH"},{"floor":11,"key":"REST"},{"data":"Doppelganger","floor":15,"key":"SMITH"}],"neow_cost":"TEN_PERCENT_HP_LOSS","seed_source_timestamp":1040332742584,"circlet_count":0,"master_deck":["AscendersBane","Defend_G","Defend_G","Defend_G","Defend_G","Defend_G+1","Strike_G","Strike_G","Strike_G","Survivor","Neutralize+1","Backflip","Quick Slash","Sucker Punch+1","Blur+1","Doppelganger+1","Caltrops","All Out Attack","Flying Knee","Malaise","Flying Knee","Deadly Poison","Leg Sweep","Prepared"],"relics":["Ring of the Snake","Whetstone","Meat on the Bone","Potion Belt","Oddly Smooth Stone","Cursed Key"],"potions_floor_usage":[12,23],"damage_taken":[{"damage":7,"enemies":"Small Slimes","floor":1,"turns":5},{"damage":1,"enemies":"2 Louse","floor":2,"turns":4},{"damage":0,"enemies":"Jaw Worm","floor":4,"turns":5},{"damage":6,"enemies":"2 Fungi Beasts","floor":6,"turns":4},{"damage":20,"enemies":"Large Slime","floor":8,"turns":11},{"damage":12,"enemies":"3 Sentries","floor":12,"turns":14},{"damage":34,"enemies":"The Guardian","floor":16,"turns":21},{"damage":4,"enemies":"3 Byrds","floor":18,"turns":5},{"damage":8,"enemies":"2 Thieves","floor":20,"turns":4},{"damage":16,"enemies":"3 Cultists","floor":21,"turns":7},{"damage":45,"enemies":"Gremlin Leader","floor":23,"turns":8}],"seed_played":"6211572098674857120","potions_obtained":[{"floor":2,"key":"Dexterity Potion"},{"floor":6,"key":"SpeedPotion"},{"floor":12,"key":"Ancient Potion"},{"floor":20,"key":"Weak Potion"},{"floor":21,"key":"FearPotion"}],"is_trial":false,"path_per_floor":["M","M","?","M","?","M","R","M","T","$","R","E","$","?","R","B",null,"M","?","M","M","$","E"],"character_chosen":"THE_SILENT","items_purchased":["Meat on the Bone","Caltrops","Oddly Smooth Stone","Flying Knee","Prepared"],"campfire_rested":1,"item_purchase_floors":[10,10,13,13,22],"current_hp_per_floor":[56,55,48,48,48,42,42,22,22,22,40,40,40,61,61,39,57,53,53,45,41,41,0],"gold":25,"neow_bonus":"TWO_FIFTY_GOLD","is_prod":false,"is_daily":false,"chose_seed":false,"campfire_upgraded":2,"win_rate":0,"timestamp":1542412912,"path_taken":["M","M","?","M","?","M","R","M","T","$","R","E","?","?","R","BOSS","M","?","M","M","$","E"],"build_version":"2018-11-15","purchased_purges":1,"victory":false,"max_hp_per_floor":[63,63,63,63,63,63,63,63,63,63,63,63,63,63,63,63,63,63,63,63,63,63,63],"card_choices":[{"not_picked":["PiercingWail","Terror"],"picked":"Backflip","floor":1},{"not_picked":["Blade Dance","Backflip"],"picked":"Quick Slash","floor":2},{"not_picked":["Poisoned Stab","Backflip"],"picked":"Sucker Punch","floor":4},{"not_picked":["Dagger Spray","Cloak And Dagger"],"picked":"Blur","floor":6},{"not_picked":["Accuracy","Cloak And Dagger"],"picked":"Doppelganger","floor":8},{"not_picked":["Accuracy","Dagger Throw"],"picked":"All Out Attack","floor":12},{"not_picked":["Night Terror","Tools of the Trade"],"picked":"Malaise","floor":16},{"not_picked":["Sucker Punch","Underhanded Strike"],"picked":"Flying Knee","floor":18},{"not_picked":["Catalyst","Blade Dance"],"picked":"Deadly Poison","floor":20},{"not_picked":["Sucker Punch","Reflex"],"picked":"Leg Sweep","floor":21}],"player_experience":741082,"relics_obtained":[{"floor":9,"key":"Whetstone"},{"floor":12,"key":"Potion Belt"}],"event_choices":[{"cards_removed":["Strike_G"],"damage_healed":0,"gold_gain":0,"player_choice":"Card Removal","damage_taken":7,"max_hp_gain":0,"max_hp_loss":0,"event_name":"Golden Wing","floor":3,"gold_loss":0},{"damage_healed":0,"gold_gain":175,"player_choice":"AGREE","damage_taken":0,"max_hp_gain":0,"max_hp_loss":0,"event_name":"Liars Game","floor":5,"gold_loss":0,"cards_obtained":["Doubt"]},{"damage_healed":21,"gold_gain":0,"player_choice":"Banana","damage_taken":0,"max_hp_gain":0,"max_hp_loss":0,"event_name":"Big Fish","floor":14,"gold_loss":0},{"cards_removed":["Strike_G"],"damage_healed":0,"gold_gain":0,"player_choice":"Upgrade and Remove","damage_taken":0,"max_hp_gain":0,"max_hp_loss":0,"event_name":"Designer","floor":19,"gold_loss":90,"cards_upgraded":["Defend_G"]}],"is_beta":false,"boss_relics":[{"not_picked":["Astrolabe","Ring of the Serpent"],"picked":"Cursed Key"}],"items_purged_floors":[10],"is_endless":false,"potions_floor_spawned":[2,6,8,12,20,21],"killed_by":"Gremlin Leader","ascension_level":13}