{"gold_per_floor":[363,363,309,327,343,343,372,372,399,419,465,465,478,505,505,505],"floor_reached":16,"playtime":384,"items_purged":[],"score":209,"play_id":"33671913-6391-45f3-93e1-7e8b7dbc9b14","local_time":"20190616110803","is_ascension_mode":true,"campfire_choices":[{"data":"Pommel Strike","floor":6,"key":"SMITH"},{"data":"Bludgeon","floor":8,"key":"SMITH"},{"floor":15,"key":"REST"}],"neow_cost":"CURSE","seed_source_timestamp":303433216508668,"circlet_count":0,"master_deck":["AscendersBane","Strike_R","Strike_R","Strike_R","Strike_R","Strike_R","Defend_R","Defend_R","Defend_R","Defend_R","Bash","Pommel Strike+1","Ghostly Armor","Anger","Bludgeon+1","True Grit","Rampage","True Grit"],"relics":["Burning Blood","PreservedInsect","Smiling Mask","Art of War","Sundial"],"potions_floor_usage":[7,10,10,16],"damage_taken":[{"damage":9,"enemies":"2 Louse","floor":1,"turns":4},{"damage":6,"enemies":"Cultist","floor":4,"turns":3},{"damage":2,"enemies":"Small Slimes","floor":5,"turns":3},{"damage":30,"enemies":"Lagavulin","floor":7,"turns":5},{"damage":1,"enemies":"2 Fungi Beasts","floor":10,"turns":2},{"damage":14,"enemies":"3 Louse","floor":13,"turns":4},{"damage":6,"enemies":"Gremlin Nob","floor":14,"turns":3},{"damage":66,"enemies":"Hexaghost","floor":16,"turns":9}],"seed_played":"-6651324783255172631","potions_obtained":[{"floor":1,"key":"BloodPotion"},{"floor":5,"key":"Swift Potion"},{"floor":7,"key":"Explosive Potion"},{"floor":14,"key":"FearPotion"}],"is_trial":false,"path_per_floor":["M","?","$","M","M","R","E","R","T","M","T","?","M","E","R","B"],"character_chosen":"IRONCLAD","items_purchased":["PowerPotion"],"campfire_rested":1,"item_purchase_floors":[3],"current_hp_per_floor":[65,65,65,65,69,69,45,45,45,50,50,50,42,42,64,0],"gold":505,"neow_bonus":"TWO_FIFTY_GOLD","is_prod":false,"is_daily":false,"chose_seed":false,"campfire_upgraded":2,"win_rate":0,"timestamp":1560708483,"path_taken":["M","?","$","M","M","R","E","R","T","?","?","?","M","E","R","BOSS"],"build_version":"2019-01-23","purchased_purges":0,"victory":false,"max_hp_per_floor":[75,75,75,75,75,75,75,75,75,75,75,75,75,75,75,75],"card_choices":[{"not_picked":["Perfected Strike","Dropkick"],"picked":"Pommel Strike","floor":1},{"not_picked":["Whirlwind","Anger"],"picked":"Ghostly Armor","floor":4},{"not_picked":["Sword Boomerang","Seeing Red"],"picked":"Anger","floor":5},{"not_picked":["Headbutt","Rupture"],"picked":"Bludgeon","floor":7},{"not_picked":["Combust","Body Slam"],"picked":"True Grit","floor":10},{"not_picked":["Iron Wave","Armaments"],"picked":"Rampage","floor":13},{"not_picked":["Second Wind","Armaments"],"picked":"True Grit","floor":14}],"player_experience":1021837,"relics_obtained":[{"floor":7,"key":"PreservedInsect"},{"floor":9,"key":"Smiling Mask"},{"floor":11,"key":"Art of War"},{"floor":14,"key":"Sundial"}],"event_choices":[{"cards_removed":["Writhe"],"damage_healed":0,"gold_gain":0,"player_choice":"Removed Curses","damage_taken":0,"max_hp_gain":0,"max_hp_loss":0,"event_name":"Fountain of Cleansing","floor":2,"gold_loss":0},{"damage_healed":0,"gold_gain":0,"player_choice":"Ignored","damage_taken":0,"max_hp_gain":0,"max_hp_loss":0,"event_name":"Liars Game","floor":12,"gold_loss":0}],"is_beta":false,"boss_relics":[],"items_purged_floors":[],"is_endless":false,"potions_floor_spawned":[1,5,7,14],"killed_by":"Hexaghost","ascension_level":18}