{"gold_per_floor":[362,362,374,127,127,127,127,277,277,68,68,91,91,112,112,112],"floor_reached":16,"playtime":4934,"items_purged":["Doubt"],"score":172,"play_id":"0ab888f1-7bb8-4acf-8b23-31b329e627e7","local_time":"20190624181405","is_ascension_mode":true,"campfire_choices":[{"floor":6,"key":"REST"},{"data":"Defend_R","floor":13,"key":"SMITH"},{"data":"Rage","floor":15,"key":"SMITH"}],"neow_cost":"PERCENT_DAMAGE","seed_source_timestamp":1015642144439194,"circlet_count":0,"master_deck":["AscendersBane","Strike_R","Strike_R","Strike_R+1","Strike_R","Strike_R","Defend_R","Defend_R","Defend_R","Defend_R+1","Bash+1","Perfected Strike+1","Rage+1","Corruption+1","Shrug It Off","Seeing Red","Twin Strike","Power Through"],"relics":["Burning Blood","Happy Flower","Golden Idol","Bottled Tornado"],"potions_floor_usage":[],"damage_taken":[{"damage":8,"enemies":"2 Louse","floor":1,"turns":2},{"damage":24,"enemies":"Jaw Worm","floor":3,"turns":4},{"damage":7,"enemies":"Small Slimes","floor":12,"turns":3},{"damage":2,"enemies":"2 Fungi Beasts","floor":14,"turns":3},{"damage":36,"enemies":"Hexaghost","floor":16,"turns":9}],"seed_played":"-8337939961488547990","potions_obtained":[],"is_trial":false,"path_per_floor":["M","?","M","$","?","R","?","?","T","$","?","M","R","M","R","B"],"character_chosen":"IRONCLAD","items_purchased":["Corruption","Happy Flower","Shrug It Off","Seeing Red"],"campfire_rested":1,"item_purchase_floors":[4,4,10,10],"current_hp_per_floor":[48,48,30,30,7,29,29,29,29,29,29,28,28,32,32,0],"gold":112,"neow_bonus":"TWO_FIFTY_GOLD","is_prod":false,"is_daily":false,"chose_seed":false,"campfire_upgraded":2,"win_rate":0,"timestamp":1561425245,"path_taken":["M","?","M","$","?","R","?","?","T","$","?","M","R","M","R","BOSS"],"build_version":"2019-01-23","purchased_purges":1,"victory":false,"max_hp_per_floor":[75,75,75,75,75,75,68,68,68,68,68,68,68,68,68,68],"card_choices":[{"not_picked":["Flex","Cleave"],"picked":"Perfected Strike","floor":1},{"not_picked":["Metallicize","True Grit"],"picked":"Rage","floor":3},{"not_picked":["Evolve","Intimidate"],"picked":"Twin Strike","floor":12},{"not_picked":["Blood for Blood","Heavy Blade"],"picked":"Power Through","floor":14}],"player_experience":1061645,"relics_obtained":[{"floor":9,"key":"Bottled Tornado"}],"event_choices":[{"damage_healed":0,"gold_gain":0,"player_choice":"Grow","damage_taken":0,"max_hp_gain":0,"max_hp_loss":0,"event_name":"Living Wall","floor":2,"gold_loss":0,"cards_upgraded":["Perfected Strike"]},{"damage_healed":0,"gold_gain":0,"player_choice":"Entered Light","damage_taken":23,"max_hp_gain":0,"max_hp_loss":0,"event_name":"Shining Light","floor":5,"gold_loss":0,"cards_upgraded":["Bash","Strike_R"]},{"damage_healed":0,"gold_gain":0,"player_choice":"Lose Max HP","damage_taken":0,"relics_obtained":["Golden Idol"],"max_hp_gain":0,"max_hp_loss":7,"event_name":"Golden Idol","floor":7,"gold_loss":0},{"damage_healed":0,"gold_gain":150,"player_choice":"AGREE","damage_taken":0,"max_hp_gain":0,"max_hp_loss":0,"event_name":"Liars Game","floor":8,"gold_loss":0,"cards_obtained":["Doubt"]},{"damage_healed":0,"gold_gain":0,"player_choice":"Upgraded","damage_taken":0,"max_hp_gain":0,"max_hp_loss":0,"event_name":"Upgrade Shrine","floor":11,"gold_loss":0,"cards_upgraded":["Corruption"]}],"is_beta":false,"boss_relics":[],"items_purged_floors":[10],"is_endless":false,"potions_floor_spawned":[],"killed_by":"Hexaghost","ascension_level":19}