{"gold_per_floor":[110,126,144,144,155,155,166,184,184,109,124,89,103,103,103,205,205,219,219,119,134,9,9,28,46,96,76,76,89,107,107],"floor_reached":31,"playtime":1598,"items_purged":["Bash","Strike_R","Strike_R"],"score":281,"play_id":"a749aa44-a0d4-41a5-9805-42b4e5e27831","local_time":"20190604031436","is_ascension_mode":true,"campfire_choices":[{"data":"Battle Trance","floor":6,"key":"SMITH"},{"data":"Disarm","floor":15,"key":"SMITH"},{"data":"Warcry","floor":23,"key":"SMITH"},{"floor":28,"key":"REST"}],"neow_cost":"NONE","seed_source_timestamp":716095826809227,"circlet_count":0,"master_deck":["Strike_R","Strike_R","Strike_R","Defend_R","Defend_R","Defend_R","Defend_R","Whirlwind+1","Disarm+1","Battle Trance+1","Feed","Rampage","Headbutt","Warcry+1","Warcry","Seeing Red"],"relics":["Burning Blood","NeowsBlessing","Pear","Orrery","Vajra"],"potions_floor_usage":[11,13,16,16,25,29,30,30],"damage_taken":[{"damage":0,"enemies":"Jaw Worm","floor":1,"turns":1},{"damage":0,"enemies":"Cultist","floor":2,"turns":1},{"damage":0,"enemies":"Small Slimes","floor":3,"turns":2},{"damage":15,"enemies":"Blue Slaver","floor":5,"turns":4},{"damage":26,"enemies":"Exordium Thugs","floor":7,"turns":4},{"damage":0,"enemies":"Gremlin Gang","floor":8,"turns":1},{"damage":0,"enemies":"3 Louse","floor":11,"turns":1},{"damage":1,"enemies":"Lots of Slimes","floor":13,"turns":2},{"damage":64,"enemies":"Hexaghost","floor":16,"turns":15},{"damage":15,"enemies":"3 Byrds","floor":18,"turns":4},{"damage":16,"enemies":"Chosen","floor":21,"turns":8},{"damage":53,"enemies":"Sentry and Sphere","floor":24,"turns":6},{"damage":29,"enemies":"Shelled Parasite and Fungi","floor":25,"turns":7},{"damage":6,"enemies":"Chosen and Byrds","floor":29,"turns":4},{"damage":16,"enemies":"Snecko","floor":30,"turns":5},{"damage":40,"enemies":"Shelled Parasite and Fungi","floor":31,"turns":4}],"seed_played":"-2606504656151138147","potions_obtained":[{"floor":1,"key":"Swift Potion"},{"floor":7,"key":"Fire Potion"},{"floor":11,"key":"Ancient Potion"},{"floor":13,"key":"LiquidBronze"},{"floor":14,"key":"SkillPotion"},{"floor":18,"key":"FairyPotion"},{"floor":24,"key":"PowerPotion"},{"floor":25,"key":"Block Potion"},{"floor":27,"key":"Poison Potion"}],"is_trial":false,"path_per_floor":["M","M","M","?","M","R","M","M","T","$","M","?","M","?","R","B",null,"M","?","$","M","$","R","M","M","T","?","R","M","M","M"],"character_chosen":"IRONCLAD","items_purchased":[],"campfire_rested":1,"item_purchase_floors":[],"current_hp_per_floor":[80,80,80,80,71,71,51,57,67,67,73,90,90,90,90,32,90,81,72,72,62,62,62,18,12,12,12,40,43,33,0],"gold":107,"neow_bonus":"THREE_ENEMY_KILL","is_prod":false,"is_daily":false,"chose_seed":false,"campfire_upgraded":3,"win_rate":0,"timestamp":1559643276,"path_taken":["M","M","M","?","M","R","M","?","T","$","M","?","M","?","R","BOSS","M","?","$","M","?","R","?","?","T","?","R","M","M","M"],"build_version":"2019-01-23","purchased_purges":3,"victory":false,"max_hp_per_floor":[80,80,80,80,80,80,80,80,90,90,90,90,90,90,90,90,90,90,90,90,90,90,90,93,96,96,96,96,99,99,102],"card_choices":[{"not_picked":["True Grit","Inflame"],"picked":"Whirlwind","floor":1},{"not_picked":["Cleave","Wild Strike"],"picked":"Disarm","floor":2},{"not_picked":["Havoc","Body Slam"],"picked":"Battle Trance","floor":3},{"not_picked":["Clothesline","Shrug It Off","Pummel"],"picked":"SKIP","floor":5},{"not_picked":["Armaments","Uppercut","Entrench"],"picked":"SKIP","floor":7},{"not_picked":["Iron Wave","Evolve","Perfected Strike"],"picked":"SKIP","floor":8},{"not_picked":["Feel No Pain","Heavy Blade","Shrug It Off"],"picked":"SKIP","floor":11},{"not_picked":["Twin Strike","Armaments","Headbutt"],"picked":"SKIP","floor":13},{"not_picked":["Barricade","Brutality"],"picked":"Feed","floor":16},{"not_picked":["Spot Weakness","Second Wind"],"picked":"Rampage","floor":17},{"not_picked":["Heavy Blade","Infernal Blade"],"picked":"Headbutt","floor":17},{"not_picked":["Sword Boomerang","Iron Wave"],"picked":"Warcry","floor":17},{"not_picked":["Reckless Charge","Sword Boomerang"],"picked":"Warcry","floor":17},{"not_picked":["Shockwave+1","Intimidate"],"picked":"Seeing Red","floor":18},{"not_picked":["Clothesline","Anger","Shrug It Off"],"picked":"SKIP","floor":21},{"not_picked":["Pommel Strike","Second Wind","Body Slam"],"picked":"SKIP","floor":24},{"not_picked":["Thunderclap","Warcry","Sword Boomerang"],"picked":"SKIP","floor":25},{"not_picked":["Hemokinesis","Power Through","Infernal Blade"],"picked":"SKIP","floor":29},{"not_picked":["Heavy Blade","Body Slam","Iron Wave"],"picked":"SKIP","floor":30}],"player_experience":307677,"relics_obtained":[{"floor":9,"key":"Pear"},{"floor":26,"key":"Vajra"}],"event_choices":[{"damage_healed":0,"gold_gain":0,"player_choice":"Forge","damage_taken":0,"max_hp_gain":0,"max_hp_loss":0,"event_name":"Accursed Blacksmith","floor":4,"gold_loss":0,"cards_upgraded":["Whirlwind"]},{"damage_healed":22,"gold_gain":0,"player_choice":"Healed","damage_taken":0,"max_hp_gain":0,"max_hp_loss":0,"event_name":"The Cleric","floor":12,"gold_loss":35},{"damage_healed":0,"gold_gain":0,"player_choice":"Got Potions","damage_taken":0,"max_hp_gain":0,"max_hp_loss":0,"event_name":"Lab","floor":14,"gold_loss":0},{"damage_healed":0,"gold_gain":0,"player_choice":"","damage_taken":9,"max_hp_gain":0,"max_hp_loss":0,"event_name":"Knowing Skull","floor":19,"potions_obtained":[],"gold_loss":0,"cards_obtained":[]},{"damage_healed":0,"gold_gain":0,"player_choice":"Bought 1 Potion","damage_taken":0,"max_hp_gain":0,"max_hp_loss":0,"event_name":"The Woman in Blue","floor":27,"gold_loss":0}],"is_beta":false,"boss_relics":[{"not_picked":["Busted Crown","Runic Cube"],"picked":"Orrery"}],"items_purged_floors":[10,20,22],"is_endless":false,"potions_floor_spawned":[1,7,11,13,18,24,25],"killed_by":"Shelled Parasite and Fungi","ascension_level":2}