{"gold_per_floor":[116,135,154,154,154,154,54,54,81,96,96,109,128,93,93,93],"floor_reached":16,"playtime":1069,"items_purged":["Regret"],"score":92,"play_id":"fdc6dfd3-bc81-4776-b9f8-45b100d9cb7d","local_time":"20190127012850","is_ascension_mode":false,"campfire_choices":[{"data":"Demon Form","floor":6,"key":"SMITH"},{"data":"Iron Wave","floor":8,"key":"SMITH"},{"data":"Thunderclap","floor":11,"key":"SMITH"},{"data":"Barricade","floor":15,"key":"SMITH"}],"neow_cost":"CURSE","seed_source_timestamp":743954940204105,"circlet_count":0,"master_deck":["Strike_R","Strike_R","Strike_R","Strike_R","Strike_R","Defend_R","Defend_R","Defend_R","Defend_R","Bash","Demon Form+1","Searing Blow","Thunderclap+1","Iron Wave+1","Injury","Clash","Clothesline","Perfected Strike","Barricade+1"],"relics":["Burning Blood","Golden Idol","Potion Belt"],"potions_floor_usage":[10,16],"damage_taken":[{"damage":13,"enemies":"2 Louse","floor":1,"turns":4},{"damage":12,"enemies":"Cultist","floor":2,"turns":4},{"damage":9,"enemies":"Small Slimes","floor":3,"turns":4},{"damage":17,"enemies":"3 Louse","floor":10,"turns":4},{"damage":19,"enemies":"Lots of Slimes","floor":12,"turns":4},{"damage":19,"enemies":"Exordium Thugs","floor":13,"turns":4},{"damage":68,"enemies":"Slime Boss","floor":16,"turns":9}],"seed_played":"-548384759484926833","potions_obtained":[{"floor":2,"key":"SkillPotion"},{"floor":3,"key":"SkillPotion"},{"floor":10,"key":"BloodPotion"},{"floor":12,"key":"LiquidBronze"}],"is_trial":false,"path_per_floor":["M","M","M","?","?","R","$","R","T","M","R","M","M","?","R","B"],"character_chosen":"IRONCLAD","items_purchased":["Clash"],"campfire_rested":0,"item_purchase_floors":[7],"current_hp_per_floor":[73,67,64,64,80,80,80,80,80,69,69,56,43,63,63,0],"gold":93,"neow_bonus":"THREE_RARE_CARDS","is_prod":false,"is_daily":false,"chose_seed":false,"campfire_upgraded":4,"win_rate":0.0,"timestamp":1548570530,"path_taken":["M","M","M","?","?","R","$","R","T","?","R","M","M","?","R","BOSS"],"build_version":"2019-01-23","purchased_purges":1,"victory":false,"max_hp_per_floor":[80,80,80,80,80,80,80,80,80,80,80,80,80,80,80,80],"card_choices":[{"not_picked":["Dark Embrace","Fiend Fire"],"picked":"Demon Form","floor":0},{"not_picked":["Warcry","Second Wind"],"picked":"Searing Blow","floor":1},{"not_picked":["Inflame","Armaments"],"picked":"Thunderclap","floor":2},{"not_picked":["Flex","Sword Boomerang"],"picked":"Iron Wave","floor":3},{"not_picked":["Burning Pact","Warcry"],"picked":"Clothesline","floor":10},{"not_picked":["Thunderclap","Clash"],"picked":"Perfected Strike","floor":12},{"not_picked":["Combust","Pommel Strike"],"picked":"Barricade","floor":13}],"player_experience":7698,"relics_obtained":[{"floor":9,"key":"Potion Belt"}],"event_choices":[{"damage_healed":0,"gold_gain":0,"player_choice":"Take Wound","damage_taken":0,"relics_obtained":["Golden Idol"],"max_hp_gain":0,"max_hp_loss":0,"event_name":"Golden Idol","floor":4,"gold_loss":0,"cards_obtained":["Injury"]},{"damage_healed":16,"gold_gain":0,"player_choice":"Full Heal","damage_taken":0,"max_hp_gain":0,"max_hp_loss":0,"event_name":"Wheel of Change","floor":5,"gold_loss":0},{"damage_healed":20,"gold_gain":0,"player_choice":"Healed","damage_taken":0,"max_hp_gain":0,"max_hp_loss":0,"event_name":"The Cleric","floor":14,"gold_loss":35}],"is_beta":false,"boss_relics":[],"items_purged_floors":[7],"is_endless":false,"potions_floor_spawned":[2,3,10,12],"killed_by":"Slime Boss","ascension_level":0}