{"gold_per_floor":[110,110,126,138,138,138,138,170,170,220,234,234,234,250,250,347,347,347,347,347,347,347,347,347,347,347,347,72,72,72,72,72,72,72,72,72,72,72,0,0,0,0,0,0,0,0,0,0,0,0],"floor_reached":51,"playtime":4865,"items_purged":["Strike_R"],"score":775,"play_id":"ebf1365f-1e68-4496-ba60-871f257f2bcf","local_time":"20190629101817","is_ascension_mode":false,"campfire_choices":[{"data":"Bash","floor":6,"key":"SMITH"},{"floor":13,"key":"REST"},{"data":"Pommel Strike","floor":15,"key":"SMITH"},{"floor":23,"key":"REST"},{"data":"True Grit","floor":25,"key":"SMITH"},{"data":"Limit Break","floor":32,"key":"SMITH"},{"data":"Brutality","floor":40,"key":"SMITH"},{"data":"J.A.X.","floor":45,"key":"SMITH"},{"floor":49,"key":"REST"}],"neow_cost":"NONE","seed_source_timestamp":547594791680279,"circlet_count":0,"master_deck":["Strike_R+1","Strike_R+1","Strike_R","Defend_R","Defend_R","Defend_R","Defend_R","Bash+1","Twin Strike","Anger+1","Cleave","Cleave","Pommel Strike+1","Twin Strike","Rage","Immolate","Entrench","True Grit+1","Iron Wave+1","Anger","Metallicize","J.A.X.+1","Shrug It Off+1","Clothesline+1","Limit Break+1","Battle Trance","Seeing Red+1","Brutality+1","Rampage+1","True Grit","Trip","Rupture+1","Fire Breathing+1","Power Through","Sword Boomerang+1","Sadistic Nature","Seeing Red","Bloodletting","Wild Strike+1","Warcry"],"relics":["Burning Blood","Strawberry","Ornamental Fan","Prayer Wheel","Nunchaku","Boot","Ectoplasm","Enchiridion","Blue Candle","Dream Catcher","Medical Kit","Runic Cube","Champion Belt","Mummified Hand","Question Card","Red Mask"],"potions_floor_usage":[8,8,16,24,33,33,37,42,48,48],"damage_taken":[{"damage":11,"enemies":"Jaw Worm","floor":1,"turns":2},{"damage":6,"enemies":"Cultist","floor":3,"turns":3},{"damage":6,"enemies":"2 Louse","floor":4,"turns":2},{"damage":19,"enemies":"3 Sentries","floor":8,"turns":6},{"damage":3,"enemies":"Blue Slaver","floor":11,"turns":3},{"damage":0,"enemies":"3 Louse","floor":14,"turns":1},{"damage":0,"enemies":"Slime Boss","floor":16,"turns":6},{"damage":6,"enemies":"Shell Parasite","floor":18,"turns":3},{"damage":1,"enemies":"3 Byrds","floor":20,"turns":3},{"damage":5,"enemies":"3 Cultists","floor":22,"turns":3},{"damage":8,"enemies":"Book of Stabbing","floor":24,"turns":5},{"damage":0,"enemies":"Chosen and Byrds","floor":29,"turns":4},{"damage":5,"enemies":"Shelled Parasite and Fungi","floor":30,"turns":4},{"damage":3,"enemies":"Cultist and Chosen","floor":31,"turns":6},{"damage":98,"enemies":"Collector","floor":33,"turns":10},{"damage":22,"enemies":"3 Darklings","floor":35,"turns":4},{"damage":10,"enemies":"3 Shapes","floor":37,"turns":2},{"damage":12,"enemies":"Maw","floor":41,"turns":6},{"damage":15,"enemies":"Reptomancer","floor":42,"turns":6},{"damage":16,"enemies":"Giant Head","floor":46,"turns":6},{"damage":7,"enemies":"Transient","floor":48,"turns":5},{"damage":58,"enemies":"Awakened One","floor":50,"turns":9}],"seed_played":"1316357706973139074","potions_obtained":[{"floor":3,"key":"Ancient Potion"},{"floor":4,"key":"EntropicBrew"},{"floor":11,"key":"AttackPotion"},{"floor":16,"key":"BloodPotion"},{"floor":24,"key":"Poison Potion"},{"floor":33,"key":"AttackPotion"},{"floor":35,"key":"SpeedPotion"},{"floor":42,"key":"Block Potion"},{"floor":46,"key":"Swift Potion"}],"is_trial":false,"path_per_floor":["M","?","M","M","T","R","?","E","T","T","M","?","R","M","R","B",null,"M","?","M","?","M","R","E","R","T","?","$","M","M","M","R","B",null,"M","?","M","$","$","R","M","E","T","?","R","E","?","M","R","B",null],"character_chosen":"IRONCLAD","items_purchased":["Medical Kit","Power Through"],"campfire_rested":3,"item_purchase_floors":[28,39],"current_hp_per_floor":[82,82,82,82,82,82,82,69,69,69,72,55,81,87,87,87,87,87,71,76,59,60,87,85,85,85,85,85,91,92,92,92,9,92,76,76,72,72,72,72,66,57,57,57,57,47,47,46,73,21],"gold":0,"neow_bonus":"RANDOM_COMMON_RELIC","is_prod":false,"is_daily":false,"chose_seed":false,"campfire_upgraded":6,"win_rate":0,"timestamp":1561828697,"path_taken":["M","?","?","M","?","R","?","E","T","?","M","?","R","?","R","BOSS","M","?","M","?","M","R","E","R","T","?","?","M","M","?","R","BOSS","M","?","M","?","$","R","M","E","T","?","R","E","?","M","R","BOSS"],"build_version":"2019-01-23","purchased_purges":1,"victory":true,"max_hp_per_floor":[87,87,87,87,87,87,87,87,87,87,87,87,87,87,87,87,87,87,87,87,92,92,92,92,92,92,92,92,92,92,92,92,92,92,92,92,92,92,92,92,92,92,92,92,92,92,92,92,92,92],"card_choices":[{"not_picked":["Thunderclap","Heavy Blade"],"picked":"Twin Strike","floor":1},{"not_picked":["Reckless Charge","Ghostly Armor"],"picked":"Cleave","floor":3},{"not_picked":["Clothesline","Heavy Blade"],"picked":"Cleave","floor":4},{"not_picked":["Bloodletting","Reckless Charge"],"picked":"Pommel Strike","floor":8},{"not_picked":["True Grit","Thunderclap"],"picked":"Twin Strike","floor":11},{"not_picked":["Power Through","Heavy Blade","Flex"],"picked":"SKIP","floor":11},{"not_picked":["Inflame","Battle Trance"],"picked":"Rage","floor":14},{"not_picked":["Clash","Rupture","Thunderclap"],"picked":"SKIP","floor":14},{"not_picked":["Dark Embrace","Berserk"],"picked":"Immolate","floor":16},{"not_picked":["Heavy Blade","Whirlwind+1"],"picked":"Entrench","floor":18},{"not_picked":["Twin Strike+1","Infernal Blade"],"picked":"True Grit","floor":18},{"not_picked":["Clash+1","Rage"],"picked":"Iron Wave+1","floor":20},{"not_picked":["Disarm","Entrench","Perfected Strike"],"picked":"SKIP","floor":20},{"not_picked":["Sentinel","Reckless Charge"],"picked":"Anger","floor":22},{"not_picked":["Feel No Pain","Carnage"],"picked":"Metallicize","floor":22},{"not_picked":["Sentinel","Fire Breathing","Clash"],"picked":"SKIP","floor":24},{"not_picked":["Heavy Blade","Flame Barrier"],"picked":"Shrug It Off+1","floor":29},{"not_picked":["Reckless Charge","Anger"],"picked":"Clothesline+1","floor":29},{"not_picked":["Cleave+1","Searing Blow"],"picked":"Limit Break","floor":30},{"not_picked":["Shrug It Off","Armaments"],"picked":"Battle Trance","floor":30},{"not_picked":["Clash","Pommel Strike"],"picked":"Seeing Red+1","floor":31},{"not_picked":["Armaments","Twin Strike+1","Clothesline+1"],"picked":"SKIP","floor":31},{"not_picked":["Juggernaut","Dark Embrace"],"picked":"Brutality","floor":33},{"not_picked":["Clothesline+1","Searing Blow+1"],"picked":"Rampage+1","floor":35},{"not_picked":["Sentinel","Anger+1","Clothesline"],"picked":"SKIP","floor":35},{"not_picked":["Perfected Strike+1","Anger+1"],"picked":"Rupture+1","floor":37},{"not_picked":["Clash","Reckless Charge+1"],"picked":"Fire Breathing+1","floor":37},{"not_picked":["Juggernaut","Uppercut"],"picked":"Sword Boomerang+1","floor":41},{"not_picked":["Reckless Charge","Body Slam+1","Dropkick+1"],"picked":"SKIP","floor":41},{"not_picked":["Whirlwind","Sever Soul+1","Hemokinesis"],"picked":"SKIP","floor":42},{"not_picked":["Dark Shackles","Mind Blast"],"picked":"Sadistic Nature","floor":44},{"not_picked":["Flex","Whirlwind+1"],"picked":"Seeing Red","floor":46},{"not_picked":["Uppercut+1","Perfected Strike","Heavy Blade"],"picked":"Bloodletting","floor":48},{"not_picked":["Twin Strike+1","Armaments","Cleave"],"picked":"Wild Strike+1","floor":48},{"not_picked":["Flex+1","Brutality","Anger"],"picked":"Warcry","floor":49}],"player_experience":515414,"relics_obtained":[{"floor":5,"key":"Ornamental Fan"},{"floor":8,"key":"Prayer Wheel"},{"floor":9,"key":"Nunchaku"},{"floor":10,"key":"Boot"},{"floor":19,"key":"Enchiridion"},{"floor":24,"key":"Blue Candle"},{"floor":26,"key":"Dream Catcher"},{"floor":42,"key":"Champion Belt"},{"floor":43,"key":"Mummified Hand"},{"floor":46,"key":"Question Card"}],"event_choices":[{"damage_healed":0,"gold_gain":0,"cards_transformed":["Strike_R"],"player_choice":"Transformed","damage_taken":0,"max_hp_gain":0,"max_hp_loss":0,"event_name":"Transmorgrifier","floor":2,"gold_loss":0,"cards_obtained":["Anger"]},{"damage_healed":0,"gold_gain":0,"player_choice":"Grow","damage_taken":0,"max_hp_gain":0,"max_hp_loss":0,"event_name":"Living Wall","floor":7,"gold_loss":0,"cards_upgraded":["Anger"]},{"damage_healed":0,"gold_gain":0,"player_choice":"Entered Light","damage_taken":17,"max_hp_gain":0,"max_hp_loss":0,"event_name":"Shining Light","floor":12,"gold_loss":0,"cards_upgraded":["Strike_R","Strike_R"]},{"damage_healed":0,"gold_gain":0,"player_choice":"Obtained Book","damage_taken":16,"max_hp_gain":0,"max_hp_loss":0,"event_name":"Cursed Tome","floor":19,"gold_loss":0},{"damage_healed":0,"gold_gain":0,"player_choice":"Shed Blood","damage_taken":22,"max_hp_gain":5,"max_hp_loss":0,"event_name":"Forgotten Altar","floor":21,"gold_loss":0},{"damage_healed":0,"gold_gain":0,"player_choice":"Obtain J.A.X.","damage_taken":0,"max_hp_gain":0,"max_hp_loss":0,"event_name":"Drug Dealer","floor":27,"gold_loss":0,"cards_obtained":["J.A.X."]},{"damage_healed":0,"gold_gain":0,"player_choice":"2 cards matched","damage_taken":0,"max_hp_gain":0,"max_hp_loss":0,"event_name":"Match and Keep!","floor":36,"gold_loss":0,"cards_obtained":["True Grit","Trip"]},{"damage_healed":0,"gold_gain":0,"player_choice":"Memory 1","damage_taken":0,"max_hp_gain":0,"max_hp_loss":0,"event_name":"SensoryStone","floor":44,"gold_loss":0},{"damage_healed":0,"gold_gain":0,"player_choice":"Paid","damage_taken":0,"relics_obtained":["Red Mask"],"max_hp_gain":0,"max_hp_loss":0,"event_name":"Tomb of Lord Red Mask","floor":47,"gold_loss":0}],"is_beta":false,"boss_relics":[{"not_picked":["Velvet Choker","Black Blood"],"picked":"Ectoplasm"},{"not_picked":["White Beast Statue","Philosopher\u0027s Stone"],"picked":"Runic Cube"}],"items_purged_floors":[28],"is_endless":false,"potions_floor_spawned":[3,4,11,16,18,24,31,33,35,42,46],"ascension_level":0}