{"gold_per_floor":[116,116,66,83,100,134,152,180,180,196,196,196,222,78,78,178,178,191,291,309,328,31,31,42,42,42,77,94,128,147,147,147,147],"floor_reached":33,"playtime":1894,"items_purged":["Strike_R"],"score":322,"play_id":"c33c2c70-253d-4c9f-9c60-c47b6faee384","local_time":"20190518172634","is_ascension_mode":false,"campfire_choices":[{"floor":11,"key":"REST"},{"floor":15,"key":"REST"},{"data":"Armaments","floor":23,"key":"SMITH"},{"floor":25,"key":"REST"},{"floor":32,"key":"REST"}],"neow_cost":"NONE","seed_source_timestamp":447619326504465,"circlet_count":0,"master_deck":["Strike_R+1","Strike_R","Strike_R","Defend_R","Defend_R","Defend_R","Bash","Shrug It Off","Twin Strike","Perfected Strike","Warcry","Burning Pact","Thunderclap","Cleave+1","Fiend Fire","Fiend Fire","Flex","Whirlwind","Armaments+1","Battle Trance","Anger","Warcry+1","Feel No Pain+1","Body Slam","Immolate"],"relics":["Burning Blood","Charon\u0027s Ashes","Odd Mushroom","Meat on the Bone","Gremlin Horn","Philosopher\u0027s Stone","Bag of Marbles","Frozen Egg 2","Ginger"],"potions_floor_usage":[6,10,10,10,13,13,24,28,29,29,33],"damage_taken":[{"damage":7,"enemies":"2 Louse","floor":1,"turns":3},{"damage":5,"enemies":"Jaw Worm","floor":4,"turns":3},{"damage":5,"enemies":"Small Slimes","floor":5,"turns":3},{"damage":47,"enemies":"Lagavulin","floor":6,"turns":6},{"damage":6,"enemies":"Blue Slaver","floor":7,"turns":6},{"damage":24,"enemies":"The Mushroom Lair","floor":8,"turns":5},{"damage":0,"enemies":"Gremlin Gang","floor":10,"turns":1},{"damage":6,"enemies":"3 Sentries","floor":13,"turns":4},{"damage":27,"enemies":"Slime Boss","floor":16,"turns":7},{"damage":30,"enemies":"Spheric Guardian","floor":18,"turns":5},{"damage":15,"enemies":"2 Thieves","floor":20,"turns":3},{"damage":0,"enemies":"3 Cultists","floor":21,"turns":2},{"damage":0,"enemies":"Sentry and Sphere","floor":24,"turns":2},{"damage":0,"enemies":"Gremlin Leader","floor":27,"turns":2},{"damage":17,"enemies":"Snecko","floor":28,"turns":4},{"damage":18,"enemies":"Book of Stabbing","floor":29,"turns":4},{"damage":29,"enemies":"Snake Plant","floor":30,"turns":4},{"damage":62,"enemies":"Champ","floor":33,"turns":11}],"seed_played":"5898976801011738107","potions_obtained":[{"floor":1,"key":"Dexterity Potion"},{"floor":8,"key":"EntropicBrew"},{"floor":10,"key":"LiquidBronze"},{"floor":16,"key":"SpeedPotion"},{"floor":21,"key":"Explosive Potion"},{"floor":27,"key":"Fire Potion"},{"floor":28,"key":"SkillPotion"},{"floor":30,"key":"Weak Potion"}],"is_trial":false,"path_per_floor":["M","?","?","M","M","E","M","?","T","M","R","?","E","$","R","B",null,"M","?","M","M","$","R","M","R","T","E","M","E","M","?","R","B"],"character_chosen":"IRONCLAD","items_purchased":["Fiend Fire","Bag of Marbles","Battle Trance"],"campfire_rested":4,"item_purchase_floors":[14,22,22],"current_hp_per_floor":[79,84,84,85,85,44,44,26,26,44,69,52,52,52,77,56,85,61,61,52,58,58,58,64,85,85,85,74,62,51,35,62,0],"gold":147,"neow_bonus":"REMOVE_CARD","is_prod":false,"is_daily":false,"chose_seed":false,"campfire_upgraded":1,"win_rate":0,"timestamp":1558225594,"path_taken":["M","?","?","M","M","E","M","?","T","M","R","?","E","$","R","BOSS","M","?","M","M","$","R","?","R","T","E","M","E","M","?","R","BOSS"],"build_version":"2019-01-23","purchased_purges":1,"victory":false,"max_hp_per_floor":[80,85,85,85,85,85,85,85,85,85,85,85,85,85,85,85,85,85,85,85,85,85,85,85,85,85,85,85,85,85,90,90,90],"card_choices":[{"not_picked":["Rampage","Clothesline"],"picked":"Shrug It Off","floor":1},{"not_picked":["Havoc","Sentinel"],"picked":"Twin Strike","floor":4},{"not_picked":["Clothesline","Sword Boomerang"],"picked":"Perfected Strike","floor":5},{"not_picked":["Combust","Blood for Blood"],"picked":"Warcry","floor":6},{"not_picked":["Whirlwind","Juggernaut"],"picked":"Burning Pact","floor":7},{"not_picked":["Twin Strike","Clothesline"],"picked":"Thunderclap","floor":8},{"not_picked":["Hemokinesis","Rampage"],"picked":"Cleave","floor":10},{"not_picked":["Blood for Blood","Iron Wave","Twin Strike"],"picked":"SKIP","floor":13},{"not_picked":["Berserk","Juggernaut"],"picked":"Fiend Fire","floor":16},{"not_picked":["Hemokinesis","Heavy Blade"],"picked":"Flex","floor":18},{"not_picked":["Clothesline+1","Body Slam"],"picked":"Whirlwind","floor":20},{"not_picked":["Fire Breathing","Headbutt"],"picked":"Armaments","floor":21},{"not_picked":["Disarm","Perfected Strike"],"picked":"Anger","floor":24},{"not_picked":["Iron Wave","Twin Strike"],"picked":"Warcry+1","floor":27},{"not_picked":["Reaper","Body Slam"],"picked":"Feel No Pain+1","floor":28},{"not_picked":["Hemokinesis","Twin Strike"],"picked":"Body Slam","floor":29},{"not_picked":["Havoc+1","Warcry"],"picked":"Immolate","floor":30}],"player_experience":219183,"relics_obtained":[{"floor":6,"key":"Charon\u0027s Ashes"},{"floor":8,"key":"Odd Mushroom"},{"floor":9,"key":"Meat on the Bone"},{"floor":13,"key":"Gremlin Horn"},{"floor":27,"key":"Frozen Egg 2"},{"floor":29,"key":"Ginger"}],"event_choices":[{"damage_healed":0,"gold_gain":0,"player_choice":"Donut","damage_taken":0,"max_hp_gain":5,"max_hp_loss":0,"event_name":"Big Fish","floor":2,"gold_loss":0},{"cards_removed":["Defend_R"],"damage_healed":0,"gold_gain":0,"player_choice":"Card Removal","damage_taken":0,"max_hp_gain":0,"max_hp_loss":0,"event_name":"The Cleric","floor":3,"gold_loss":50},{"damage_healed":0,"gold_gain":0,"player_choice":"Fought Mushrooms","damage_taken":0,"max_hp_gain":0,"max_hp_loss":0,"event_name":"Mushrooms","floor":8,"gold_loss":0},{"damage_healed":0,"gold_gain":0,"player_choice":"Entered Light","damage_taken":17,"max_hp_gain":0,"max_hp_loss":0,"event_name":"Shining Light","floor":12,"gold_loss":0,"cards_upgraded":["Strike_R","Cleave"]},{"damage_healed":0,"gold_gain":100,"player_choice":"Pray","damage_taken":0,"max_hp_gain":0,"max_hp_loss":0,"event_name":"Golden Shrine","floor":19,"gold_loss":0},{"damage_healed":0,"gold_gain":0,"player_choice":"Shed Blood","damage_taken":21,"max_hp_gain":5,"max_hp_loss":0,"event_name":"Forgotten Altar","floor":31,"gold_loss":0}],"is_beta":false,"boss_relics":[{"not_picked":["Orrery","Calling Bell"],"picked":"Philosopher\u0027s Stone"}],"items_purged_floors":[22],"is_endless":false,"potions_floor_spawned":[1,8,10,16,21,27,28,30],"killed_by":"Champ","ascension_level":0}