{"gold_per_floor":[115,115,115,128,146,174,174,184,184,197,209,209,227,58,58,137,137,152,164,164,89,89,89],"floor_reached":23,"playtime":702,"items_purged":["Strike_R"],"score":376,"play_id":"cb7ed801-7179-4f51-a04a-f90b2b61ca17","local_time":"20190622211026","is_ascension_mode":true,"campfire_choices":[{"floor":7,"key":"REST"},{"data":"Clothesline","floor":15,"key":"SMITH"}],"neow_cost":"NONE","seed_source_timestamp":857649344227283,"circlet_count":0,"master_deck":["AscendersBane","Strike_R","Strike_R","Strike_R","Strike_R","Defend_R","Defend_R","Defend_R","Defend_R","Bash+1","Headbutt","Spot Weakness","Flame Barrier","Immolate","Rampage","Ghostly Armor","Clothesline+1","Immolate","Anger"],"relics":["Burning Blood","Orichalcum","Pantograph","Turnip","Anchor","Cursed Key","MutagenicStrength"],"potions_floor_usage":[19,19],"damage_taken":[{"damage":7,"enemies":"Small Slimes","floor":1,"turns":3},{"damage":14,"enemies":"2 Louse","floor":4,"turns":3},{"damage":1,"enemies":"Cultist","floor":5,"turns":3},{"damage":52,"enemies":"Gremlin Nob","floor":6,"turns":5},{"damage":8,"enemies":"3 Louse","floor":8,"turns":2},{"damage":8,"enemies":"Exordium Thugs","floor":10,"turns":7},{"damage":6,"enemies":"Blue Slaver","floor":11,"turns":6},{"damage":1,"enemies":"2 Fungi Beasts","floor":13,"turns":2},{"damage":49,"enemies":"Hexaghost","floor":16,"turns":11},{"damage":14,"enemies":"2 Thieves","floor":18,"turns":3},{"damage":6,"enemies":"Chosen","floor":19,"turns":4},{"damage":55,"enemies":"Book of Stabbing","floor":23,"turns":5}],"seed_played":"146033695046561935","potions_obtained":[{"floor":8,"key":"Swift Potion"},{"floor":10,"key":"FairyPotion"},{"floor":13,"key":"GamblersBrew"}],"is_trial":false,"path_per_floor":["M","?","?","M","M","E","R","M","T","M","M","?","M","$","R","B",null,"M","M","?","$","?","E"],"character_chosen":"IRONCLAD","items_purchased":["Anchor"],"campfire_rested":1,"item_purchase_floors":[14],"current_hp_per_floor":[67,67,63,55,60,14,36,34,34,32,32,32,37,37,37,19,61,53,53,53,53,53,0],"gold":89,"neow_bonus":"UPGRADE_CARD","is_prod":false,"is_daily":false,"chose_seed":false,"campfire_upgraded":1,"win_rate":0,"timestamp":1561263026,"path_taken":["M","?","?","?","M","E","R","M","T","M","M","?","M","?","R","BOSS","M","M","?","$","?","E"],"build_version":"2019-01-23","purchased_purges":1,"victory":false,"max_hp_per_floor":[75,75,75,75,75,75,75,75,75,75,75,75,75,75,75,75,75,75,75,75,75,75,75],"card_choices":[{"not_picked":["Pommel Strike","Metallicize"],"picked":"Headbutt","floor":1},{"not_picked":["Armaments","Havoc"],"picked":"Spot Weakness","floor":4},{"not_picked":["Shrug It Off","Clothesline"],"picked":"Flame Barrier","floor":5},{"not_picked":["Dual Wield","Metallicize"],"picked":"Immolate","floor":6},{"not_picked":["Body Slam","Entrench"],"picked":"Rampage","floor":8},{"not_picked":["Headbutt","Armaments"],"picked":"Ghostly Armor","floor":10},{"not_picked":["Thunderclap","Clash","Body Slam"],"picked":"SKIP","floor":11},{"not_picked":["Entrench","Metallicize"],"picked":"Clothesline","floor":13},{"not_picked":["Exhume","Demon Form"],"picked":"Immolate","floor":16},{"not_picked":["Wild Strike","Clash","Sword Boomerang"],"picked":"SKIP","floor":18},{"not_picked":["Bludgeon","Pommel Strike"],"picked":"Anger","floor":19}],"player_experience":1051789,"relics_obtained":[{"floor":6,"key":"Orichalcum"},{"floor":9,"key":"Pantograph"}],"event_choices":[{"damage_healed":0,"gold_gain":0,"player_choice":"Leave","damage_taken":0,"max_hp_gain":0,"max_hp_loss":0,"event_name":"The Cleric","floor":2,"gold_loss":0},{"damage_healed":0,"gold_gain":0,"player_choice":"Bought 0 Potions","damage_taken":0,"max_hp_gain":0,"max_hp_loss":0,"event_name":"The Woman in Blue","floor":3,"gold_loss":0},{"damage_healed":0,"gold_gain":0,"player_choice":"Gave Potion","damage_taken":0,"relics_obtained":["Turnip"],"max_hp_gain":0,"max_hp_loss":0,"event_name":"WeMeetAgain","floor":12,"gold_loss":0},{"damage_healed":0,"gold_gain":0,"player_choice":"Ignored","damage_taken":0,"max_hp_gain":0,"max_hp_loss":0,"event_name":"Ghosts","floor":20,"gold_loss":0},{"damage_healed":0,"gold_gain":0,"player_choice":"Inject Mutagens","damage_taken":0,"relics_obtained":["MutagenicStrength"],"max_hp_gain":0,"max_hp_loss":0,"event_name":"Drug Dealer","floor":22,"gold_loss":0}],"is_beta":false,"boss_relics":[{"not_picked":["Pandora\u0027s Box","Black Star"],"picked":"Cursed Key"}],"items_purged_floors":[21],"is_endless":false,"potions_floor_spawned":[8,10,11,13,18],"killed_by":"Book of Stabbing","ascension_level":19}