{"gold_per_floor":[14,24,35,35,55,89,89,89,89,133,157,157,181,181,181,181],"floor_reached":16,"playtime":699,"items_purged":[],"score":168,"play_id":"389ea9e2-c943-41f9-b5c1-bb91af1016a6","local_time":"20190228200340","is_ascension_mode":true,"campfire_choices":[{"floor":8,"key":"REST"},{"floor":15,"key":"REST"}],"neow_cost":"NO_GOLD","seed_source_timestamp":1126029511655107,"circlet_count":0,"master_deck":["AscendersBane","Defend_G","Defend_G","Defend_G","Defend_G","Strike_G","Strike_G","Strike_G","Strike_G","Survivor","Neutralize","Tools of the Trade","Infinite Blades","Backstab","Dagger Spray","Dagger Throw","Flechettes","Venomology","Caltrops","Sucker Punch","Dash"],"relics":["Ring of the Snake","Golden Idol","Smiling Mask","Darkstone Periapt","FossilizedHelix","FaceOfCleric"],"potions_floor_usage":[6,10,11,16,16],"damage_taken":[{"damage":5,"enemies":"2 Louse","floor":1,"turns":4},{"damage":12,"enemies":"Cultist","floor":2,"turns":7},{"damage":1,"enemies":"Small Slimes","floor":3,"turns":4},{"damage":5,"enemies":"Gremlin Gang","floor":5,"turns":4},{"damage":26,"enemies":"Gremlin Nob","floor":6,"turns":5},{"damage":33,"enemies":"Lagavulin","floor":10,"turns":8},{"damage":0,"enemies":"Red Slaver","floor":11,"turns":5},{"damage":4,"enemies":"Large Slime","floor":13,"turns":6},{"damage":39,"enemies":"Slime Boss","floor":16,"turns":7}],"seed_played":"-6805546519439295990","potions_obtained":[{"floor":3,"key":"Block Potion"},{"floor":5,"key":"Regen Potion"},{"floor":10,"key":"GhostInAJar"}],"is_trial":false,"path_per_floor":["M","M","M","?","M","E","?","R","T","E","M","?","M","?","R","B"],"character_chosen":"THE_SILENT","items_purchased":[],"campfire_rested":2,"item_purchase_floors":[],"current_hp_per_floor":[58,46,45,45,40,14,14,33,33,15,15,15,11,11,30,0],"gold":181,"neow_bonus":"THREE_RARE_CARDS","is_prod":false,"is_daily":false,"chose_seed":false,"campfire_upgraded":0,"win_rate":0,"timestamp":1551402220,"path_taken":["M","M","M","?","M","E","?","R","T","E","M","?","?","?","R","BOSS"],"build_version":"2019-01-23","purchased_purges":0,"victory":false,"max_hp_per_floor":[70,70,70,65,65,65,65,65,65,65,65,65,65,65,65,65],"card_choices":[{"not_picked":["Unload","Doppelganger"],"picked":"Tools of the Trade","floor":0},{"not_picked":["Prepared","Heel Hook"],"picked":"Infinite Blades","floor":1},{"not_picked":["Blur","Outmaneuver"],"picked":"Backstab","floor":2},{"not_picked":["Bane","Backflip"],"picked":"Dagger Spray","floor":3},{"not_picked":["Bane","Outmaneuver"],"picked":"Dagger Throw","floor":5},{"not_picked":["Blade Dance","Outmaneuver"],"picked":"Flechettes","floor":6},{"not_picked":["PiercingWail","Skewer"],"picked":"Venomology","floor":10},{"not_picked":["Cloak And Dagger","Dodge and Roll"],"picked":"Caltrops","floor":11},{"not_picked":["Quick Slash","Tactician"],"picked":"Dash","floor":13}],"player_experience":338669,"relics_obtained":[{"floor":6,"key":"Smiling Mask"},{"floor":9,"key":"Darkstone Periapt"},{"floor":10,"key":"FossilizedHelix"}],"event_choices":[{"damage_healed":0,"gold_gain":0,"player_choice":"Lose Max HP","damage_taken":0,"relics_obtained":["Golden Idol"],"max_hp_gain":0,"max_hp_loss":5,"event_name":"Golden Idol","floor":4,"gold_loss":0},{"cards_removed":["Strike_G"],"damage_healed":0,"gold_gain":0,"player_choice":"Forget","damage_taken":0,"max_hp_gain":0,"max_hp_loss":0,"event_name":"Living Wall","floor":7,"gold_loss":0},{"damage_healed":0,"gold_gain":0,"cards_transformed":["Defend_G"],"player_choice":"Transformed","damage_taken":0,"max_hp_gain":0,"max_hp_loss":0,"event_name":"Transmorgrifier","floor":12,"gold_loss":0,"cards_obtained":["Sucker Punch"]},{"damage_healed":0,"gold_gain":0,"player_choice":"Trade","damage_taken":0,"relics_obtained":["FaceOfCleric"],"max_hp_gain":0,"max_hp_loss":0,"event_name":"FaceTrader","floor":14,"gold_loss":0}],"is_beta":false,"boss_relics":[],"items_purged_floors":[],"is_endless":false,"potions_floor_spawned":[3,5,10],"killed_by":"Slime Boss","ascension_level":10}