{"gold_per_floor":[111,127,127,103,116,142,142,176,202,215,215,247,212,59,59,133,133,143,143,153,84,97,97,107,107,107,123,142,158,4,31,31,108,108,123,123,123,47,57,57,57,57,57,57,67,82,82,97,97,97],"floor_reached":50,"playtime":1876,"items_purged":["Searing Blow"],"score":809,"play_id":"3b47e56c-332c-4d1e-98a3-30ec996706dc","local_time":"20190503003558","is_ascension_mode":true,"campfire_choices":[{"data":"Whirlwind","floor":7,"key":"SMITH"},{"data":"Shockwave","floor":11,"key":"SMITH"},{"data":"Clothesline","floor":15,"key":"SMITH"},{"floor":23,"key":"REST"},{"data":"Limit Break","floor":32,"key":"SMITH"},{"data":"Metallicize","floor":40,"key":"SMITH"},{"data":"Metallicize","floor":42,"key":"SMITH"},{"floor":49,"key":"REST"}],"neow_cost":"NONE","seed_source_timestamp":533106768149757,"circlet_count":0,"master_deck":["AscendersBane","Strike_R","Strike_R","Strike_R","Strike_R","Strike_R","Defend_R","Defend_R","Defend_R","Defend_R","Bash","Warcry","Whirlwind+1","Shockwave+1","Shrug It Off","Iron Wave","Twin Strike","Clothesline+1","Battle Trance","Clothesline","Limit Break+1","Metallicize+1","Offering","Whirlwind","Iron Wave","Infernal Blade","Inflame","Spot Weakness","Juggernaut","Metallicize+1","Writhe","Clothesline+1"],"relics":["Burning Blood","Happy Flower","Lantern","Pear","Ancient Tea Set","Potion Belt","Art of War","Mark of Pain","Blue Candle","Centennial Puzzle","Velvet Choker","Self Forming Clay"],"potions_floor_usage":[6,16,16,18,18,28,33,33,33,45,46,48,50],"damage_taken":[{"damage":1,"enemies":"Cultist","floor":1,"turns":3},{"damage":8,"enemies":"Jaw Worm","floor":2,"turns":4},{"damage":0,"enemies":"Small Slimes","floor":5,"turns":4},{"damage":25,"enemies":"3 Sentries","floor":6,"turns":7},{"damage":19,"enemies":"Gremlin Nob","floor":8,"turns":4},{"damage":5,"enemies":"Exordium Wildlife","floor":10,"turns":4},{"damage":12,"enemies":"3 Sentries","floor":12,"turns":4},{"damage":41,"enemies":"The Guardian","floor":16,"turns":12},{"damage":9,"enemies":"2 Thieves","floor":18,"turns":3},{"damage":21,"enemies":"Spheric Guardian","floor":20,"turns":5},{"damage":19,"enemies":"Centurion and Healer","floor":22,"turns":4},{"damage":12,"enemies":"Chosen and Byrds","floor":24,"turns":3},{"damage":6,"enemies":"3 Cultists","floor":27,"turns":2},{"damage":41,"enemies":"Centurion and Healer","floor":28,"turns":10},{"damage":8,"enemies":"Chosen and Byrds","floor":29,"turns":4},{"damage":20,"enemies":"Collector","floor":33,"turns":6},{"damage":24,"enemies":"3 Darklings","floor":35,"turns":4},{"damage":8,"enemies":"Orb Walker","floor":39,"turns":4},{"damage":30,"enemies":"3 Darklings","floor":45,"turns":4},{"damage":6,"enemies":"Jaw Worm Horde","floor":46,"turns":2},{"damage":48,"enemies":"Sphere and 2 Shapes","floor":48,"turns":9},{"damage":41,"enemies":"Donu and Deca","floor":50,"turns":4}],"seed_played":"1881719677435356245","potions_obtained":[{"floor":1,"key":"Regen Potion"},{"floor":5,"key":"Strength Potion"},{"floor":12,"key":"EntropicBrew"},{"floor":22,"key":"Regen Potion"},{"floor":28,"key":"PowerPotion"},{"floor":29,"key":"GamblersBrew"},{"floor":33,"key":"SteroidPotion"},{"floor":35,"key":"BloodPotion"},{"floor":48,"key":"LiquidBronze"}],"is_trial":false,"path_per_floor":["M","M","?","$","M","E","R","E","T","M","R","E","?","$","R","B",null,"M","?","M","$","M","R","M","$","T","M","M","M","$","T","R","B",null,"M","?","?","$","M","R","$","R","T","$","M","M","?","M","R","B"],"character_chosen":"IRONCLAD","items_purchased":["Shrug It Off","Art of War","Whirlwind","Spot Weakness","Metallicize"],"campfire_rested":2,"item_purchase_floors":[4,14,21,30,38],"current_hp_per_floor":[73,71,60,60,66,47,47,44,44,45,45,39,60,60,60,40,74,71,71,56,56,43,68,62,62,62,62,42,40,40,40,40,41,74,56,56,56,56,54,54,54,54,54,54,30,30,47,13,38,0],"gold":97,"neow_bonus":"THREE_CARDS","is_prod":false,"is_daily":false,"chose_seed":false,"campfire_upgraded":6,"win_rate":0,"timestamp":1556868958,"path_taken":["M","?","?","$","M","E","R","E","T","M","R","E","?","?","R","BOSS","M","?","?","$","M","R","M","$","T","M","M","M","$","?","R","BOSS","M","?","?","$","M","R","?","R","T","$","M","M","?","M","R","BOSS"],"build_version":"2019-01-23","purchased_purges":1,"victory":false,"max_hp_per_floor":[75,75,75,75,75,75,75,85,85,85,85,85,85,85,85,85,85,85,85,85,85,85,85,85,85,85,85,85,85,85,85,85,85,85,85,85,85,85,85,85,85,85,85,85,85,85,85,85,85,85],"card_choices":[{"not_picked":["Burning Pact","Havoc"],"picked":"Warcry","floor":0},{"not_picked":["Metallicize","Evolve"],"picked":"Whirlwind","floor":1},{"not_picked":["Power Through","Blood for Blood"],"picked":"Shockwave","floor":2},{"not_picked":["Body Slam","True Grit"],"picked":"Iron Wave","floor":5},{"not_picked":["Seeing Red","True Grit"],"picked":"Twin Strike","floor":6},{"not_picked":["Berserk","Headbutt"],"picked":"Clothesline","floor":8},{"not_picked":["True Grit","Headbutt"],"picked":"Battle Trance","floor":10},{"not_picked":["Sentinel","True Grit"],"picked":"Clothesline","floor":12},{"not_picked":["Impervious","Juggernaut"],"picked":"Limit Break","floor":16},{"not_picked":["Feel No Pain","Pommel Strike"],"picked":"Metallicize","floor":18},{"not_picked":["Clothesline","Burning Pact","Warcry"],"picked":"SKIP","floor":20},{"not_picked":["Entrench","Rupture"],"picked":"Iron Wave","floor":22},{"not_picked":["Rampage","Pommel Strike"],"picked":"Infernal Blade","floor":24},{"not_picked":["Armaments","Cleave","Dropkick"],"picked":"SKIP","floor":27},{"not_picked":["Second Wind","Battle Trance"],"picked":"Inflame","floor":28},{"not_picked":["Rupture","Havoc","Twin Strike"],"picked":"SKIP","floor":29},{"not_picked":["Offering","Dark Embrace"],"picked":"Juggernaut","floor":33},{"not_picked":["Cleave","Clash+1","Infernal Blade"],"picked":"SKIP","floor":35},{"not_picked":["Wild Strike","Sword Boomerang","Thunderclap"],"picked":"SKIP","floor":39},{"not_picked":["Clash","Whirlwind","Shrug It Off"],"picked":"SKIP","floor":45},{"not_picked":["Second Wind+1","Carnage","Seeing Red"],"picked":"SKIP","floor":46},{"not_picked":["Armaments","Twin Strike"],"picked":"Clothesline+1","floor":48}],"player_experience":867143,"relics_obtained":[{"floor":6,"key":"Lantern"},{"floor":8,"key":"Pear"},{"floor":9,"key":"Ancient Tea Set"},{"floor":12,"key":"Potion Belt"},{"floor":26,"key":"Blue Candle"},{"floor":31,"key":"Centennial Puzzle"},{"floor":43,"key":"Self Forming Clay"}],"event_choices":[{"damage_healed":0,"gold_gain":0,"player_choice":"Success","damage_taken":11,"relics_obtained":["Happy Flower"],"max_hp_gain":0,"max_hp_loss":0,"event_name":"Scrap Ooze","floor":3,"gold_loss":0},{"damage_healed":21,"gold_gain":0,"player_choice":"Healed","damage_taken":0,"max_hp_gain":0,"max_hp_loss":0,"event_name":"The Cleric","floor":13,"gold_loss":35},{"damage_healed":0,"gold_gain":0,"player_choice":"2 cards matched","damage_taken":0,"max_hp_gain":0,"max_hp_loss":0,"event_name":"Match and Keep!","floor":19,"gold_loss":0,"cards_obtained":["Offering","Searing Blow"]},{"damage_healed":0,"gold_gain":0,"player_choice":"Memory 1","damage_taken":0,"max_hp_gain":0,"max_hp_loss":0,"event_name":"SensoryStone","floor":36,"gold_loss":0},{"damage_healed":0,"gold_gain":0,"player_choice":"Ignored","damage_taken":0,"max_hp_gain":0,"max_hp_loss":0,"event_name":"Mysterious Sphere","floor":37,"gold_loss":0},{"damage_healed":17,"gold_gain":0,"player_choice":"Writhe","damage_taken":0,"max_hp_gain":0,"max_hp_loss":0,"event_name":"Winding Halls","floor":47,"gold_loss":0,"cards_obtained":["Writhe"]}],"is_beta":false,"boss_relics":[{"not_picked":["Tiny House","Sozu"],"picked":"Mark of Pain"},{"not_picked":["Busted Crown","Lizard Tail"],"picked":"Velvet Choker"}],"items_purged_floors":[30],"is_endless":false,"potions_floor_spawned":[1,5,12,22,28,29,33,35,48],"killed_by":"Donu and Deca","ascension_level":15}