{"gold_per_floor":[112,129,147,164,175,201,201,214,268,287,287,318,336,122,122,220,220,233,250,265,265,285,316,336,351,401,420,420,420,437,457,457,556,556,574,586,36,54,276,276,304,319,367,382,395,408,408,426,426,426],"floor_reached":50,"playtime":2902,"items_purged":["Parasite"],"score":600,"play_id":"3070134d-f9d7-4380-b60f-77cced4eb6e4","local_time":"20190428142818","is_ascension_mode":false,"campfire_choices":[{"data":"Shrug It Off","floor":7,"key":"SMITH"},{"data":"Uppercut","floor":15,"key":"SMITH"},{"floor":28,"key":"REST"},{"data":"Anger","floor":32,"key":"SMITH"},{"floor":40,"key":"REST"},{"floor":47,"key":"REST"},{"floor":49,"key":"REST"}],"neow_cost":"NONE","seed_source_timestamp":16159697887825,"circlet_count":0,"master_deck":["Strike_R","Strike_R","Strike_R","Strike_R","Strike_R","Defend_R","Defend_R","Defend_R","Defend_R","Bash","Shrug It Off+1","Anger","Combust","Clothesline","Anger","Heavy Blade","Rage","Cleave","Pommel Strike","Uppercut+1","Immolate","Feed","Cleave+1","Perfected Strike+1","Thunderclap","Necronomicurse","Ghostly Armor","Rampage","Sword Boomerang+1","Immolate","Fire Breathing+1","Anger+1","Perfected Strike","Juggernaut","Pommel Strike","Combust+1","Rampage","Battle Trance","Anger+1","Perfected Strike+1","Pommel Strike+1","Fire Breathing","Thunderclap","Pommel Strike"],"relics":["Burning Blood","Lantern","Question Card","Smiling Mask","Nunchaku","Philosopher\u0027s Stone","Necronomicon","Red Mask","Pen Nib","Runic Pyramid","Meat on the Bone","Frozen Eye","Ornamental Fan","Orichalcum"],"potions_floor_usage":[25,25,33,33,42,46],"damage_taken":[{"damage":0,"enemies":"Small Slimes","floor":1,"turns":4},{"damage":6,"enemies":"Jaw Worm","floor":2,"turns":3},{"damage":0,"enemies":"2 Louse","floor":3,"turns":2},{"damage":12,"enemies":"Exordium Thugs","floor":4,"turns":4},{"damage":4,"enemies":"2 Fungi Beasts","floor":5,"turns":3},{"damage":26,"enemies":"Lagavulin","floor":6,"turns":6},{"damage":7,"enemies":"Gremlin Gang","floor":8,"turns":4},{"damage":2,"enemies":"Lots of Slimes","floor":10,"turns":3},{"damage":23,"enemies":"Gremlin Nob","floor":12,"turns":5},{"damage":2,"enemies":"Exordium Thugs","floor":13,"turns":4},{"damage":57,"enemies":"Hexaghost","floor":16,"turns":10},{"damage":5,"enemies":"Chosen","floor":18,"turns":3},{"damage":6,"enemies":"Shell Parasite","floor":19,"turns":4},{"damage":38,"enemies":"Centurion and Healer","floor":20,"turns":5},{"damage":10,"enemies":"3 Cultists","floor":22,"turns":3},{"damage":18,"enemies":"Masked Bandits","floor":23,"turns":3},{"damage":8,"enemies":"Chosen and Byrds","floor":24,"turns":3},{"damage":12,"enemies":"Snecko","floor":25,"turns":4},{"damage":0,"enemies":"Cultist and Chosen","floor":27,"turns":4},{"damage":14,"enemies":"Snake Plant","floor":30,"turns":3},{"damage":0,"enemies":"Snecko","floor":31,"turns":3},{"damage":58,"enemies":"Champ","floor":33,"turns":7},{"damage":0,"enemies":"Orb Walker","floor":35,"turns":2},{"damage":24,"enemies":"3 Darklings","floor":36,"turns":2},{"damage":28,"enemies":"Maw","floor":38,"turns":6},{"damage":55,"enemies":"Giant Head","floor":41,"turns":7},{"damage":31,"enemies":"Writhing Mass","floor":42,"turns":4},{"damage":10,"enemies":"Transient","floor":44,"turns":5},{"damage":30,"enemies":"Sphere and 2 Shapes","floor":45,"turns":3},{"damage":12,"enemies":"Maw","floor":46,"turns":4},{"damage":0,"enemies":"Jaw Worm Horde","floor":48,"turns":1},{"damage":90,"enemies":"Donu and Deca","floor":50,"turns":6}],"seed_played":"6864834552130646666","potions_obtained":[{"floor":4,"key":"Block Potion"},{"floor":6,"key":"Block Potion"},{"floor":8,"key":"FearPotion"},{"floor":25,"key":"Energy Potion"},{"floor":27,"key":"Ancient Potion"},{"floor":36,"key":"FearPotion"},{"floor":41,"key":"Poison Potion"},{"floor":46,"key":"LiquidBronze"}],"is_trial":false,"path_per_floor":["M","M","M","M","M","E","R","M","T","M","?","E","M","$","R","B",null,"M","M","M","?","M","?","M","M","T","M","R","?","M","M","R","B",null,"M","M","$","M","?","R","E","M","T","M","M","M","R","M","R","B"],"character_chosen":"IRONCLAD","items_purchased":["Immolate","Rampage","Battle Trance","Meat on the Bone","Frozen Eye"],"campfire_rested":4,"item_purchase_floors":[14,37,37,37,37],"current_hp_per_floor":[80,80,80,74,76,56,56,55,55,59,79,62,66,66,66,15,77,77,77,45,29,28,16,17,11,11,17,41,68,60,66,66,14,83,83,65,65,58,58,83,46,33,33,41,29,35,60,66,86,0],"gold":426,"neow_bonus":"RANDOM_COMMON_RELIC","is_prod":false,"is_daily":false,"chose_seed":false,"campfire_upgraded":3,"win_rate":0.0,"timestamp":1556486898,"path_taken":["M","M","M","M","M","E","R","M","T","M","?","E","M","?","R","BOSS","M","M","M","?","M","?","M","M","T","?","R","?","M","M","R","BOSS","M","M","$","M","?","R","E","M","T","M","M","M","R","M","R","BOSS"],"build_version":"2019-01-23","purchased_purges":1,"victory":false,"max_hp_per_floor":[80,80,80,80,80,80,80,80,80,80,80,80,80,77,77,77,77,77,77,77,77,80,80,83,83,83,83,83,83,83,83,83,83,83,83,83,83,86,86,86,86,86,86,86,86,86,86,86,86,86],"card_choices":[{"not_picked":["Sword Boomerang","Cleave"],"picked":"Shrug It Off","floor":1},{"not_picked":["Inflame","Searing Blow"],"picked":"Anger","floor":2},{"not_picked":["Burning Pact","Ghostly Armor"],"picked":"Combust","floor":3},{"not_picked":["Clash","Limit Break"],"picked":"Clothesline","floor":4},{"not_picked":["Fire Breathing","Rupture"],"picked":"Anger","floor":5},{"not_picked":["Warcry","Twin Strike"],"picked":"Heavy Blade","floor":6},{"not_picked":["Body Slam","Infernal Blade","Entrench"],"picked":"Rage","floor":8},{"not_picked":["Shrug It Off","Inflame","Warcry"],"picked":"Cleave","floor":10},{"not_picked":["Twin Strike","Dual Wield","Shrug It Off"],"picked":"Pommel Strike","floor":12},{"not_picked":["Blood for Blood","Inflame","Wild Strike"],"picked":"Uppercut","floor":13},{"not_picked":["Bludgeon","Offering","Fiend Fire"],"picked":"Feed","floor":16},{"not_picked":["Feel No Pain+1","Armaments","Shrug It Off+1"],"picked":"Cleave+1","floor":18},{"not_picked":["Sword Boomerang","Uppercut","Evolve"],"picked":"Perfected Strike+1","floor":19},{"not_picked":["Perfected Strike","Body Slam","Double Tap"],"picked":"Thunderclap","floor":20},{"not_picked":["Armaments","Heavy Blade","Seeing Red"],"picked":"Ghostly Armor","floor":22},{"not_picked":["Warcry","Body Slam","Clothesline"],"picked":"Rampage","floor":23},{"not_picked":["Entrench","Shrug It Off","Heavy Blade"],"picked":"Sword Boomerang+1","floor":24},{"not_picked":["Heavy Blade+1","Twin Strike+1","Wild Strike"],"picked":"Immolate","floor":25},{"not_picked":["Warcry+1","Rupture","Cleave+1"],"picked":"Fire Breathing+1","floor":27},{"not_picked":["Rage","Thunderclap","Shockwave"],"picked":"Anger","floor":30},{"not_picked":["Flex","True Grit","Second Wind+1"],"picked":"Perfected Strike","floor":31},{"not_picked":["Berserk","Double Tap","Immolate"],"picked":"Juggernaut","floor":33},{"not_picked":["Shockwave","Carnage","Body Slam+1"],"picked":"Pommel Strike","floor":35},{"not_picked":["Bloodletting","Cleave","Whirlwind"],"picked":"Combust+1","floor":36},{"not_picked":["Clash+1","Warcry+1","Second Wind+1"],"picked":"Anger+1","floor":38},{"not_picked":["Dark Embrace","Bloodletting","Burning Pact","Limit Break"],"picked":"SKIP","floor":41},{"not_picked":["Bloodletting","Second Wind","Flex"],"picked":"Perfected Strike+1","floor":42},{"not_picked":["Twin Strike+1","Infernal Blade+1","Cleave"],"picked":"Pommel Strike+1","floor":44},{"not_picked":["Twin Strike","Inflame+1","Heavy Blade"],"picked":"Fire Breathing","floor":45},{"not_picked":["Infernal Blade","Inflame+1","Disarm"],"picked":"Thunderclap","floor":46},{"not_picked":["Disarm+1","Shockwave+1","True Grit"],"picked":"Pommel Strike","floor":48}],"player_experience":35216,"relics_obtained":[{"floor":6,"key":"Question Card"},{"floor":9,"key":"Smiling Mask"},{"floor":12,"key":"Nunchaku"},{"floor":21,"key":"Necronomicon"},{"floor":23,"key":"Red Mask"},{"floor":26,"key":"Pen Nib"},{"floor":41,"key":"Ornamental Fan"},{"floor":43,"key":"Orichalcum"}],"event_choices":[{"damage_healed":20,"gold_gain":0,"player_choice":"Healed and dodged fight","damage_taken":0,"max_hp_gain":0,"max_hp_loss":0,"event_name":"Mushrooms","floor":11,"gold_loss":0,"cards_obtained":["Parasite"]},{"damage_healed":0,"gold_gain":0,"player_choice":"Obtained Book","damage_taken":16,"max_hp_gain":0,"max_hp_loss":0,"event_name":"Cursed Tome","floor":21,"gold_loss":0},{"damage_healed":0,"gold_gain":0,"player_choice":"Fought Bandits","damage_taken":0,"max_hp_gain":0,"max_hp_loss":0,"event_name":"Masked Bandits","floor":23,"gold_loss":0},{"damage_healed":27,"gold_gain":0,"player_choice":"Heal","damage_taken":0,"max_hp_gain":0,"max_hp_loss":0,"event_name":"The Library","floor":29,"gold_loss":0},{"damage_healed":0,"gold_gain":222,"player_choice":"Wore Mask","damage_taken":0,"max_hp_gain":0,"max_hp_loss":0,"event_name":"Tomb of Lord Red Mask","floor":39,"gold_loss":0}],"is_beta":false,"boss_relics":[{"not_picked":["White Beast Statue","Snecko Eye"],"picked":"Philosopher\u0027s Stone"},{"not_picked":["Tiny House","Runic Dome"],"picked":"Runic Pyramid"}],"items_purged_floors":[14],"is_endless":false,"potions_floor_spawned":[4,6,8,13,19,22,25,27,36,41,46],"killed_by":"Donu and Deca","ascension_level":0}