{"gold_per_floor":[118,136,211,18,18,46,63,82,82,82,82,82,116,134,134,134],"floor_reached":16,"playtime":393,"items_purged":[],"score":223,"play_id":"a1ba604c-b72c-44c5-b4a9-767c97dc59da","local_time":"20181116164248","is_ascension_mode":true,"campfire_choices":[{"data":"Panache","floor":10,"key":"SMITH"},{"floor":15,"key":"REST"}],"neow_cost":"NONE","seed_source_timestamp":4532250561086,"circlet_count":0,"master_deck":["AscendersBane","Defend_G","Defend_G","Defend_G","Defend_G","Defend_G","Strike_G","Strike_G","Strike_G","Strike_G","Strike_G","Survivor","Neutralize","Dagger Spray","Wraith Form v2","Panache+1","PiercingWail","Backstab","Leg Sweep","Cloak And Dagger","Deflect"],"relics":["Ring of the Snake","NeowsBlessing","Omamori","Singing Bowl","Golden Idol","The Courier"],"potions_floor_usage":[8,13,13,16],"damage_taken":[{"damage":0,"enemies":"Small Slimes","floor":1,"turns":1},{"damage":0,"enemies":"Jaw Worm","floor":2,"turns":1},{"damage":0,"enemies":"Lagavulin","floor":6,"turns":1},{"damage":2,"enemies":"Cultist","floor":7,"turns":5},{"damage":0,"enemies":"3 Louse","floor":8,"turns":1},{"damage":8,"enemies":"Gremlin Nob","floor":13,"turns":4},{"damage":11,"enemies":"Red Slaver","floor":14,"turns":5},{"damage":53,"enemies":"Slime Boss","floor":16,"turns":10}],"seed_played":"-5247502982287102498","potions_obtained":[{"floor":2,"key":"SkillPotion"},{"floor":7,"key":"Explosive Potion"},{"floor":8,"key":"Fire Potion"},{"floor":14,"key":"Explosive Potion"}],"is_trial":false,"path_per_floor":["M","M","?","$","?","E","M","M","T","R","?","?","E","M","R","B"],"character_chosen":"THE_SILENT","items_purchased":["Panache"],"campfire_rested":1,"item_purchase_floors":[4],"current_hp_per_floor":[63,63,52,52,52,52,50,50,50,50,50,50,42,31,50,0],"gold":134,"neow_bonus":"THREE_ENEMY_KILL","is_prod":false,"is_daily":false,"chose_seed":false,"campfire_upgraded":1,"win_rate":0,"timestamp":1542415368,"path_taken":["M","M","?","$","?","E","?","M","T","R","?","?","E","M","R","BOSS"],"build_version":"2018-11-15","purchased_purges":0,"victory":false,"max_hp_per_floor":[70,70,70,70,70,70,70,70,70,70,65,65,65,65,65,65],"card_choices":[{"not_picked":["Blade Dance","Outmaneuver"],"picked":"Dagger Spray","floor":1},{"not_picked":["Dagger Throw","Deflect"],"picked":"Wraith Form v2","floor":2},{"not_picked":["Dodge and Roll","Heel Hook"],"picked":"PiercingWail","floor":6},{"not_picked":["Blur","Slice"],"picked":"Backstab","floor":7},{"not_picked":["Dodge and Roll","Flechettes"],"picked":"Leg Sweep","floor":8},{"not_picked":["Backflip","Prepared"],"picked":"Cloak And Dagger","floor":13},{"not_picked":["Terror","Eviscerate"],"picked":"Deflect","floor":14}],"player_experience":744512,"relics_obtained":[{"floor":6,"key":"Omamori"},{"floor":9,"key":"Singing Bowl"},{"floor":13,"key":"The Courier"}],"event_choices":[{"damage_healed":0,"gold_gain":75,"player_choice":"Gather Gold","damage_taken":11,"max_hp_gain":0,"max_hp_loss":0,"event_name":"World of Goop","floor":3,"gold_loss":0},{"damage_healed":0,"gold_gain":0,"player_choice":"Leave","damage_taken":0,"max_hp_gain":0,"max_hp_loss":0,"event_name":"The Cleric","floor":5,"gold_loss":0},{"damage_healed":0,"gold_gain":0,"player_choice":"Lose Max HP","damage_taken":0,"relics_obtained":["Golden Idol"],"max_hp_gain":0,"max_hp_loss":5,"event_name":"Golden Idol","floor":11,"gold_loss":0},{"damage_healed":0,"gold_gain":0,"player_choice":"Bought 0 Potions","damage_taken":0,"max_hp_gain":0,"max_hp_loss":0,"event_name":"The Woman in Blue","floor":12,"gold_loss":0}],"is_beta":false,"boss_relics":[],"items_purged_floors":[],"is_endless":false,"potions_floor_spawned":[2,7,8,14],"killed_by":"Slime Boss","ascension_level":13}