{"gold_per_floor":[112,136,150,6,6,35,53,53,79,79,95,111,145,145,145,241,241,258,258,258,158,158,193,193,193,193,193,205,7,7,20,20,125,125,144,161,177,177,177,177],"floor_reached":40,"playtime":1360,"items_purged":["Strike_R","Strike_R","Pain"],"score":412,"play_id":"78ecb6fc-cd21-40df-800a-047aa4b5c036","local_time":"20190515213727","is_ascension_mode":false,"campfire_choices":[{"data":"Armaments","floor":10,"key":"SMITH"},{"data":"Bash","floor":15,"key":"SMITH"},{"data":"True Grit","floor":24,"key":"SMITH"},{"data":"Inflame","floor":27,"key":"SMITH"},{"data":"Juggernaut","floor":30,"key":"SMITH"},{"data":"Heavy Blade","floor":32,"key":"SMITH"}],"neow_cost":"NONE","seed_source_timestamp":7871012393233,"circlet_count":0,"master_deck":["Defend_R","Defend_R","Defend_R","Bash+1","Shrug It Off","Immolate","Flame Barrier","Armaments+1","Bludgeon","True Grit+1","Inflame+1","Juggernaut+1","Heavy Blade+1","Sword Boomerang","Inflame","Battle Trance","Bludgeon","Uppercut","Spot Weakness+1","Sword Boomerang+1"],"relics":["Black Blood","Centennial Puzzle","Gremlin Horn","Question Card","Art of War","Vajra","Self Forming Clay","Ancient Tea Set","WarpedTongs","Dodecahedron","Empty Cage"],"potions_floor_usage":[6,16,23,33,36,40],"damage_taken":[{"damage":6,"enemies":"Cultist","floor":1,"turns":3},{"damage":9,"enemies":"Jaw Worm","floor":3,"turns":5},{"damage":54,"enemies":"Lagavulin","floor":6,"turns":8},{"damage":0,"enemies":"2 Louse","floor":7,"turns":1},{"damage":1,"enemies":"2 Fungi Beasts","floor":11,"turns":2},{"damage":0,"enemies":"Looter","floor":12,"turns":3},{"damage":9,"enemies":"3 Sentries","floor":13,"turns":5},{"damage":4,"enemies":"Slime Boss","floor":16,"turns":9},{"damage":12,"enemies":"2 Thieves","floor":18,"turns":4},{"damage":39,"enemies":"Book of Stabbing","floor":23,"turns":7},{"damage":2,"enemies":"Chosen","floor":28,"turns":4},{"damage":7,"enemies":"3 Cultists","floor":31,"turns":4},{"damage":58,"enemies":"Champ","floor":33,"turns":10},{"damage":7,"enemies":"Orb Walker","floor":35,"turns":4},{"damage":15,"enemies":"3 Darklings","floor":36,"turns":4},{"damage":32,"enemies":"Spire Growth","floor":37,"turns":7},{"damage":89,"enemies":"Giant Head","floor":40,"turns":9}],"seed_played":"-7653097776377029617","potions_obtained":[{"floor":1,"key":"SkillPotion"},{"floor":6,"key":"Dexterity Potion"},{"floor":18,"key":"Strength Potion"},{"floor":28,"key":"Ancient Potion"},{"floor":31,"key":"LiquidBronze"},{"floor":35,"key":"Energy Potion"},{"floor":36,"key":"SkillPotion"}],"is_trial":false,"path_per_floor":["M","T","M","$","?","E","M","T","T","R","M","M","E","?","R","B",null,"M","$","?","$","?","E","R","?","T","R","M","$","R","M","R","B",null,"M","M","M","?","?","E"],"character_chosen":"IRONCLAD","items_purchased":["Immolate","Inflame"],"campfire_rested":0,"item_purchase_floors":[4,29],"current_hp_per_floor":[80,80,77,77,77,29,35,35,35,35,40,46,43,25,25,27,80,78,78,78,78,78,49,49,49,49,49,57,57,57,60,60,12,80,80,75,53,53,53,0],"gold":177,"neow_bonus":"REMOVE_CARD","is_prod":false,"is_daily":false,"chose_seed":false,"campfire_upgraded":6,"win_rate":0,"timestamp":1557970647,"path_taken":["M","?","?","$","?","E","M","?","T","R","M","M","E","?","R","BOSS","M","$","?","$","?","E","R","?","T","R","M","$","R","?","R","BOSS","M","?","M","?","?","E"],"build_version":"2019-01-23","purchased_purges":3,"victory":false,"max_hp_per_floor":[80,80,80,80,80,80,80,80,80,80,80,80,80,80,80,80,80,80,80,80,80,80,80,80,80,80,80,80,80,80,80,80,80,80,80,80,80,76,76,76],"card_choices":[{"not_picked":["Anger","Dual Wield","Perfected Strike"],"picked":"SKIP","floor":1},{"not_picked":["Body Slam","Searing Blow"],"picked":"Shrug It Off","floor":3},{"not_picked":["Headbutt","Bloodletting"],"picked":"Flame Barrier","floor":6},{"not_picked":["Carnage","Pummel"],"picked":"Armaments","floor":7},{"not_picked":["Clothesline","Armaments","Anger"],"picked":"Bludgeon","floor":11},{"not_picked":["Perfected Strike","Armaments","Sever Soul"],"picked":"True Grit","floor":12},{"not_picked":["Clash","Burning Pact","Spot Weakness"],"picked":"Inflame","floor":13},{"not_picked":["Offering","Impervious","Exhume"],"picked":"Juggernaut","floor":16},{"not_picked":["Wild Strike+1","Perfected Strike","True Grit"],"picked":"Heavy Blade","floor":18},{"not_picked":["Sword Boomerang","Infernal Blade","Twin Strike","Disarm+1"],"picked":"SKIP","floor":23},{"not_picked":["Infernal Blade","Twin Strike","Disarm+1"],"picked":"Sword Boomerang","floor":23},{"not_picked":["Armaments+1","Cleave+1","Warcry","Immolate"],"picked":"SKIP","floor":28},{"not_picked":["Searing Blow","Thunderclap","Havoc"],"picked":"Battle Trance","floor":31},{"not_picked":["Offering","Brutality","Exhume"],"picked":"Bludgeon","floor":33},{"not_picked":["Iron Wave+1","Thunderclap","Headbutt"],"picked":"Uppercut","floor":35},{"not_picked":["Perfected Strike+1","Body Slam+1","Infernal Blade"],"picked":"Spot Weakness","floor":36},{"not_picked":["Body Slam+1","Pummel","Wild Strike+1"],"picked":"Sword Boomerang+1","floor":37}],"player_experience":709675,"relics_obtained":[{"floor":2,"key":"Centennial Puzzle"},{"floor":6,"key":"Gremlin Horn"},{"floor":8,"key":"Question Card"},{"floor":9,"key":"Art of War"},{"floor":13,"key":"Vajra"},{"floor":23,"key":"Ancient Tea Set"},{"floor":26,"key":"Dodecahedron"}],"event_choices":[{"damage_healed":0,"gold_gain":0,"player_choice":"Ignored","damage_taken":0,"max_hp_gain":0,"max_hp_loss":0,"event_name":"Liars Game","floor":5,"gold_loss":0},{"damage_healed":0,"gold_gain":0,"player_choice":"Success","damage_taken":18,"relics_obtained":["Self Forming Clay"],"max_hp_gain":0,"max_hp_loss":0,"event_name":"Scrap Ooze","floor":14,"gold_loss":0},{"damage_healed":0,"gold_gain":0,"player_choice":"Ignored","damage_taken":0,"max_hp_gain":0,"max_hp_loss":0,"event_name":"Ghosts","floor":20,"gold_loss":0},{"cards_removed":["Strike_R"],"damage_healed":0,"gold_gain":0,"player_choice":"Elegance","damage_taken":0,"max_hp_gain":0,"max_hp_loss":0,"event_name":"Back to Basics","floor":22,"gold_loss":0},{"damage_healed":0,"gold_gain":0,"player_choice":"Rummage","damage_taken":0,"relics_obtained":["WarpedTongs"],"max_hp_gain":0,"max_hp_loss":0,"event_name":"Accursed Blacksmith","floor":25,"gold_loss":0,"cards_obtained":["Pain"]},{"damage_healed":0,"gold_gain":0,"player_choice":"Max HP","damage_taken":0,"max_hp_gain":0,"max_hp_loss":4,"event_name":"Winding Halls","floor":38,"gold_loss":0},{"damage_healed":0,"gold_gain":0,"player_choice":"Upgraded","damage_taken":0,"max_hp_gain":0,"max_hp_loss":0,"event_name":"Upgrade Shrine","floor":39,"gold_loss":0,"cards_upgraded":["Spot Weakness"]}],"is_beta":false,"boss_relics":[{"not_picked":["Runic Cube","Snecko Eye"],"picked":"Black Blood"},{"not_picked":["Calling Bell","Tiny House"],"picked":"Empty Cage"}],"items_purged_floors":[4,21,29],"is_endless":false,"potions_floor_spawned":[1,6,18,28,31,35,36],"killed_by":"Giant Head","ascension_level":0}