{"gold_per_floor":[112,127,146,146,146,178,178,190,241,241,252,252,263,297,297,395,395,405,424,424],"floor_reached":20,"playtime":956,"items_purged":[],"score":211,"play_id":"2eb39eaa-dabf-4d40-9ff7-7d7fbd2f3c42","local_time":"20190503220008","is_ascension_mode":false,"campfire_choices":[{"floor":7,"key":"REST"},{"data":"All Out Attack","floor":10,"key":"SMITH"},{"floor":15,"key":"REST"}],"neow_cost":"NONE","seed_source_timestamp":477216973210090,"circlet_count":0,"master_deck":["Defend_G","Defend_G","Defend_G","Strike_G","Strike_G","Strike_G+1","Survivor+1","Neutralize+1","Cloak And Dagger","All Out Attack+1","Sucker Punch+1","Dagger Throw","All Out Attack","Cloak And Dagger","Finisher","Predator","Well Laid Plans+1","Sucker Punch+1","A Thousand Cuts+1","Crippling Poison+1","Escape Plan"],"relics":["Ring of the Snake","Meat on the Bone","Anchor","Whetstone","Astrolabe"],"potions_floor_usage":[14,14,19],"damage_taken":[{"damage":0,"enemies":"2 Louse","floor":1,"turns":2},{"damage":0,"enemies":"Cultist","floor":2,"turns":5},{"damage":0,"enemies":"Small Slimes","floor":3,"turns":2},{"damage":25,"enemies":"3 Sentries","floor":6,"turns":8},{"damage":1,"enemies":"Looter","floor":8,"turns":4},{"damage":9,"enemies":"Blue Slaver","floor":11,"turns":3},{"damage":0,"enemies":"Lots of Slimes","floor":13,"turns":1},{"damage":0,"enemies":"Gremlin Nob","floor":14,"turns":4},{"damage":52,"enemies":"The Guardian","floor":16,"turns":14},{"damage":12,"enemies":"Chosen","floor":18,"turns":5},{"damage":25,"enemies":"2 Thieves","floor":19,"turns":4},{"damage":0,"enemies":"Colosseum Slavers","floor":20,"turns":1}],"seed_played":"-7105943726543481210","potions_obtained":[{"floor":6,"key":"Block Potion"},{"floor":8,"key":"SkillPotion"},{"floor":11,"key":"SneckoOil"},{"floor":16,"key":"SkillPotion"},{"floor":18,"key":"SteroidPotion"}],"is_trial":false,"path_per_floor":["M","M","M","?","?","E","R","M","T","R","M","?","M","E","R","B",null,"M","M","?"],"character_chosen":"THE_SILENT","items_purchased":[],"campfire_rested":2,"item_purchase_floors":[],"current_hp_per_floor":[70,70,70,70,70,45,66,65,65,65,56,42,42,42,63,23,70,58,45,45],"gold":424,"neow_bonus":"UPGRADE_CARD","is_prod":false,"is_daily":false,"chose_seed":false,"campfire_upgraded":1,"win_rate":0,"timestamp":1556946008,"path_taken":["M","M","M","?","?","E","R","?","T","R","M","?","M","E","R","BOSS","M","M","?"],"build_version":"2019-01-23","purchased_purges":0,"victory":false,"max_hp_per_floor":[70,70,70,70,70,70,70,70,70,70,70,70,70,70,70,70,70,70,70,70],"card_choices":[{"not_picked":["Dodge and Roll","Caltrops"],"picked":"Cloak And Dagger","floor":1},{"not_picked":["Dodge and Roll","Deadly Poison"],"picked":"All Out Attack","floor":2},{"not_picked":["Distraction","PiercingWail"],"picked":"Sucker Punch","floor":3},{"not_picked":["Skewer","Dodge and Roll"],"picked":"Dagger Throw","floor":6},{"not_picked":["Cloak And Dagger","Riddle With Holes"],"picked":"All Out Attack","floor":8},{"not_picked":["Outmaneuver","Dagger Spray"],"picked":"Cloak And Dagger","floor":11},{"not_picked":["Eviscerate","Underhanded Strike"],"picked":"Finisher","floor":13},{"not_picked":["Dodge and Roll","Phantasmal Killer"],"picked":"Predator","floor":14},{"not_picked":["Skewer","Outmaneuver"],"picked":"Crippling Poison+1","floor":18},{"not_picked":["Deflect+1","Dodge and Roll"],"picked":"Escape Plan","floor":19}],"player_experience":103531,"relics_obtained":[{"floor":6,"key":"Meat on the Bone"},{"floor":9,"key":"Anchor"},{"floor":14,"key":"Whetstone"}],"event_choices":[{"damage_healed":0,"gold_gain":0,"player_choice":"Ignored","damage_taken":0,"max_hp_gain":0,"max_hp_loss":0,"event_name":"Liars Game","floor":4,"gold_loss":0},{"cards_removed":["Strike_G"],"damage_healed":0,"gold_gain":0,"player_choice":"Purged","damage_taken":0,"max_hp_gain":0,"max_hp_loss":0,"event_name":"Purifier","floor":5,"gold_loss":0},{"damage_healed":0,"gold_gain":0,"player_choice":"Entered Light","damage_taken":14,"max_hp_gain":0,"max_hp_loss":0,"event_name":"Shining Light","floor":12,"gold_loss":0,"cards_upgraded":["Strike_G","Survivor"]},{"damage_healed":0,"gold_gain":0,"player_choice":"Fight","damage_taken":0,"max_hp_gain":0,"max_hp_loss":0,"event_name":"Colosseum","floor":20,"gold_loss":0}],"is_beta":false,"boss_relics":[{"not_picked":["Sozu","Calling Bell"],"picked":"Astrolabe"}],"items_purged_floors":[],"is_endless":false,"potions_floor_spawned":[6,8,11,16,18],"killed_by":"Colosseum Slavers","ascension_level":0}