{"gold_per_floor":[117,132,282,51,51,78,78,108,108,108,140,140,140,140,140,218,218,230,242,242,2,19,19,33,52,52,52,117,117,32,42,42,42],"floor_reached":33,"playtime":892,"items_purged":["Doubt"],"score":724,"play_id":"d9822612-bcfe-4203-9646-075ab8e2f9b7","local_time":"20190615182058","is_ascension_mode":true,"campfire_choices":[{"data":"Fiend Fire","floor":7,"key":"SMITH"},{"data":"Spot Weakness","floor":10,"key":"SMITH"},{"floor":13,"key":"REST"},{"data":"Immolate","floor":15,"key":"SMITH"},{"data":"Demon Form","floor":23,"key":"SMITH"},{"data":"Rage","floor":27,"key":"SMITH"},{"floor":29,"key":"REST"},{"floor":32,"key":"REST"}],"neow_cost":"NONE","seed_source_timestamp":242498379732638,"circlet_count":0,"master_deck":["AscendersBane","Strike_R","Strike_R","Strike_R","Strike_R+1","Defend_R","Defend_R","Defend_R","Defend_R","Bash+1","Clothesline","Sword Boomerang","Doubt","Fiend Fire+1","Spot Weakness+1","Ghostly Armor","Immolate+1","Demon Form+1","Inflame","Rage+1","Ghostly Armor","Battle Trance","Exhume"],"relics":["Burning Blood","NeowsBlessing","Toolbox","Mercury Hourglass","Boot","Mummified Hand","Centennial Puzzle","Sozu","Strawberry","Bag of Marbles","Tiny Chest","Blue Candle"],"potions_floor_usage":[8,11,16],"damage_taken":[{"damage":0,"enemies":"2 Louse","floor":1,"turns":1},{"damage":0,"enemies":"Small Slimes","floor":2,"turns":1},{"damage":0,"enemies":"3 Sentries","floor":6,"turns":2},{"damage":0,"enemies":"Gremlin Nob","floor":8,"turns":2},{"damage":45,"enemies":"Lagavulin","floor":11,"turns":6},{"damage":0,"enemies":"Slime Boss","floor":16,"turns":4},{"damage":8,"enemies":"2 Thieves","floor":18,"turns":2},{"damage":0,"enemies":"Chosen","floor":19,"turns":2},{"damage":5,"enemies":"Snecko","floor":22,"turns":3},{"damage":14,"enemies":"Centurion and Healer","floor":24,"turns":5},{"damage":10,"enemies":"3 Cultists","floor":25,"turns":4},{"damage":40,"enemies":"Book of Stabbing","floor":28,"turns":4},{"damage":21,"enemies":"Sentry and Sphere","floor":31,"turns":3},{"damage":76,"enemies":"Collector","floor":33,"turns":7}],"seed_played":"-7994994585714867200","potions_obtained":[{"floor":1,"key":"Swift Potion"},{"floor":8,"key":"LiquidBronze"},{"floor":11,"key":"PowerPotion"}],"is_trial":false,"path_per_floor":["M","M","?","$","?","E","R","E","T","R","E","$","R","?","R","B",null,"M","M","?","$","M","R","M","M","T","R","E","R","?","M","R","B"],"character_chosen":"IRONCLAD","items_purchased":["Toolbox","Strawberry"],"campfire_rested":3,"item_purchase_floors":[4,21],"current_hp_per_floor":[74,75,75,75,52,58,58,64,64,64,25,25,47,47,47,53,70,68,74,74,81,82,82,74,70,70,70,36,60,60,45,69,0],"gold":42,"neow_bonus":"THREE_ENEMY_KILL","is_prod":false,"is_daily":false,"chose_seed":false,"campfire_upgraded":5,"win_rate":0,"timestamp":1560648058,"path_taken":["M","M","?","$","?","E","R","E","T","R","E","$","R","?","R","BOSS","M","?","?","$","M","R","?","M","T","R","E","R","?","M","R","BOSS"],"build_version":"2019-01-23","purchased_purges":1,"victory":false,"max_hp_per_floor":[75,75,75,75,75,75,75,75,75,75,75,75,75,75,75,75,75,75,75,75,82,82,82,82,82,82,82,82,82,82,82,82,82],"card_choices":[{"not_picked":["Rupture","Intimidate"],"picked":"Clothesline","floor":1},{"not_picked":["Pummel","Anger"],"picked":"Sword Boomerang","floor":2},{"not_picked":["Clash","Shrug It Off"],"picked":"Fiend Fire","floor":6},{"not_picked":["Body Slam","Burning Pact"],"picked":"Spot Weakness","floor":8},{"not_picked":["Perfected Strike","Clash"],"picked":"Ghostly Armor","floor":11},{"not_picked":["Dark Embrace","Reaper"],"picked":"Demon Form","floor":16},{"not_picked":["Iron Wave","Wild Strike"],"picked":"Inflame","floor":18},{"not_picked":["Armaments+1","Cleave","Brutality"],"picked":"SKIP","floor":19},{"not_picked":["Spot Weakness+1","Cleave"],"picked":"Ghostly Armor","floor":22},{"not_picked":["Flex","Cleave","Armaments"],"picked":"SKIP","floor":24},{"not_picked":["Seeing Red","Pommel Strike"],"picked":"Battle Trance","floor":25},{"not_picked":["Uppercut","Cleave","Heavy Blade"],"picked":"SKIP","floor":28},{"not_picked":["Dropkick","Anger"],"picked":"Exhume","floor":31}],"player_experience":1015628,"relics_obtained":[{"floor":6,"key":"Mercury Hourglass"},{"floor":8,"key":"Boot"},{"floor":9,"key":"Mummified Hand"},{"floor":11,"key":"Centennial Puzzle"},{"floor":26,"key":"Bag of Marbles"},{"floor":28,"key":"Tiny Chest"}],"event_choices":[{"damage_healed":0,"gold_gain":150,"player_choice":"AGREE","damage_taken":0,"max_hp_gain":0,"max_hp_loss":0,"event_name":"Liars Game","floor":3,"gold_loss":0,"cards_obtained":["Doubt"]},{"damage_healed":0,"gold_gain":0,"player_choice":"Entered Light","damage_taken":23,"max_hp_gain":0,"max_hp_loss":0,"event_name":"Shining Light","floor":5,"gold_loss":0,"cards_upgraded":["Strike_R","Bash"]},{"damage_healed":0,"gold_gain":0,"player_choice":"2 cards matched","damage_taken":0,"max_hp_gain":0,"max_hp_loss":0,"event_name":"Match and Keep!","floor":14,"gold_loss":0,"cards_obtained":["Doubt","Immolate"]},{"damage_healed":0,"gold_gain":0,"cards_transformed":["Strike_R"],"player_choice":"Transformed","damage_taken":0,"max_hp_gain":0,"max_hp_loss":0,"event_name":"Transmorgrifier","floor":20,"gold_loss":0,"cards_obtained":["Rage"]},{"damage_healed":0,"gold_gain":0,"player_choice":"Obtained Relic","damage_taken":0,"relics_obtained":["Blue Candle"],"max_hp_gain":0,"max_hp_loss":0,"event_name":"Addict","floor":30,"gold_loss":85}],"is_beta":false,"boss_relics":[{"not_picked":["Runic Cube","Tiny House"],"picked":"Sozu"}],"items_purged_floors":[21],"is_endless":false,"potions_floor_spawned":[1,8,11,24,28,31],"killed_by":"Collector","ascension_level":18}