{"gold_per_floor":[115,127,202,9,9,9,28,78,78,95,109,109,59,59],"floor_reached":14,"playtime":286,"items_purged":["Strike_B"],"score":144,"play_id":"b7248da4-1cdf-4571-adaa-2336eb04468a","local_time":"20190602151729","is_ascension_mode":true,"campfire_choices":[{"data":"Coolheaded","floor":6,"key":"SMITH"},{"floor":12,"key":"REST"}],"neow_cost":"NONE","seed_source_timestamp":86417810406395,"circlet_count":0,"master_deck":["AscendersBane","Strike_B","Strike_B","Strike_B","Defend_B","Defend_B","Defend_B","Defend_B","Zap","Dualcast","Leap","Rebound","Coolheaded+1","Conserve Battery","Melter"],"relics":["Cracked Core","NeowsBlessing","Regal Pillow","Smiling Mask"],"potions_floor_usage":[],"damage_taken":[{"damage":0,"enemies":"Small Slimes","floor":1,"turns":1},{"damage":0,"enemies":"Jaw Worm","floor":2,"turns":1},{"damage":0,"enemies":"Cultist","floor":7,"turns":1},{"damage":5,"enemies":"Blue Slaver","floor":10,"turns":3},{"damage":21,"enemies":"Gremlin Gang","floor":11,"turns":6},{"damage":78,"enemies":"Gremlin Nob","floor":14,"turns":5}],"seed_played":"-5363811773427976588","potions_obtained":[{"floor":2,"key":"Ancient Potion"}],"is_trial":false,"path_per_floor":["M","M","?","$","?","R","M","?","T","M","M","R","$","E"],"character_chosen":"DEFECT","items_purchased":["Coolheaded","Regal Pillow"],"campfire_rested":1,"item_purchase_floors":[4,4],"current_hp_per_floor":[64,64,53,53,53,53,53,53,53,48,27,63,63,0],"gold":59,"neow_bonus":"THREE_ENEMY_KILL","is_prod":false,"is_daily":false,"chose_seed":false,"campfire_upgraded":1,"win_rate":0,"timestamp":1559513849,"path_taken":["M","M","?","$","?","R","M","?","T","M","M","R","$","E"],"build_version":"2019-01-23","purchased_purges":1,"victory":false,"max_hp_per_floor":[71,71,71,71,71,71,71,71,71,71,71,71,71,71],"card_choices":[{"not_picked":["Steam","Hologram"],"picked":"Leap","floor":1},{"not_picked":["Hello World","Scrape"],"picked":"Rebound","floor":2},{"not_picked":["Barrage","Recycle"],"picked":"Conserve Battery","floor":7},{"not_picked":["Stack","Redo","Scrape"],"picked":"SKIP","floor":10},{"not_picked":["Redo","Streamline"],"picked":"Melter","floor":11}],"player_experience":939790,"relics_obtained":[{"floor":9,"key":"Smiling Mask"}],"event_choices":[{"damage_healed":0,"gold_gain":75,"player_choice":"Gather Gold","damage_taken":11,"max_hp_gain":0,"max_hp_loss":0,"event_name":"World of Goop","floor":3,"gold_loss":0},{"damage_healed":0,"gold_gain":0,"player_choice":"Leave","damage_taken":0,"max_hp_gain":0,"max_hp_loss":0,"event_name":"The Cleric","floor":5,"gold_loss":0},{"damage_healed":0,"gold_gain":50,"player_choice":"Pray","damage_taken":0,"max_hp_gain":0,"max_hp_loss":0,"event_name":"Golden Shrine","floor":8,"gold_loss":0}],"is_beta":false,"boss_relics":[],"items_purged_floors":[13],"is_endless":false,"potions_floor_spawned":[2],"killed_by":"Gremlin Nob","ascension_level":16}