{"gold_per_floor":[118,118,118,193,205,205,235,254,335,345,345,365,365,28,28,106,106,124,46,69,69,89,102,102],"floor_reached":24,"playtime":933,"items_purged":[],"score":413,"play_id":"ed2a4ae6-40e8-4ffa-a7a3-4617de12646f","local_time":"20190608001937","is_ascension_mode":true,"campfire_choices":[{"floor":6,"key":"REST"},{"floor":11,"key":"REST"},{"floor":15,"key":"REST"}],"neow_cost":"NONE","seed_source_timestamp":550296098838479,"circlet_count":0,"master_deck":["AscendersBane","Defend_G","Defend_G","Defend_G","Defend_G+1","Strike_G","Strike_G","Survivor+1","Neutralize+1","Riddle With Holes","Infinite Blades","Dagger Spray","Sucker Punch","Dodge and Roll","Corpse Explosion","Noxious Fumes","Dash","A Thousand Cuts","Infinite Blades+1","Deflect+1","Adrenaline+1","Heel Hook+1","Footwork","Catalyst"],"relics":["Ring of the Snake","Strawberry","Gremlin Horn","TwistedFunnel","Astrolabe","PreservedInsect"],"potions_floor_usage":[7,16,18,21],"damage_taken":[{"damage":3,"enemies":"2 Louse","floor":1,"turns":4},{"damage":2,"enemies":"Jaw Worm","floor":5,"turns":4},{"damage":30,"enemies":"Gremlin Nob","floor":7,"turns":4},{"damage":2,"enemies":"Small Slimes","floor":8,"turns":3},{"damage":3,"enemies":"Looter","floor":10,"turns":4},{"damage":2,"enemies":"Lots of Slimes","floor":12,"turns":3},{"damage":24,"enemies":"Hexaghost","floor":16,"turns":10},{"damage":6,"enemies":"Chosen","floor":18,"turns":5},{"damage":0,"enemies":"2 Thieves","floor":21,"turns":1},{"damage":33,"enemies":"Centurion and Healer","floor":22,"turns":7},{"damage":20,"enemies":"Snecko","floor":23,"turns":7},{"damage":4,"enemies":"Shelled Parasite and Fungi","floor":24,"turns":1}],"seed_played":"5800161110056157109","potions_obtained":[{"floor":0,"key":"Strength Potion"},{"floor":0,"key":"SmokeBomb"},{"floor":0,"key":"Poison Potion"},{"floor":7,"key":"Energy Potion"},{"floor":16,"key":"AttackPotion"}],"is_trial":false,"path_per_floor":["M","?","?","?","M","R","E","M","T","M","R","M","?","$","R","B",null,"M","$","T","M","M","M","M"],"character_chosen":"THE_SILENT","items_purchased":["Noxious Fumes","Dash","TwistedFunnel","Footwork"],"campfire_rested":3,"item_purchase_floors":[14,14,14,19],"current_hp_per_floor":[56,36,36,25,23,42,19,17,17,14,35,33,26,26,47,23,61,55,55,55,55,22,2,0],"gold":102,"neow_bonus":"THREE_SMALL_POTIONS","is_prod":false,"is_daily":false,"chose_seed":false,"campfire_upgraded":0,"win_rate":0,"timestamp":1559978377,"path_taken":["M","?","?","?","M","R","E","M","T","M","R","M","?","?","R","BOSS","M","$","?","M","M","M","M"],"build_version":"2019-01-23","purchased_purges":0,"victory":false,"max_hp_per_floor":[66,66,66,66,66,66,73,73,73,73,73,73,73,73,73,73,73,73,73,73,73,73,73,73],"card_choices":[{"not_picked":["Flying Knee","Blur"],"picked":"Riddle With Holes","floor":1},{"not_picked":["Masterful Stab","Blade Dance"],"picked":"Infinite Blades","floor":5},{"not_picked":["Slice","Expertise"],"picked":"Dagger Spray","floor":7},{"not_picked":["PiercingWail","Cloak And Dagger"],"picked":"Sucker Punch","floor":8},{"not_picked":["Outmaneuver","Reflex"],"picked":"Dodge and Roll","floor":10},{"not_picked":["Riddle With Holes","Dodge and Roll"],"picked":"Corpse Explosion","floor":12},{"not_picked":["Envenom","Storm of Steel"],"picked":"A Thousand Cuts","floor":16},{"not_picked":["Blur","Deflect"],"picked":"Heel Hook+1","floor":18},{"not_picked":["PiercingWail","Poisoned Stab","Caltrops"],"picked":"SKIP","floor":22},{"not_picked":["Dagger Spray","Dagger Throw+1"],"picked":"Catalyst","floor":23}],"player_experience":982107,"relics_obtained":[{"floor":7,"key":"Strawberry"},{"floor":9,"key":"Gremlin Horn"},{"floor":20,"key":"PreservedInsect"}],"event_choices":[{"damage_healed":0,"gold_gain":0,"player_choice":"Entered Light","damage_taken":20,"max_hp_gain":0,"max_hp_loss":0,"event_name":"Shining Light","floor":2,"gold_loss":0,"cards_upgraded":["Survivor","Defend_G"]},{"damage_healed":0,"gold_gain":0,"player_choice":"Grow","damage_taken":0,"max_hp_gain":0,"max_hp_loss":0,"event_name":"Living Wall","floor":3,"gold_loss":0,"cards_upgraded":["Neutralize"]},{"damage_healed":0,"gold_gain":75,"player_choice":"Gather Gold","damage_taken":11,"max_hp_gain":0,"max_hp_loss":0,"event_name":"World of Goop","floor":4,"gold_loss":0},{"cards_removed":["Strike_G"],"damage_healed":0,"gold_gain":0,"player_choice":"Card Removal","damage_taken":7,"max_hp_gain":0,"max_hp_loss":0,"event_name":"Golden Wing","floor":13,"gold_loss":0}],"is_beta":false,"boss_relics":[{"not_picked":["Ring of the Serpent","Orrery"],"picked":"Astrolabe"}],"items_purged_floors":[],"is_endless":false,"potions_floor_spawned":[7,10,12,16,21],"killed_by":"Shelled Parasite and Fungi","ascension_level":17}