{"gold_per_floor":[117,128,128,147,97,126,142,142,142,159,159,8,38,38,38,141,191,201,211,20,33,44,77,77,112,112,112,146,176,176,195,195,296,296,315,174,192,192,205,233,233,233,233,253,271,271,288,301,301,301],"floor_reached":50,"playtime":3565,"items_purged":["Bash"],"score":656,"play_id":"1fbd173d-502c-45c6-8902-b508057fae03","local_time":"20190602134731","is_ascension_mode":true,"campfire_choices":[{"data":"Anger","floor":8,"key":"SMITH"},{"data":"Defend_R","floor":11,"key":"SMITH"},{"data":"Defend_R","floor":15,"key":"SMITH"},{"data":"Barricade","floor":24,"key":"SMITH"},{"data":"Armaments","floor":27,"key":"SMITH"},{"floor":32,"key":"REST"},{"floor":41,"key":"REST"},{"floor":46,"key":"REST"},{"floor":49,"key":"REST"}],"neow_cost":"NONE","seed_source_timestamp":579307534714615,"circlet_count":0,"master_deck":["Strike_R+1","Strike_R+1","Strike_R+1","Strike_R+1","Defend_R+1","Defend_R+1","Defend_R+1","Defend_R+1","Body Slam+1","Anger+1","Pommel Strike","Cleave","Rage+1","Thunderclap+1","Feed","Battle Trance","Armaments+1","Barricade+1","Headbutt","Anger+1","Body Slam+1","Dual Wield","Juggernaut","Rage","Fiend Fire+1","Flex+1","Second Wind+1","Shrug It Off+1","Sever Soul+1"],"relics":["Burning Blood","Happy Flower","Gremlin Horn","Incense Burner","Tiny House","HandDrill","Singing Bowl","StoneCalendar","Molten Egg 2","Red Mask","Smiling Mask","Lizard Tail","Self Forming Clay","Bottled Lightning"],"potions_floor_usage":[6,7,7,10,16,21,22,22,23,29,39,40,42,48],"damage_taken":[{"damage":2,"enemies":"Jaw Worm","floor":1,"turns":3},{"damage":5,"enemies":"2 Louse","floor":2,"turns":4},{"damage":0,"enemies":"Cultist","floor":4,"turns":2},{"damage":14,"enemies":"3 Sentries","floor":6,"turns":6},{"damage":8,"enemies":"Blue Slaver","floor":7,"turns":2},{"damage":1,"enemies":"Large Slime","floor":10,"turns":5},{"damage":22,"enemies":"Lagavulin","floor":13,"turns":6},{"damage":11,"enemies":"Hexaghost","floor":16,"turns":8},{"damage":4,"enemies":"Chosen","floor":18,"turns":4},{"damage":0,"enemies":"3 Byrds","floor":19,"turns":3},{"damage":6,"enemies":"Centurion and Healer","floor":21,"turns":4},{"damage":3,"enemies":"Chosen and Byrds","floor":22,"turns":6},{"damage":20,"enemies":"Book of Stabbing","floor":23,"turns":8},{"damage":24,"enemies":"Gremlin Leader","floor":25,"turns":7},{"damage":0,"enemies":"Masked Bandits","floor":28,"turns":3},{"damage":48,"enemies":"Slavers","floor":29,"turns":5},{"damage":5,"enemies":"Shelled Parasite and Fungi","floor":31,"turns":3},{"damage":29,"enemies":"Automaton","floor":33,"turns":8},{"damage":24,"enemies":"3 Darklings","floor":35,"turns":5},{"damage":4,"enemies":"Orb Walker","floor":37,"turns":4},{"damage":31,"enemies":"Maw","floor":39,"turns":8},{"damage":46,"enemies":"Giant Head","floor":40,"turns":8},{"damage":0,"enemies":"Nemesis","floor":42,"turns":2},{"damage":9,"enemies":"4 Shapes","floor":44,"turns":2},{"damage":41,"enemies":"Spire Growth","floor":45,"turns":6},{"damage":7,"enemies":"Sphere and 2 Shapes","floor":47,"turns":4},{"damage":67,"enemies":"Maw","floor":48,"turns":11},{"damage":129,"enemies":"Donu and Deca","floor":50,"turns":9}],"seed_played":"331909989475613184","potions_obtained":[{"floor":2,"key":"SkillPotion"},{"floor":6,"key":"EntropicBrew"},{"floor":7,"key":"Explosive Potion"},{"floor":13,"key":"Fire Potion"},{"floor":16,"key":"Dexterity Potion"},{"floor":21,"key":"SkillPotion"},{"floor":22,"key":"FairyPotion"},{"floor":28,"key":"Strength Potion"},{"floor":33,"key":"SpeedPotion"},{"floor":35,"key":"Fire Potion"},{"floor":40,"key":"SmokeBomb"},{"floor":45,"key":"BloodPotion"}],"is_trial":false,"path_per_floor":["M","M","?","M","?","E","M","R","T","M","R","$","E","?","R","B",null,"M","M","$","M","M","E","R","E","T","R","?","E","?","M","R","B",null,"M","$","M","?","M","E","R","E","T","M","M","R","M","M","R","B"],"character_chosen":"IRONCLAD","items_purchased":["Rage","HandDrill","Fiend Fire+1"],"campfire_rested":4,"item_purchase_floors":[12,20,36],"current_hp_per_floor":[80,80,64,70,70,62,60,60,60,77,77,77,61,61,61,56,85,88,91,91,94,94,80,80,62,62,62,71,32,32,36,66,43,103,85,85,89,89,64,24,54,60,60,57,22,52,56,19,51,0],"gold":301,"neow_bonus":"THREE_CARDS","is_prod":false,"is_daily":false,"chose_seed":false,"campfire_upgraded":5,"win_rate":0,"timestamp":1559508451,"path_taken":["M","M","?","M","?","E","M","R","T","M","R","$","E","?","R","BOSS","M","M","$","M","?","E","R","E","T","R","?","E","?","?","R","BOSS","M","$","M","?","M","E","R","E","T","M","M","R","M","M","R","BOSS"],"build_version":"2019-01-23","purchased_purges":1,"victory":false,"max_hp_per_floor":[80,80,80,80,80,80,80,80,80,80,80,80,80,80,80,80,85,88,91,91,94,94,94,94,94,94,94,97,100,100,103,103,103,103,103,103,105,100,100,100,100,100,100,100,100,100,105,108,108,108],"card_choices":[{"not_picked":["Heavy Blade","Perfected Strike"],"picked":"Body Slam","floor":0},{"not_picked":["Thunderclap","Twin Strike"],"picked":"Anger","floor":1},{"not_picked":["Perfected Strike","Thunderclap"],"picked":"Pommel Strike","floor":2},{"not_picked":["Searing Blow","Uppercut","Clash"],"picked":"SKIP","floor":4},{"not_picked":["Searing Blow","Uppercut","Clash"],"picked":"SKIP","floor":4},{"not_picked":["Searing Blow","Uppercut","Clash"],"picked":"SKIP","floor":4},{"not_picked":["Flex","Feel No Pain"],"picked":"Cleave","floor":6},{"not_picked":["Intimidate","Combust","Blood for Blood"],"picked":"SKIP","floor":7},{"not_picked":["Body Slam","Anger","Perfected Strike"],"picked":"SKIP","floor":10},{"not_picked":["Flex","Dark Embrace"],"picked":"Thunderclap","floor":13},{"not_picked":["Berserk","Immolate"],"picked":"Feed","floor":16},{"not_picked":["Thunderclap+1","Clash+1"],"picked":"Battle Trance","floor":18},{"not_picked":["True Grit","Clash","Wild Strike"],"picked":"SKIP","floor":19},{"not_picked":["Corruption","Twin Strike"],"picked":"Armaments","floor":21},{"not_picked":["Twin Strike","Shrug It Off","Flex"],"picked":"SKIP","floor":22},{"not_picked":["Cleave+1","Carnage"],"picked":"Barricade","floor":23},{"not_picked":["Cleave","Twin Strike+1"],"picked":"Headbutt","floor":25},{"not_picked":["Armaments","Fiend Fire+1"],"picked":"Anger+1","floor":28},{"not_picked":["Warcry","Clothesline+1"],"picked":"Body Slam+1","floor":29},{"not_picked":["Sever Soul+1","Cleave+1"],"picked":"Dual Wield","floor":31},{"not_picked":["Double Tap","Limit Break"],"picked":"Juggernaut","floor":33},{"not_picked":["Pommel Strike+1","Warcry"],"picked":"Rage","floor":35},{"not_picked":["Thunderclap+1","Warcry+1","Second Wind+1"],"picked":"Singing Bowl","floor":37},{"not_picked":["Cleave+1","Warcry"],"picked":"Flex+1","floor":39},{"not_picked":["Heavy Blade+1","Sword Boomerang+1"],"picked":"Second Wind+1","floor":40},{"not_picked":["Double Tap","Armaments"],"picked":"Shrug It Off+1","floor":44},{"not_picked":["Clash+1","Warcry+1"],"picked":"Sever Soul+1","floor":45},{"not_picked":["Iron Wave+1","Carnage+1","Heavy Blade+1"],"picked":"Singing Bowl","floor":47},{"not_picked":["Havoc+1","Sword Boomerang+1","Dual Wield+1"],"picked":"SKIP","floor":48}],"player_experience":276876,"relics_obtained":[{"floor":6,"key":"Happy Flower"},{"floor":9,"key":"Gremlin Horn"},{"floor":13,"key":"Incense Burner"},{"floor":23,"key":"Singing Bowl"},{"floor":25,"key":"StoneCalendar"},{"floor":26,"key":"Molten Egg 2"},{"floor":28,"key":"Red Mask"},{"floor":29,"key":"Smiling Mask"},{"floor":40,"key":"Self Forming Clay"},{"floor":43,"key":"Bottled Lightning"}],"event_choices":[{"damage_healed":0,"gold_gain":0,"player_choice":"Entered Light","damage_taken":16,"max_hp_gain":0,"max_hp_loss":0,"event_name":"Shining Light","floor":3,"gold_loss":0,"cards_upgraded":["Body Slam","Defend_R"]},{"cards_removed":["Strike_R"],"damage_healed":0,"gold_gain":0,"player_choice":"Card Removal","damage_taken":0,"max_hp_gain":0,"max_hp_loss":0,"event_name":"The Cleric","floor":5,"gold_loss":50},{"damage_healed":0,"gold_gain":0,"player_choice":"Forge","damage_taken":0,"max_hp_gain":0,"max_hp_loss":0,"event_name":"Accursed Blacksmith","floor":14,"gold_loss":0,"cards_upgraded":["Rage"]},{"damage_healed":0,"gold_gain":0,"player_choice":"Fought Bandits","damage_taken":0,"max_hp_gain":0,"max_hp_loss":0,"event_name":"Masked Bandits","floor":28,"gold_loss":0},{"damage_healed":0,"gold_gain":0,"player_choice":"Simplicity","damage_taken":0,"max_hp_gain":0,"max_hp_loss":0,"event_name":"Back to Basics","floor":30,"gold_loss":0,"cards_upgraded":["Strike_R","Strike_R","Strike_R","Strike_R","Defend_R"]},{"damage_healed":0,"gold_gain":0,"player_choice":"Max HP","damage_taken":0,"max_hp_gain":0,"max_hp_loss":5,"event_name":"Winding Halls","floor":38,"gold_loss":0}],"is_beta":false,"boss_relics":[{"not_picked":["Runic Dome","Snecko Eye"],"picked":"Tiny House"},{"not_picked":["White Beast Statue","Orrery"],"picked":"Lizard Tail"}],"items_purged_floors":[12],"is_endless":false,"potions_floor_spawned":[2,6,7,13,16,18,21,22,28,33,35,37,40,42,45],"killed_by":"Donu and Deca","ascension_level":2}