{"gold_per_floor":[111,4,4,18,18,18,52,66,136,165,178,138,138],"floor_reached":13,"playtime":386,"items_purged":[],"score":186,"play_id":"65a72c62-e7f6-474f-96f2-90320fcbf83f","local_time":"20190606081057","is_ascension_mode":true,"campfire_choices":[{"data":"Beam Cell","floor":6,"key":"SMITH"}],"neow_cost":"NONE","seed_source_timestamp":202062001592890,"circlet_count":0,"master_deck":["AscendersBane","Strike_B","Strike_B","Strike_B","Strike_B","Defend_B","Defend_B","Defend_B","Defend_B","Zap","Dualcast","Go for the Eyes","Cold Snap","Beam Cell+1","Barrage","Genetic Algorithm","Capacitor","Ball Lightning","Hologram"],"relics":["Cracked Core","Regal Pillow","Orichalcum","Pantograph","Question Card"],"potions_floor_usage":[13,13],"damage_taken":[{"damage":2,"enemies":"Jaw Worm","floor":1,"turns":3},{"damage":0,"enemies":"2 Louse","floor":4,"turns":2},{"damage":31,"enemies":"3 Sentries","floor":7,"turns":8},{"damage":0,"enemies":"Cultist","floor":8,"turns":3},{"damage":19,"enemies":"Gremlin Nob","floor":10,"turns":4},{"damage":6,"enemies":"Looter","floor":11,"turns":3},{"damage":18,"enemies":"3 Louse","floor":13,"turns":1}],"seed_played":"7796752398309194840","potions_obtained":[{"floor":10,"key":"FocusPotion"},{"floor":12,"key":"PowerPotion"}],"is_trial":false,"path_per_floor":["M","$","?","M","?","R","E","M","T","E","M","?","M"],"character_chosen":"DEFECT","items_purchased":["Cold Snap","Beam Cell"],"campfire_rested":0,"item_purchase_floors":[2,2],"current_hp_per_floor":[62,62,62,62,67,67,36,36,36,17,11,11,0],"gold":138,"neow_bonus":"RANDOM_COMMON_RELIC","is_prod":false,"is_daily":false,"chose_seed":false,"campfire_upgraded":1,"win_rate":0,"timestamp":1559823057,"path_taken":["M","$","?","M","?","R","E","M","T","E","M","?","?"],"build_version":"2019-01-23","purchased_purges":0,"victory":false,"max_hp_per_floor":[71,71,71,71,76,76,76,76,76,76,76,76,76],"card_choices":[{"not_picked":["Redo","Compile Driver"],"picked":"Go for the Eyes","floor":1},{"not_picked":["Barrage","Rip and Tear","Go for the Eyes"],"picked":"SKIP","floor":4},{"not_picked":["Rip and Tear","Go for the Eyes"],"picked":"Barrage","floor":4},{"not_picked":["Leap","Skim"],"picked":"Genetic Algorithm","floor":7},{"not_picked":["Hello World","Ball Lightning"],"picked":"Capacitor","floor":8},{"not_picked":["Go for the Eyes","Blizzard"],"picked":"Ball Lightning","floor":10},{"not_picked":["Turbo","Steam Power","Gash"],"picked":"Hologram","floor":11}],"player_experience":843233,"relics_obtained":[{"floor":7,"key":"Orichalcum"},{"floor":9,"key":"Pantograph"},{"floor":10,"key":"Question Card"}],"event_choices":[{"damage_healed":0,"gold_gain":0,"player_choice":"Leave","damage_taken":0,"max_hp_gain":0,"max_hp_loss":0,"event_name":"The Cleric","floor":3,"gold_loss":0},{"damage_healed":0,"gold_gain":0,"player_choice":"Donut","damage_taken":0,"max_hp_gain":5,"max_hp_loss":0,"event_name":"Big Fish","floor":5,"gold_loss":0},{"damage_healed":0,"gold_gain":0,"player_choice":"Bought 3 Potions","damage_taken":0,"max_hp_gain":0,"max_hp_loss":0,"event_name":"The Woman in Blue","floor":12,"gold_loss":0}],"is_beta":false,"boss_relics":[],"items_purged_floors":[],"is_endless":false,"potions_floor_spawned":[10],"killed_by":"3 Louse","ascension_level":20}