{"gold_per_floor":[368,255,255,267,267,292,302,361,439,439,439,454,481,481],"floor_reached":14,"playtime":354,"items_purged":[],"score":181,"play_id":"377fad85-5fa1-4164-be1a-1866f34a9aa1","local_time":"20190606191913","is_ascension_mode":true,"campfire_choices":[{"floor":11,"key":"REST"}],"neow_cost":"TEN_PERCENT_HP_LOSS","seed_source_timestamp":446451044231488,"circlet_count":0,"master_deck":["AscendersBane","Strike_R","Strike_R","Strike_R","Strike_R","Strike_R","Defend_R","Defend_R","Defend_R","Defend_R","Bash","Shrug It Off","Shrug It Off","Carnage","Battle Trance","Cleave+1","Iron Wave+1","Demon Form","Clothesline"],"relics":["Burning Blood","Boot","Oddly Smooth Stone","Paper Frog","Self Forming Clay"],"potions_floor_usage":[6,6,13],"damage_taken":[{"damage":7,"enemies":"Small Slimes","floor":1,"turns":4},{"damage":0,"enemies":"2 Louse","floor":4,"turns":3},{"damage":32,"enemies":"Lagavulin","floor":6,"turns":6},{"damage":0,"enemies":"Jaw Worm","floor":7,"turns":3},{"damage":13,"enemies":"3 Louse","floor":12,"turns":3},{"damage":24,"enemies":"Gremlin Nob","floor":13,"turns":4},{"damage":10,"enemies":"Large Slime","floor":14,"turns":3}],"seed_played":"1554777025265840324","potions_obtained":[{"floor":1,"key":"Explosive Potion"},{"floor":4,"key":"Block Potion"},{"floor":12,"key":"Poison Potion"}],"is_trial":false,"path_per_floor":["M","$","?","M","?","E","M","?","T","?","R","M","E","M"],"character_chosen":"IRONCLAD","items_purchased":["Shrug It Off","Carnage"],"campfire_rested":1,"item_purchase_floors":[2,2],"current_hp_per_floor":[67,67,72,73,55,29,35,35,35,13,34,27,9,0],"gold":481,"neow_bonus":"TWO_FIFTY_GOLD","is_prod":false,"is_daily":false,"chose_seed":false,"campfire_upgraded":0,"win_rate":0,"timestamp":1559873953,"path_taken":["M","$","?","M","?","E","M","?","T","?","R","?","E","M"],"build_version":"2019-01-23","purchased_purges":0,"victory":false,"max_hp_per_floor":[68,68,73,73,73,73,73,73,73,73,73,73,73,73],"card_choices":[{"not_picked":["Sentinel","True Grit"],"picked":"Shrug It Off","floor":1},{"not_picked":["Rampage","Flex"],"picked":"Battle Trance","floor":4},{"not_picked":["Shrug It Off","Clothesline"],"picked":"Cleave","floor":6},{"not_picked":["Shrug It Off","Havoc"],"picked":"Iron Wave","floor":7},{"not_picked":["Havoc","Sentinel"],"picked":"Demon Form","floor":12},{"not_picked":["Reckless Charge","Clash"],"picked":"Clothesline","floor":13}],"player_experience":956736,"relics_obtained":[{"floor":6,"key":"Oddly Smooth Stone"},{"floor":9,"key":"Paper Frog"},{"floor":13,"key":"Self Forming Clay"}],"event_choices":[{"damage_healed":0,"gold_gain":0,"player_choice":"Donut","damage_taken":0,"max_hp_gain":5,"max_hp_loss":0,"event_name":"Big Fish","floor":3,"gold_loss":0},{"damage_healed":0,"gold_gain":0,"player_choice":"Success","damage_taken":18,"relics_obtained":["Boot"],"max_hp_gain":0,"max_hp_loss":0,"event_name":"Scrap Ooze","floor":5,"gold_loss":0},{"damage_healed":0,"gold_gain":59,"player_choice":"Gained Gold","damage_taken":0,"max_hp_gain":0,"max_hp_loss":0,"event_name":"Golden Wing","floor":8,"gold_loss":0},{"damage_healed":0,"gold_gain":0,"player_choice":"Entered Light","damage_taken":22,"max_hp_gain":0,"max_hp_loss":0,"event_name":"Shining Light","floor":10,"gold_loss":0,"cards_upgraded":["Iron Wave","Cleave"]}],"is_beta":false,"boss_relics":[],"items_purged_floors":[],"is_endless":false,"potions_floor_spawned":[1,4,12],"killed_by":"Large Slime","ascension_level":17}