{"gold_per_floor":[113,34,64,84,94,94,108,132,132,203,221,221,221],"floor_reached":13,"playtime":670,"items_purged":[],"score":146,"play_id":"cc602cb5-fa49-4e4a-b589-8610f0437d97","local_time":"20190627221450","is_ascension_mode":true,"campfire_choices":[{"data":"Corruption","floor":6,"key":"SMITH"},{"floor":12,"key":"REST"}],"neow_cost":"NONE","seed_source_timestamp":1293549162098835,"circlet_count":0,"master_deck":["AscendersBane","Strike_R","Strike_R","Strike_R","Strike_R","Strike_R","Defend_R","Defend_R","Defend_R","Defend_R","Bash","Carnage","Corruption+1","Regret","Seeing Red","Perfected Strike","Ghostly Armor","Headbutt"],"relics":["Burning Blood","Tiny Chest","Bronze Scales","Bottled Flame"],"potions_floor_usage":[13,13],"damage_taken":[{"damage":14,"enemies":"Jaw Worm","floor":1,"turns":4},{"damage":6,"enemies":"Small Slimes","floor":4,"turns":4},{"damage":21,"enemies":"2 Louse","floor":5,"turns":3},{"damage":21,"enemies":"Exordium Wildlife","floor":7,"turns":3},{"damage":18,"enemies":"Large Slime","floor":11,"turns":6},{"damage":51,"enemies":"Gremlin Nob","floor":13,"turns":4}],"seed_played":"5949435367756463172","potions_obtained":[{"floor":7,"key":"Dexterity Potion"},{"floor":11,"key":"Weak Potion"}],"is_trial":false,"path_per_floor":["M","$","?","M","M","R","M","T","T","?","M","R","E"],"character_chosen":"IRONCLAD","items_purchased":["Corruption"],"campfire_rested":1,"item_purchase_floors":[2],"current_hp_per_floor":[67,67,67,67,52,52,37,37,37,37,25,49,0],"gold":221,"neow_bonus":"TEN_PERCENT_HP_BONUS","is_prod":false,"is_daily":false,"chose_seed":false,"campfire_upgraded":1,"win_rate":0,"timestamp":1561698890,"path_taken":["M","$","?","M","M","R","M","?","T","?","M","R","E"],"build_version":"2019-01-23","purchased_purges":0,"victory":false,"max_hp_per_floor":[82,82,82,82,82,82,82,82,82,82,82,82,82],"card_choices":[{"not_picked":["Heavy Blade","Intimidate"],"picked":"Carnage","floor":1},{"not_picked":["Iron Wave","Clash"],"picked":"Seeing Red","floor":4},{"not_picked":["True Grit","Iron Wave"],"picked":"Perfected Strike","floor":5},{"not_picked":["Whirlwind","Warcry"],"picked":"Ghostly Armor","floor":7},{"not_picked":["Carnage","Intimidate"],"picked":"Headbutt","floor":11}],"player_experience":1092145,"relics_obtained":[{"floor":8,"key":"Bronze Scales"},{"floor":9,"key":"Bottled Flame"}],"event_choices":[{"damage_healed":0,"gold_gain":0,"player_choice":"Box","damage_taken":0,"relics_obtained":["Tiny Chest"],"max_hp_gain":0,"max_hp_loss":0,"event_name":"Big Fish","floor":3,"gold_loss":0,"cards_obtained":["Regret"]},{"damage_healed":0,"gold_gain":71,"player_choice":"Gained Gold","damage_taken":0,"max_hp_gain":0,"max_hp_loss":0,"event_name":"Golden Wing","floor":10,"gold_loss":0}],"is_beta":false,"boss_relics":[],"items_purged_floors":[],"is_endless":false,"potions_floor_spawned":[7,11],"killed_by":"Gremlin Nob","ascension_level":19}