{"gold_per_floor":[109,109,109,109,128,160,178,239,239,249,264,264,295,295,295,367,367,379,301,301,315,415,415,430,430,455,455,472,501,518,532,532,607,607,620,633,652,536,758,758,773,808,808,819,819,93,93,104,104,104],"floor_reached":51,"playtime":1971,"items_purged":["Strike_B+1","Shame"],"score":1356,"play_id":"c00b8ba1-c21b-4fdf-ba0f-aa4573f35256","local_time":"20190407225422","is_ascension_mode":true,"campfire_choices":[{"data":"Defragment","floor":12,"key":"SMITH"},{"floor":15,"key":"REST"},{"data":"Machine Learning","floor":23,"key":"SMITH"},{"data":"Biased Cognition","floor":25,"key":"SMITH"},{"data":"Zap","floor":27,"key":"SMITH"},{"floor":32,"key":"REST"},{"data":"Seek","floor":40,"key":"SMITH"},{"data":"Buffer","floor":45,"key":"SMITH"},{"floor":47,"key":"REST"},{"floor":49,"key":"REST"}],"neow_cost":"NONE","seed_source_timestamp":189449260551481,"circlet_count":0,"master_deck":["AscendersBane","Defend_B","Defend_B","Defend_B","Zap+1","Dualcast","Defragment+1","Seek+1","Streamline+1","Cold Snap","Ball Lightning","Machine Learning+1","Electrodynamics","Fission+1","Fission+1","Reboot+1","Sweeping Beam+1","Defragment+1","Conserve Battery+1","Biased Cognition+1","Leap","Go for the Eyes","Lockon","Buffer+1","Ball Lightning","Leap","Capacitor","Stack","Static Discharge"],"relics":["Cracked Core","NeowsBlessing","Meat on the Bone","Juzu Bracelet","Tiny Chest","Pear","Whetstone","Astrolabe","Mango","Darkstone Periapt","Vajra","Red Mask","Cursed Key","Symbiotic Virus","Blue Candle","HandDrill","Ornamental Fan"],"potions_floor_usage":[13,13,33,33,50,50],"damage_taken":[{"damage":0,"enemies":"Jaw Worm","floor":1,"turns":1},{"damage":0,"enemies":"Small Slimes","floor":5,"turns":1},{"damage":0,"enemies":"Lagavulin","floor":6,"turns":1},{"damage":1,"enemies":"Cultist","floor":7,"turns":3},{"damage":36,"enemies":"Gremlin Nob","floor":8,"turns":4},{"damage":2,"enemies":"Looter","floor":10,"turns":3},{"damage":15,"enemies":"Large Slime","floor":11,"turns":7},{"damage":13,"enemies":"3 Sentries","floor":13,"turns":7},{"damage":7,"enemies":"Slime Boss","floor":16,"turns":6},{"damage":0,"enemies":"Spheric Guardian","floor":18,"turns":3},{"damage":18,"enemies":"Chosen","floor":21,"turns":4},{"damage":18,"enemies":"Colosseum Slavers","floor":22,"turns":3},{"damage":7,"enemies":"Colosseum Nobs","floor":22,"turns":2},{"damage":23,"enemies":"Centurion and Healer","floor":24,"turns":4},{"damage":4,"enemies":"3 Cultists","floor":28,"turns":3},{"damage":12,"enemies":"Masked Bandits","floor":29,"turns":2},{"damage":0,"enemies":"Chosen and Byrds","floor":30,"turns":3},{"damage":0,"enemies":"Sentry and Sphere","floor":31,"turns":2},{"damage":33,"enemies":"Champ","floor":33,"turns":9},{"damage":14,"enemies":"3 Darklings","floor":35,"turns":2},{"damage":8,"enemies":"3 Shapes","floor":36,"turns":2},{"damage":0,"enemies":"3 Darklings","floor":37,"turns":2},{"damage":0,"enemies":"4 Shapes","floor":41,"turns":2},{"damage":39,"enemies":"Nemesis","floor":42,"turns":5},{"damage":12,"enemies":"Sphere and 2 Shapes","floor":44,"turns":3},{"damage":19,"enemies":"Spire Growth","floor":48,"turns":4},{"damage":89,"enemies":"Time Eater","floor":50,"turns":11}],"seed_played":"-3506764910685996400","potions_obtained":[{"floor":1,"key":"SpeedPotion"},{"floor":8,"key":"AttackPotion"},{"floor":13,"key":"LiquidBronze"},{"floor":22,"key":"EssenceOfSteel"},{"floor":24,"key":"FocusPotion"},{"floor":35,"key":"Strength Potion"},{"floor":37,"key":"Explosive Potion"},{"floor":48,"key":"Regen Potion"}],"is_trial":false,"path_per_floor":["M","?","?","?","M","E","M","E","T","M","M","R","E","?","R","B",null,"M","$","?","M","?","R","M","R","T","R","M","?","M","M","R","B",null,"M","M","M","$","?","R","M","E","T","M","R","$","R","M","R","B",null],"character_chosen":"DEFECT","items_purchased":["Defragment","Capacitor","HandDrill","Ornamental Fan","Stack","Static Discharge"],"campfire_rested":4,"item_purchase_floors":[19,38,46,46,46,46],"current_hp_per_floor":[64,43,38,31,43,43,42,18,28,38,35,35,34,34,58,51,74,74,74,74,56,57,57,46,46,46,46,54,54,54,54,82,49,84,70,62,62,62,62,62,62,35,41,41,41,41,71,52,82,20],"gold":104,"neow_bonus":"THREE_ENEMY_KILL","is_prod":false,"is_daily":false,"chose_seed":false,"campfire_upgraded":6,"win_rate":0,"timestamp":1554692062,"path_taken":["M","?","?","?","M","E","M","E","T","M","M","R","E","?","R","BOSS","M","$","?","M","?","R","M","R","T","R","M","?","M","M","R","BOSS","M","M","M","$","?","R","M","E","T","M","R","$","R","M","R","BOSS"],"build_version":"2019-01-23","purchased_purges":2,"victory":true,"max_hp_per_floor":[71,71,71,71,71,71,71,71,81,81,81,81,81,81,81,81,81,81,81,81,81,95,95,95,95,95,95,95,95,95,95,95,95,95,95,95,95,95,95,95,95,95,101,101,101,101,101,101,101,101],"card_choices":[{"not_picked":["Hello World","Rebound","Hologram"],"picked":"SKIP","floor":1},{"not_picked":["Cold Snap","Force Field"],"picked":"Defragment","floor":5},{"not_picked":["Steam","Blizzard"],"picked":"Seek","floor":6},{"not_picked":["Hologram","Aggregate"],"picked":"Streamline","floor":7},{"not_picked":["Double Energy","Compile Driver","Turbo"],"picked":"SKIP","floor":8},{"not_picked":["Beam Cell","Hello World"],"picked":"Cold Snap","floor":10},{"not_picked":["Compile Driver","Streamline"],"picked":"Ball Lightning","floor":11},{"not_picked":["Hello World","Reinforced Body"],"picked":"Machine Learning","floor":13},{"not_picked":["Buffer","Meteor Strike"],"picked":"Electrodynamics","floor":16},{"not_picked":["Storm","Gash"],"picked":"Sweeping Beam+1","floor":18},{"not_picked":["Blizzard","Gash","Reprogram+1"],"picked":"SKIP","floor":21},{"not_picked":["White Noise","Coolheaded"],"picked":"Conserve Battery+1","floor":22},{"not_picked":["Conserve Battery","Hello World"],"picked":"Biased Cognition","floor":24},{"not_picked":["Gash","Double Energy"],"picked":"Leap","floor":28},{"not_picked":["Stack","Skim"],"picked":"Go for the Eyes","floor":30},{"not_picked":["Conserve Battery+1","Fusion"],"picked":"Lockon","floor":31},{"not_picked":["Amplify","Multi-Cast"],"picked":"Buffer","floor":33},{"not_picked":["Rebound+1","Steam"],"picked":"Ball Lightning","floor":35},{"not_picked":["Streamline+1","Redo+1"],"picked":"Leap","floor":36},{"not_picked":["Recycle","Leap","Doom and Gloom"],"picked":"SKIP","floor":37},{"not_picked":["Fusion","Ball Lightning","Genetic Algorithm+1"],"picked":"SKIP","floor":41},{"not_picked":["Scrape","Hologram","Rainbow"],"picked":"SKIP","floor":42},{"not_picked":["Lockon","Turbo","Storm"],"picked":"SKIP","floor":44},{"not_picked":["Sweeping Beam","Barrage+1","FTL"],"picked":"SKIP","floor":48}],"player_experience":541996,"relics_obtained":[{"floor":6,"key":"Juzu Bracelet"},{"floor":8,"key":"Tiny Chest"},{"floor":9,"key":"Pear"},{"floor":13,"key":"Whetstone"},{"floor":22,"key":"Mango"},{"floor":22,"key":"Darkstone Periapt"},{"floor":26,"key":"Vajra"},{"floor":29,"key":"Red Mask"},{"floor":42,"key":"Symbiotic Virus"},{"floor":43,"key":"Blue Candle"}],"event_choices":[{"damage_healed":0,"gold_gain":0,"player_choice":"Entered Light","damage_taken":21,"max_hp_gain":0,"max_hp_loss":0,"event_name":"Shining Light","floor":2,"gold_loss":0,"cards_upgraded":["Strike_B","Strike_B"]},{"damage_healed":0,"gold_gain":0,"player_choice":"Success","damage_taken":5,"relics_obtained":["Meat on the Bone"],"max_hp_gain":0,"max_hp_loss":0,"event_name":"Scrap Ooze","floor":3,"gold_loss":0},{"cards_removed":["Strike_B"],"damage_healed":0,"gold_gain":0,"player_choice":"Card Removal","damage_taken":7,"max_hp_gain":0,"max_hp_loss":0,"event_name":"Golden Wing","floor":4,"gold_loss":0},{"damage_healed":0,"gold_gain":0,"player_choice":"Ignored","damage_taken":0,"max_hp_gain":0,"max_hp_loss":0,"event_name":"Liars Game","floor":14,"gold_loss":0},{"damage_healed":0,"gold_gain":0,"player_choice":"Upgraded","damage_taken":0,"max_hp_gain":0,"max_hp_loss":0,"event_name":"Upgrade Shrine","floor":20,"gold_loss":0,"cards_upgraded":["Defragment"]},{"damage_healed":0,"gold_gain":0,"player_choice":"Fight","damage_taken":0,"max_hp_gain":0,"max_hp_loss":0,"event_name":"Colosseum","floor":22,"gold_loss":0},{"damage_healed":0,"gold_gain":0,"player_choice":"Fought Nobs","damage_taken":0,"max_hp_gain":0,"max_hp_loss":0,"event_name":"Colosseum","floor":22,"gold_loss":0},{"damage_healed":0,"gold_gain":0,"player_choice":"Fought Bandits","damage_taken":0,"max_hp_gain":0,"max_hp_loss":0,"event_name":"Masked Bandits","floor":29,"gold_loss":0},{"damage_healed":0,"gold_gain":222,"player_choice":"Wore Mask","damage_taken":0,"max_hp_gain":0,"max_hp_loss":0,"event_name":"Tomb of Lord Red Mask","floor":39,"gold_loss":0}],"is_beta":false,"boss_relics":[{"not_picked":["Coffee Dripper","Calling Bell"],"picked":"Astrolabe"},{"not_picked":["Black Star","Empty Cage"],"picked":"Cursed Key"}],"items_purged_floors":[38,46],"is_endless":false,"potions_floor_spawned":[1,8,11,13,22,22,24,28,29,35,37,42,48],"ascension_level":18}