{"gold_per_floor":[117,67,83,95,95,95,14,33,33,33,33,33,47,47,47,151,151,168,178,178,54,72,84,101,101,178,78,78,3,30,47,47,47],"floor_reached":33,"playtime":983,"items_purged":["Strike_B","Strike_B"],"score":237,"play_id":"44fd29b3-4408-4150-9031-127e68f82901","local_time":"20190517140406","is_ascension_mode":false,"campfire_choices":[{"data":"Zap","floor":6,"key":"SMITH"},{"data":"Sunder","floor":10,"key":"SMITH"},{"data":"Lockon","floor":12,"key":"SMITH"},{"data":"Beam Cell","floor":15,"key":"SMITH"},{"floor":28,"key":"REST"},{"floor":32,"key":"REST"}],"neow_cost":"NONE","seed_source_timestamp":153859045523018,"circlet_count":0,"master_deck":["Defend_B","Defend_B","Defend_B","Defend_B","Zap+1","Dualcast","Ball Lightning","Chaos+1","Sunder+1","Lockon+1","Beam Cell+1","Biased Cognition+1","Tempest+1","Capacitor+1","Conserve Battery","Self Repair","Melter+1","Chill"],"relics":["Sozu"],"potions_floor_usage":[],"damage_taken":[{"damage":0,"enemies":"Small Slimes","floor":1,"turns":4},{"damage":1,"enemies":"Jaw Worm","floor":3,"turns":2},{"damage":0,"enemies":"Cultist","floor":4,"turns":2},{"damage":10,"enemies":"Blue Slaver","floor":8,"turns":3},{"damage":0,"enemies":"2 Fungi Beasts","floor":13,"turns":2},{"damage":41,"enemies":"The Guardian","floor":16,"turns":8},{"damage":10,"enemies":"3 Byrds","floor":18,"turns":4},{"damage":35,"enemies":"2 Thieves","floor":19,"turns":3},{"damage":16,"enemies":"Chosen and Byrds","floor":22,"turns":6},{"damage":0,"enemies":"Snecko","floor":23,"turns":3},{"damage":17,"enemies":"Centurion and Healer","floor":24,"turns":4},{"damage":11,"enemies":"3 Cultists","floor":31,"turns":4},{"damage":54,"enemies":"Automaton","floor":33,"turns":8}],"seed_played":"-5759818902211078835","potions_obtained":[],"is_trial":false,"path_per_floor":["M","?","M","M","?","R","$","M","T","R","$","R","M","?","R","B",null,"M","M","?","$","M","M","M","?","T","$","R","?","T","M","R","B"],"character_chosen":"DEFECT","items_purchased":["Sunder","Conserve Battery"],"campfire_rested":2,"item_purchase_floors":[7,21],"current_hp_per_floor":[75,75,74,74,74,74,74,64,64,64,64,64,64,57,57,16,75,65,30,30,30,14,21,11,11,11,11,33,33,33,29,51,0],"gold":47,"neow_bonus":"BOSS_RELIC","is_prod":false,"is_daily":false,"chose_seed":false,"campfire_upgraded":4,"win_rate":0,"timestamp":1558116246,"path_taken":["M","?","M","M","?","R","?","M","T","R","?","R","M","?","R","BOSS","M","M","?","$","?","M","M","?","T","$","R","?","?","M","R","BOSS"],"build_version":"2019-01-23","purchased_purges":2,"victory":false,"max_hp_per_floor":[75,75,75,75,75,75,75,75,75,75,75,75,75,75,75,75,75,75,75,75,75,75,75,75,75,75,75,75,75,75,75,75,75],"card_choices":[{"not_picked":["Hologram","Blizzard"],"picked":"Ball Lightning","floor":1},{"not_picked":["Streamline","Blizzard"],"picked":"Fusion","floor":3},{"not_picked":["Heatsinks","Rebound"],"picked":"Chaos","floor":4},{"not_picked":["Chill","Double Energy"],"picked":"Lockon","floor":8},{"not_picked":["Steam","Barrage"],"picked":"Beam Cell","floor":13},{"not_picked":["All For One","Rainbow"],"picked":"Biased Cognition","floor":16},{"not_picked":["Leap","Streamline"],"picked":"Tempest+1","floor":18},{"not_picked":["BootSequence","Sunder"],"picked":"Capacitor+1","floor":19},{"not_picked":["Defragment","Consume"],"picked":"Self Repair","floor":22},{"not_picked":["Barrage+1","Sweeping Beam","Redo"],"picked":"SKIP","floor":23},{"not_picked":["Undo","Capacitor"],"picked":"Melter+1","floor":24},{"not_picked":["Beam Cell","Compile Driver"],"picked":"Chill","floor":31}],"player_experience":716401,"relics_obtained":[],"event_choices":[{"cards_removed":["Strike_B"],"damage_healed":0,"gold_gain":0,"player_choice":"Card Removal","damage_taken":0,"max_hp_gain":0,"max_hp_loss":0,"event_name":"The Cleric","floor":2,"gold_loss":50},{"damage_healed":0,"gold_gain":0,"player_choice":"Grow","damage_taken":0,"max_hp_gain":0,"max_hp_loss":0,"event_name":"Living Wall","floor":5,"gold_loss":0,"cards_upgraded":["Chaos"]},{"cards_removed":["Strike_B"],"damage_healed":0,"gold_gain":0,"player_choice":"Card Removal","damage_taken":7,"max_hp_gain":0,"max_hp_loss":0,"event_name":"Golden Wing","floor":14,"gold_loss":0},{"damage_healed":0,"gold_gain":0,"player_choice":"Upgraded","damage_taken":0,"max_hp_gain":0,"max_hp_loss":0,"event_name":"Upgrade Shrine","floor":20,"gold_loss":0,"cards_upgraded":["Biased Cognition"]},{"damage_healed":0,"gold_gain":0,"player_choice":"Ignored","damage_taken":0,"max_hp_gain":0,"max_hp_loss":0,"event_name":"Cursed Tome","floor":25,"gold_loss":0},{"cards_removed":["Fusion"],"damage_healed":0,"gold_gain":0,"player_choice":"Gave Gold","damage_taken":0,"max_hp_gain":0,"max_hp_loss":0,"event_name":"Beggar","floor":29,"gold_loss":75}],"is_beta":false,"boss_relics":[{"not_picked":[]}],"items_purged_floors":[21,27],"is_endless":false,"potions_floor_spawned":[4,8,16,18,23,31],"killed_by":"Automaton","ascension_level":0}