{"gold_per_floor":[14,28,28,61,91,117,117,144,144,163,163,7,7,61,61,61],"floor_reached":16,"playtime":584,"items_purged":["Strike_B"],"score":150,"play_id":"8e1dda18-1a74-4976-b582-3ee6b39e0b16","local_time":"20190209205317","is_ascension_mode":true,"campfire_choices":[{"floor":7,"key":"REST"},{"floor":13,"key":"REST"},{"floor":15,"key":"REST"}],"neow_cost":"NO_GOLD","seed_source_timestamp":821460378879892,"circlet_count":0,"master_deck":["Strike_B","Strike_B","Strike_B","Defend_B","Defend_B","Defend_B","Defend_B","Zap","Dualcast","HandOfGreed","Metamorphosis","Consume","Mind Blast","Capacitor","Hologram","Doom and Gloom","Rainbow","Gash","Consume","Loop","Sunder"],"relics":["Cracked Core","Regal Pillow","Singing Bowl","Letter Opener","Torii"],"potions_floor_usage":[16,16],"damage_taken":[{"damage":1,"enemies":"Cultist","floor":1,"turns":3},{"damage":8,"enemies":"Small Slimes","floor":2,"turns":3},{"damage":0,"enemies":"2 Louse","floor":4,"turns":3},{"damage":17,"enemies":"2 Fungi Beasts","floor":5,"turns":3},{"damage":32,"enemies":"Gremlin Nob","floor":6,"turns":4},{"damage":34,"enemies":"Lagavulin","floor":8,"turns":6},{"damage":17,"enemies":"Blue Slaver","floor":10,"turns":4},{"damage":28,"enemies":"3 Sentries","floor":14,"turns":7},{"damage":59,"enemies":"Slime Boss","floor":16,"turns":7}],"seed_played":"3827649339303502668","potions_obtained":[{"floor":2,"key":"SteroidPotion"},{"floor":6,"key":"Explosive Potion"},{"floor":10,"key":"Strength Potion"}],"is_trial":false,"path_per_floor":["M","M","?","M","M","E","R","E","T","M","?","$","R","E","R","B"],"character_chosen":"DEFECT","items_purchased":["Loop"],"campfire_rested":3,"item_purchase_floors":[12],"current_hp_per_floor":[74,66,66,66,49,17,54,20,20,3,3,3,40,12,49,0],"gold":61,"neow_bonus":"RANDOM_COLORLESS_2","is_prod":false,"is_daily":false,"chose_seed":false,"campfire_upgraded":0,"win_rate":0,"timestamp":1549763597,"path_taken":["M","?","?","M","?","E","R","E","T","M","?","$","R","E","R","BOSS"],"build_version":"2019-01-23","purchased_purges":1,"victory":false,"max_hp_per_floor":[75,75,75,75,75,75,75,75,75,75,75,75,75,75,75,75],"card_choices":[{"not_picked":["Barrage","Steam","Go for the Eyes"],"picked":"SKIP","floor":1},{"not_picked":["Turbo","Sweeping Beam"],"picked":"Consume","floor":2},{"not_picked":["Coolheaded","Steam"],"picked":"Hologram","floor":4},{"not_picked":["Storm","Genetic Algorithm"],"picked":"Doom and Gloom","floor":5},{"not_picked":["Blizzard","Coolheaded"],"picked":"Rainbow","floor":6},{"not_picked":["Undo","Darkness"],"picked":"Gash","floor":8},{"not_picked":["Darkness","Sweeping Beam"],"picked":"Consume","floor":10},{"not_picked":["Steam Power","Skim"],"picked":"Sunder","floor":14}],"player_experience":199534,"relics_obtained":[{"floor":6,"key":"Regal Pillow"},{"floor":8,"key":"Singing Bowl"},{"floor":9,"key":"Letter Opener"},{"floor":14,"key":"Torii"}],"event_choices":[{"damage_healed":0,"gold_gain":0,"player_choice":"2 cards matched","damage_taken":0,"max_hp_gain":0,"max_hp_loss":0,"event_name":"Match and Keep!","floor":3,"gold_loss":0,"cards_obtained":["Mind Blast","Capacitor"]},{"damage_healed":0,"gold_gain":0,"player_choice":"Searched \u00270\u0027 times","damage_taken":0,"max_hp_gain":0,"max_hp_loss":0,"event_name":"Dead Adventurer","floor":11,"gold_loss":0}],"is_beta":false,"boss_relics":[],"items_purged_floors":[12],"is_endless":false,"potions_floor_spawned":[2,6,10],"killed_by":"Slime Boss","ascension_level":5}