{"gold_per_floor":[114,26,42,55,71,71,104,104,104,140,160,160,6,6,6,101,101,125,156,156,156,168,168],"floor_reached":23,"playtime":862,"items_purged":["Strike_B"],"score":498,"play_id":"c705ec10-407e-4300-a9ef-a7d752b12fee","local_time":"20190628092757","is_ascension_mode":true,"campfire_choices":[{"data":"Defragment","floor":6,"key":"SMITH"},{"floor":15,"key":"REST"}],"neow_cost":"NONE","seed_source_timestamp":568758987119790,"circlet_count":0,"master_deck":["AscendersBane","Strike_B+1","Strike_B","Strike_B","Defend_B","Defend_B","Defend_B","Defend_B","Zap","Dualcast","Reinforced Body","Rip and Tear","Gash","Gash","Defragment+1","Glacier","Cold Snap","Leap+1","Hologram","Rebound","Core Surge","Genetic Algorithm","Ball Lightning","Self Repair"],"relics":["Cracked Core","NeowsBlessing","Omamori","Bloody Idol","Gremlin Horn","Bird Faced Urn","Cursed Key","Red Mask"],"potions_floor_usage":[7,10,16,23],"damage_taken":[{"damage":0,"enemies":"Jaw Worm","floor":1,"turns":1},{"damage":0,"enemies":"Small Slimes","floor":3,"turns":1},{"damage":0,"enemies":"Cultist","floor":4,"turns":1},{"damage":8,"enemies":"Blue Slaver","floor":5,"turns":2},{"damage":15,"enemies":"Gremlin Nob","floor":7,"turns":4},{"damage":20,"enemies":"3 Sentries","floor":10,"turns":8},{"damage":1,"enemies":"Looter","floor":11,"turns":3},{"damage":0,"enemies":"The Guardian","floor":16,"turns":12},{"damage":15,"enemies":"Shell Parasite","floor":18,"turns":6},{"damage":28,"enemies":"Masked Bandits","floor":19,"turns":6},{"damage":24,"enemies":"3 Byrds","floor":22,"turns":3},{"damage":15,"enemies":"Slavers","floor":23,"turns":1}],"seed_played":"-595775294029238531","potions_obtained":[{"floor":3,"key":"SteroidPotion"},{"floor":5,"key":"SneckoOil"},{"floor":11,"key":"FocusPotion"},{"floor":16,"key":"Dexterity Potion"}],"is_trial":false,"path_per_floor":["M","$","M","M","M","R","E","?","T","E","M","?","$","?","R","B",null,"M","?","?","?","M","E"],"character_chosen":"DEFECT","items_purchased":["Rip and Tear","Hologram","Rebound"],"campfire_rested":1,"item_purchase_floors":[2,13,13],"current_hp_per_floor":[64,64,64,64,56,56,41,41,41,21,20,37,37,16,37,39,63,50,24,24,24,7,0],"gold":168,"neow_bonus":"THREE_ENEMY_KILL","is_prod":false,"is_daily":false,"chose_seed":false,"campfire_upgraded":1,"win_rate":0,"timestamp":1561728477,"path_taken":["M","$","M","M","M","R","E","?","T","E","M","?","?","?","R","BOSS","M","?","?","?","M","E"],"build_version":"2019-01-23","purchased_purges":1,"victory":false,"max_hp_per_floor":[71,71,71,71,71,71,71,71,71,71,71,71,71,71,71,71,71,71,71,71,71,71,71],"card_choices":[{"not_picked":["Steam","Redo"],"picked":"Reinforced Body","floor":1},{"not_picked":["Leap","Conserve Battery"],"picked":"Gash","floor":3},{"not_picked":["Heatsinks","Loop"],"picked":"Gash","floor":4},{"not_picked":["Sweeping Beam","White Noise"],"picked":"Defragment","floor":5},{"not_picked":["Blizzard","Leap"],"picked":"Glacier","floor":7},{"not_picked":["Steam Power","White Noise"],"picked":"Cold Snap","floor":10},{"not_picked":["Barrage","Static Discharge"],"picked":"Leap","floor":11},{"not_picked":["Buffer","Reboot"],"picked":"Core Surge","floor":16},{"not_picked":["Stack","Gash"],"picked":"Genetic Algorithm","floor":18},{"not_picked":["Compile Driver","Scrape"],"picked":"Ball Lightning","floor":19},{"not_picked":["Conserve Battery","Cold Snap"],"picked":"Self Repair","floor":22}],"player_experience":983188,"relics_obtained":[{"floor":7,"key":"Omamori"},{"floor":9,"key":"Gremlin Horn"},{"floor":10,"key":"Bird Faced Urn"},{"floor":19,"key":"Red Mask"}],"event_choices":[{"damage_healed":0,"gold_gain":0,"player_choice":"Take Wound","damage_taken":0,"relics_obtained":["Golden Idol"],"max_hp_gain":0,"max_hp_loss":0,"event_name":"Golden Idol","floor":8,"gold_loss":0,"cards_obtained":["Injury"]},{"damage_healed":17,"gold_gain":0,"player_choice":"Healed and dodged fight","damage_taken":0,"max_hp_gain":0,"max_hp_loss":0,"event_name":"Mushrooms","floor":12,"gold_loss":0,"cards_obtained":["Parasite"]},{"damage_healed":0,"gold_gain":0,"player_choice":"Entered Light","damage_taken":21,"max_hp_gain":0,"max_hp_loss":0,"event_name":"Shining Light","floor":14,"gold_loss":0,"cards_upgraded":["Leap","Strike_B"]},{"damage_healed":0,"gold_gain":0,"player_choice":"Fought Bandits","damage_taken":0,"max_hp_gain":0,"max_hp_loss":0,"event_name":"Masked Bandits","floor":19,"gold_loss":0},{"damage_healed":0,"gold_gain":0,"player_choice":"Ignored","damage_taken":0,"max_hp_gain":0,"max_hp_loss":0,"event_name":"Vampires","floor":20,"gold_loss":0},{"damage_healed":0,"gold_gain":0,"player_choice":"Gave Idol","damage_taken":0,"relics_obtained":["Bloody Idol"],"max_hp_gain":0,"max_hp_loss":0,"event_name":"Forgotten Altar","floor":21,"relics_lost":["Golden Idol"],"gold_loss":0}],"is_beta":false,"boss_relics":[{"not_picked":["Fusion Hammer","Runic Pyramid"],"picked":"Cursed Key"}],"items_purged_floors":[13],"is_endless":false,"potions_floor_spawned":[3,5,11,16],"killed_by":"Slavers","ascension_level":20}