{"gold_per_floor":[117,117,135,150,170,202,216,244,244,244,8,8,28,41,41,41],"floor_reached":16,"playtime":506,"items_purged":[],"score":114,"play_id":"633e4197-9766-448a-b5da-27fe260b4da3","local_time":"20190503230022","is_ascension_mode":false,"campfire_choices":[{"floor":12,"key":"REST"},{"data":"Limit Break","floor":15,"key":"SMITH"}],"neow_cost":"NONE","seed_source_timestamp":443204344223741,"circlet_count":0,"master_deck":["Strike_R","Strike_R","Strike_R","Strike_R","Strike_R","Defend_R","Defend_R","Defend_R","Defend_R","Bash+1","Cleave","Shrug It Off","Spot Weakness","Limit Break+1","Rampage","Thunderclap","Carnage"],"relics":["Burning Blood","Blue Candle","Orichalcum","Paper Frog"],"potions_floor_usage":[8,13],"damage_taken":[{"damage":5,"enemies":"2 Louse","floor":1,"turns":4},{"damage":6,"enemies":"Cultist","floor":3,"turns":3},{"damage":6,"enemies":"Jaw Worm","floor":4,"turns":3},{"damage":11,"enemies":"3 Louse","floor":5,"turns":3},{"damage":34,"enemies":"Gremlin Nob","floor":6,"turns":5},{"damage":4,"enemies":"Blue Slaver","floor":7,"turns":5},{"damage":50,"enemies":"Lagavulin","floor":8,"turns":9},{"damage":21,"enemies":"Exordium Thugs","floor":13,"turns":5},{"damage":12,"enemies":"Exordium Wildlife","floor":14,"turns":4},{"damage":36,"enemies":"Slime Boss","floor":16,"turns":7}],"seed_played":"8366557666204150955","potions_obtained":[{"floor":4,"key":"EssenceOfSteel"},{"floor":6,"key":"Swift Potion"}],"is_trial":false,"path_per_floor":["M","?","M","M","M","E","M","E","T","?","$","R","M","M","R","B"],"character_chosen":"IRONCLAD","items_purchased":["Limit Break","Rampage"],"campfire_rested":1,"item_purchase_floors":[11,11],"current_hp_per_floor":[80,90,90,90,85,57,59,15,15,15,15,42,27,21,21,0],"gold":41,"neow_bonus":"ONE_RANDOM_RARE_CARD","is_prod":false,"is_daily":false,"chose_seed":false,"campfire_upgraded":1,"win_rate":0,"timestamp":1556938822,"path_taken":["M","?","?","M","M","E","M","E","T","?","$","R","M","M","R","BOSS"],"build_version":"2019-01-23","purchased_purges":0,"victory":false,"max_hp_per_floor":[80,90,90,90,90,90,90,90,90,90,90,90,90,90,90,90],"card_choices":[{"not_picked":["Iron Wave","Disarm","Evolve"],"picked":"SKIP","floor":1},{"not_picked":["Shrug It Off","Dropkick"],"picked":"Cleave","floor":3},{"not_picked":["Cleave","Metallicize","Power Through"],"picked":"SKIP","floor":4},{"not_picked":["True Grit","Anger"],"picked":"Shrug It Off","floor":5},{"not_picked":["Twin Strike","Feel No Pain","Headbutt"],"picked":"SKIP","floor":6},{"not_picked":["Fire Breathing","Perfected Strike","Twin Strike"],"picked":"SKIP","floor":7},{"not_picked":["Shockwave","Inflame"],"picked":"Spot Weakness","floor":8},{"not_picked":["Second Wind","Evolve"],"picked":"Thunderclap","floor":13},{"not_picked":["Entrench","Clothesline"],"picked":"Carnage","floor":14}],"player_experience":653991,"relics_obtained":[{"floor":6,"key":"Blue Candle"},{"floor":8,"key":"Orichalcum"},{"floor":9,"key":"Paper Frog"}],"event_choices":[{"cards_removed":["Berserk"],"damage_healed":0,"gold_gain":0,"player_choice":"Offered Rare","damage_taken":0,"max_hp_gain":10,"max_hp_loss":0,"event_name":"Bonfire Elementals","floor":2,"gold_loss":0},{"damage_healed":0,"gold_gain":0,"player_choice":"Grow","damage_taken":0,"max_hp_gain":0,"max_hp_loss":0,"event_name":"Living Wall","floor":10,"gold_loss":0,"cards_upgraded":["Bash"]}],"is_beta":false,"boss_relics":[],"items_purged_floors":[],"is_endless":false,"potions_floor_spawned":[4,6],"killed_by":"Slime Boss","ascension_level":0}