{"gold_per_floor":[113,113,127,127,137,169,169,182,209,227,26,26,85,118,118,216,216,236,236,248,4,14,14],"floor_reached":23,"playtime":2541,"items_purged":["Defend_G","Defend_G"],"score":226,"play_id":"7bf8f27a-3584-492c-88a1-b8fa19049cda","local_time":"20190430203224","is_ascension_mode":false,"campfire_choices":[{"floor":7,"key":"REST"},{"floor":15,"key":"REST"}],"neow_cost":"NONE","seed_source_timestamp":211167263983095,"circlet_count":0,"master_deck":["Defend_G","Defend_G","Survivor","Neutralize","Dash","Finisher","Quick Slash","Bouncing Flask","Well Laid Plans","Cloak And Dagger","Infinite Blades","Bane","Infinite Blades","Envenom","Poisoned Stab","Bite","Bite","Bite","Bite","Bite","Quick Slash","Slice"],"relics":["Ring of the Snake","Omamori","Bronze Scales","Happy Flower","Snake Skull","Question Card","WristBlade","Blood Vial"],"potions_floor_usage":[6,13,13,16,16,18,23],"damage_taken":[{"damage":0,"enemies":"2 Louse","floor":1,"turns":3},{"damage":0,"enemies":"Jaw Worm","floor":3,"turns":4},{"damage":0,"enemies":"Small Slimes","floor":5,"turns":3},{"damage":17,"enemies":"Lagavulin","floor":6,"turns":9},{"damage":2,"enemies":"Blue Slaver","floor":8,"turns":3},{"damage":5,"enemies":"2 Fungi Beasts","floor":10,"turns":3},{"damage":11,"enemies":"3 Sentries","floor":13,"turns":4},{"damage":28,"enemies":"Gremlin Nob","floor":14,"turns":4},{"damage":19,"enemies":"Slime Boss","floor":16,"turns":11},{"damage":35,"enemies":"2 Thieves","floor":18,"turns":3},{"damage":6,"enemies":"Chosen","floor":20,"turns":4},{"damage":25,"enemies":"3 Cultists","floor":22,"turns":5},{"damage":35,"enemies":"Slavers","floor":23,"turns":2}],"seed_played":"-4020698043590147294","potions_obtained":[{"floor":3,"key":"EssenceOfSteel"},{"floor":8,"key":"LiquidBronze"},{"floor":10,"key":"SpeedPotion"},{"floor":14,"key":"Weak Potion"},{"floor":16,"key":"FearPotion"},{"floor":20,"key":"Swift Potion"}],"is_trial":false,"path_per_floor":["M","?","M","?","M","E","R","M","T","M","$","?","?","E","R","B",null,"M","?","M","$","M","E"],"character_chosen":"THE_SILENT","items_purchased":["Infinite Blades","Explosive Potion","Blood Vial"],"campfire_rested":2,"item_purchase_floors":[11,11,21],"current_hp_per_floor":[70,63,63,68,68,51,73,71,71,66,66,66,55,27,49,30,75,40,40,42,42,31,0],"gold":14,"neow_bonus":"RANDOM_COMMON_RELIC","is_prod":false,"is_daily":false,"chose_seed":false,"campfire_upgraded":0,"win_rate":0.0,"timestamp":1556681544,"path_taken":["M","?","M","?","M","E","R","M","T","M","$","?","?","E","R","BOSS","M","?","M","$","M","E"],"build_version":"2019-01-23","purchased_purges":2,"victory":false,"max_hp_per_floor":[70,70,70,75,75,75,75,75,75,75,75,75,75,75,75,75,75,75,52,52,52,52,52],"card_choices":[{"not_picked":["Dagger Spray","Slice"],"picked":"Dash","floor":1},{"not_picked":["Prepared","Caltrops"],"picked":"Finisher","floor":3},{"not_picked":["PiercingWail","Dagger Throw"],"picked":"Quick Slash","floor":5},{"not_picked":["Finisher","Storm of Steel"],"picked":"Bouncing Flask","floor":6},{"not_picked":["Predator","Underhanded Strike"],"picked":"Well Laid Plans","floor":8},{"not_picked":["Bane","Sucker Punch"],"picked":"Cloak And Dagger","floor":10},{"not_picked":["PiercingWail","Deflect"],"picked":"Bane","floor":13},{"not_picked":["Dodge and Roll","Flying Knee"],"picked":"Infinite Blades","floor":14},{"not_picked":["After Image","Night Terror","Bullet Time"],"picked":"Envenom","floor":16},{"not_picked":["Dagger Spray+1","Dodge and Roll","Finisher+1"],"picked":"Poisoned Stab","floor":18},{"not_picked":["Tactician","Well Laid Plans","Dagger Throw"],"picked":"Quick Slash","floor":20},{"not_picked":["Quick Slash","Infinite Blades+1","Dagger Spray"],"picked":"Slice","floor":22}],"player_experience":79391,"relics_obtained":[{"floor":6,"key":"Bronze Scales"},{"floor":9,"key":"Happy Flower"},{"floor":13,"key":"Snake Skull"},{"floor":14,"key":"Question Card"}],"event_choices":[{"cards_removed":["Defend_G"],"damage_healed":0,"gold_gain":0,"player_choice":"Card Removal","damage_taken":7,"max_hp_gain":0,"max_hp_loss":0,"event_name":"Golden Wing","floor":2,"gold_loss":0},{"damage_healed":0,"gold_gain":0,"player_choice":"Donut","damage_taken":0,"max_hp_gain":5,"max_hp_loss":0,"event_name":"Big Fish","floor":4,"gold_loss":0},{"damage_healed":0,"gold_gain":0,"player_choice":"Leave","damage_taken":0,"max_hp_gain":0,"max_hp_loss":0,"event_name":"The Cleric","floor":12,"gold_loss":0},{"damage_healed":0,"gold_gain":0,"player_choice":"Searched \u00272\u0027 times","damage_taken":0,"max_hp_gain":0,"max_hp_loss":0,"event_name":"Dead Adventurer","floor":13,"gold_loss":0},{"damage_healed":0,"gold_gain":0,"player_choice":"Became a vampire","damage_taken":0,"max_hp_gain":0,"max_hp_loss":23,"event_name":"Vampires","floor":19,"gold_loss":0,"cards_obtained":["Bite","Bite","Bite","Bite","Bite"]}],"is_beta":false,"boss_relics":[{"not_picked":["Orrery","Runic Dome"],"picked":"WristBlade"}],"items_purged_floors":[11,21],"is_endless":false,"potions_floor_spawned":[3,8,10,14,16,20],"killed_by":"Slavers","ascension_level":0}