{"gold_per_floor":[109,59,78,78,92,92,125,125,125,139,164,175,175,192,192,297,297,313,331,348,192,27,27,52,52,102,117,117,117,127,159,159,264,264,284,284,301,77,132,132,151,151,151,168,182,193,208,208,208,208],"floor_reached":50,"playtime":3296,"items_purged":["Defend_R","Defend_R"],"score":520,"play_id":"e12fd235-154b-4d05-9e53-e344ca8e4a49","local_time":"20190429022030","is_ascension_mode":false,"campfire_choices":[{"data":"Bash","floor":6,"key":"SMITH"},{"floor":8,"key":"REST"},{"floor":15,"key":"REST"},{"data":"Shrug It Off","floor":23,"key":"SMITH"},{"data":"Entrench","floor":25,"key":"SMITH"},{"data":"Limit Break","floor":28,"key":"SMITH"},{"data":"Bludgeon","floor":32,"key":"SMITH"},{"data":"Bloodletting","floor":40,"key":"SMITH"},{"data":"Body Slam","floor":42,"key":"SMITH"},{"data":"Whirlwind","floor":49,"key":"SMITH"}],"neow_cost":"NONE","seed_source_timestamp":58499705626878,"circlet_count":0,"master_deck":["Strike_R","Strike_R","Strike_R","Defend_R","Defend_R","Bash+1","Heavy Blade","Anger","Shrug It Off+1","Headbutt","Inflame","Double Tap","Bloodletting+1","Shrug It Off+1","Entrench+1","Limit Break+1","Master of Strategy","Bludgeon+1","Shrug It Off","Dropkick+1","Uppercut","Offering","Ghostly Armor+1","Seeing Red+1","Flex","Whirlwind+1","Headbutt","Body Slam+1","Wild Strike","Juggernaut","Burning Pact+1","Flame Barrier"],"relics":["Burning Blood","Darkstone Periapt","Boot","Meat on the Bone","Bag of Preparation","FaceOfCleric","Coffee Dripper","Red Skull","Vajra","Bottled Flame","White Beast Statue","Ginger","Dream Catcher","Spirit Poop"],"potions_floor_usage":[7,11,14,31,31,33,39,39,47,47,50,50],"damage_taken":[{"damage":7,"enemies":"Small Slimes","floor":1,"turns":4},{"damage":6,"enemies":"Cultist","floor":3,"turns":3},{"damage":5,"enemies":"2 Louse","floor":5,"turns":2},{"damage":14,"enemies":"Gremlin Nob","floor":7,"turns":3},{"damage":4,"enemies":"2 Fungi Beasts","floor":10,"turns":3},{"damage":31,"enemies":"3 Sentries","floor":11,"turns":6},{"damage":4,"enemies":"Looter","floor":12,"turns":4},{"damage":3,"enemies":"Gremlin Gang","floor":14,"turns":4},{"damage":18,"enemies":"Slime Boss","floor":16,"turns":8},{"damage":13,"enemies":"Shell Parasite","floor":18,"turns":5},{"damage":8,"enemies":"Chosen","floor":19,"turns":3},{"damage":17,"enemies":"3 Cultists","floor":20,"turns":5},{"damage":26,"enemies":"Book of Stabbing","floor":24,"turns":5},{"damage":14,"enemies":"Snecko","floor":27,"turns":4},{"damage":2,"enemies":"Snake Plant","floor":30,"turns":2},{"damage":11,"enemies":"Gremlin Leader","floor":31,"turns":6},{"damage":36,"enemies":"Automaton","floor":33,"turns":6},{"damage":16,"enemies":"Orb Walker","floor":35,"turns":4},{"damage":28,"enemies":"3 Shapes","floor":37,"turns":3},{"damage":27,"enemies":"2 Orb Walkers","floor":39,"turns":4},{"damage":13,"enemies":"Transient","floor":41,"turns":5},{"damage":5,"enemies":"Jaw Worm Horde","floor":44,"turns":3},{"damage":13,"enemies":"Sphere and 2 Shapes","floor":45,"turns":4},{"damage":29,"enemies":"4 Shapes","floor":46,"turns":4},{"damage":3,"enemies":"Writhing Mass","floor":47,"turns":3},{"damage":66,"enemies":"Time Eater","floor":50,"turns":6}],"seed_played":"-5916071247189921645","potions_obtained":[{"floor":3,"key":"SkillPotion"},{"floor":5,"key":"Strength Potion"},{"floor":11,"key":"SpeedPotion"},{"floor":12,"key":"Energy Potion"},{"floor":16,"key":"Poison Potion"},{"floor":19,"key":"Strength Potion"},{"floor":33,"key":"PowerPotion"},{"floor":35,"key":"FearPotion"},{"floor":37,"key":"Explosive Potion"},{"floor":39,"key":"LiquidBronze"},{"floor":41,"key":"LiquidBronze"},{"floor":44,"key":"FearPotion"},{"floor":45,"key":"EssenceOfSteel"},{"floor":47,"key":"Poison Potion"}],"is_trial":false,"path_per_floor":["M","?","M","?","M","R","E","R","T","M","E","M","?","M","R","B",null,"M","M","M","$","$","R","E","R","T","M","R","?","M","E","R","B",null,"M","?","M","$","?","R","M","R","T","M","M","M","M","?","R","B"],"character_chosen":"IRONCLAD","items_purchased":["Limit Break","Master of Strategy","Flex","Whirlwind"],"campfire_rested":2,"item_purchase_floors":[21,22,38,38],"current_hp_per_floor":[79,79,79,54,55,55,47,71,71,73,48,50,50,54,78,67,82,76,75,65,65,65,65,58,58,58,51,51,42,59,55,55,38,90,81,81,60,60,52,52,58,58,58,60,66,56,66,66,66,0],"gold":208,"neow_bonus":"REMOVE_CARD","is_prod":false,"is_daily":false,"chose_seed":false,"campfire_upgraded":8,"win_rate":0.0,"timestamp":1556529630,"path_taken":["M","?","M","?","M","R","E","R","T","M","E","M","?","M","R","BOSS","M","M","M","?","$","R","E","R","T","M","R","?","M","E","R","BOSS","M","?","M","$","?","R","M","R","T","M","M","M","M","?","R","BOSS"],"build_version":"2019-01-23","purchased_purges":2,"victory":false,"max_hp_per_floor":[80,80,80,80,80,80,80,80,80,80,80,80,80,81,81,82,82,83,84,85,85,85,85,86,86,86,87,87,87,88,89,89,90,90,91,91,92,92,93,93,94,94,94,95,96,97,104,101,101,101],"card_choices":[{"not_picked":["Havoc","Corruption"],"picked":"Heavy Blade","floor":1},{"not_picked":["Havoc","Bloodletting"],"picked":"Anger","floor":3},{"not_picked":["Inflame","Havoc"],"picked":"Shrug It Off","floor":5},{"not_picked":["Sword Boomerang","Warcry"],"picked":"Headbutt","floor":7},{"not_picked":["True Grit","Dual Wield","Evolve"],"picked":"SKIP","floor":10},{"not_picked":["Exhume","Clash","Body Slam"],"picked":"SKIP","floor":11},{"not_picked":["Hemokinesis","Clash","Second Wind"],"picked":"SKIP","floor":12},{"not_picked":["Disarm","Body Slam"],"picked":"Inflame","floor":14},{"not_picked":["Barricade","Berserk"],"picked":"Double Tap","floor":16},{"not_picked":["Thunderclap+1","Twin Strike"],"picked":"Bloodletting","floor":18},{"not_picked":["Anger+1","Cleave"],"picked":"Shrug It Off+1","floor":19},{"not_picked":["Twin Strike","Clash"],"picked":"Entrench","floor":20},{"not_picked":["Bloodletting+1","Armaments"],"picked":"Bludgeon","floor":24},{"not_picked":["Clothesline+1","Wild Strike"],"picked":"Shrug It Off","floor":27},{"not_picked":["Sword Boomerang","Iron Wave"],"picked":"Dropkick+1","floor":30},{"not_picked":["True Grit+1","Power Through"],"picked":"Uppercut","floor":31},{"not_picked":["Exhume","Fiend Fire"],"picked":"Offering","floor":33},{"not_picked":["Battle Trance+1","Clothesline"],"picked":"Ghostly Armor+1","floor":35},{"not_picked":["Armaments","Reckless Charge+1"],"picked":"Seeing Red+1","floor":37},{"not_picked":["Infernal Blade","Clothesline+1"],"picked":"Headbutt","floor":39},{"not_picked":["Combust","Second Wind+1"],"picked":"Body Slam","floor":41},{"not_picked":["Clothesline+1","Burning Pact"],"picked":"Wild Strike","floor":44},{"not_picked":["Entrench","Cleave"],"picked":"Juggernaut","floor":45},{"not_picked":["Shockwave+1","Heavy Blade+1"],"picked":"Burning Pact+1","floor":46},{"not_picked":["Perfected Strike+1","Pommel Strike"],"picked":"Flame Barrier","floor":47}],"player_experience":50290,"relics_obtained":[{"floor":7,"key":"Boot"},{"floor":9,"key":"Meat on the Bone"},{"floor":11,"key":"Bag of Preparation"},{"floor":24,"key":"Red Skull"},{"floor":26,"key":"Vajra"},{"floor":31,"key":"Bottled Flame"},{"floor":39,"key":"Ginger"},{"floor":43,"key":"Dream Catcher"}],"event_choices":[{"cards_removed":["Strike_R"],"damage_healed":0,"gold_gain":0,"player_choice":"Card Removal","damage_taken":0,"max_hp_gain":0,"max_hp_loss":0,"event_name":"The Cleric","floor":2,"gold_loss":50},{"damage_healed":0,"gold_gain":0,"player_choice":"Success","damage_taken":25,"relics_obtained":["Darkstone Periapt"],"max_hp_gain":0,"max_hp_loss":0,"event_name":"Scrap Ooze","floor":4,"gold_loss":0},{"damage_healed":0,"gold_gain":0,"player_choice":"Trade","damage_taken":0,"relics_obtained":["FaceOfCleric"],"max_hp_gain":0,"max_hp_loss":0,"event_name":"FaceTrader","floor":13,"gold_loss":0},{"damage_healed":0,"gold_gain":0,"player_choice":"Stopped","damage_taken":9,"max_hp_gain":0,"max_hp_loss":0,"event_name":"Cursed Tome","floor":29,"gold_loss":0},{"damage_healed":0,"gold_gain":0,"player_choice":"Ignored","damage_taken":0,"max_hp_gain":0,"max_hp_loss":0,"event_name":"Tomb of Lord Red Mask","floor":36,"gold_loss":0},{"damage_healed":0,"gold_gain":0,"player_choice":"Fight","damage_taken":0,"max_hp_gain":0,"max_hp_loss":0,"event_name":"Mysterious Sphere","floor":39,"gold_loss":0},{"cards_removed":["Parasite"],"damage_healed":0,"gold_gain":0,"player_choice":"Offered Curse","damage_taken":0,"relics_obtained":["Spirit Poop"],"max_hp_gain":0,"max_hp_loss":0,"event_name":"Bonfire Elementals","floor":48,"gold_loss":0}],"is_beta":false,"boss_relics":[{"not_picked":["Black Star","Runic Dome"],"picked":"Coffee Dripper"},{"not_picked":["Snecko Eye","Fusion Hammer"],"picked":"White Beast Statue"}],"items_purged_floors":[21,38],"is_endless":false,"potions_floor_spawned":[3,5,11,12,16,19,24,27,33,35,37,39,41,44,45,46,47],"killed_by":"Time Eater","ascension_level":0}