{"gold_per_floor":[111,111,127,127,15,15,41,54,54,54,54,84,8,0,0,99,99,111,111,123,48,48,79,29,48,48,62,62,12,12,23,23,128,128,144,161,161,161,9,44,44,55,55,74,74,91,105,27,27,27],"floor_reached":51,"playtime":2780,"items_purged":["Defend_G","Strike_G","Defend_G","Strike_G","Reflex+1"],"score":899,"play_id":"10be3811-005b-4a5b-96c9-757a477349c3","local_time":"20190209164049","is_ascension_mode":true,"campfire_choices":[{"data":"Caltrops","floor":6,"key":"SMITH"},{"data":"Footwork","floor":15,"key":"SMITH"},{"data":"Footwork","floor":28,"key":"SMITH"},{"data":"Blur","floor":30,"key":"SMITH"},{"data":"Choke","floor":32,"key":"SMITH"},{"floor":41,"key":"REST"},{"floor":45,"key":"REST"},{"floor":49,"key":"REST"}],"neow_cost":"NONE","seed_source_timestamp":804107900678854,"circlet_count":0,"master_deck":["Defend_G","Defend_G+1","Strike_G+1","Survivor","Neutralize","Caltrops+1","Backflip","Footwork+1","Dagger Spray","Terror","Caltrops","Deflect","Choke+1","Bullet Time","Footwork+1","After Image","Blur+1","Dash","Adrenaline","Blur","Blur+1","Dash","Footwork+1","Noxious Fumes","Prepared","Neutralize","Backstab","Acrobatics","Deadly Poison+1","Caltrops"],"relics":["Ring of the Snake","NeowsBlessing","The Courier","Happy Flower","Smiling Mask","Runic Pyramid","WingedGreaves","Torii","Anchor","Orrery","Pen Nib","Paper Crane"],"potions_floor_usage":[25,33,33,50,50,50],"damage_taken":[{"damage":0,"enemies":"Small Slimes","floor":1,"turns":1},{"damage":0,"enemies":"2 Louse","floor":3,"turns":1},{"damage":0,"enemies":"3 Sentries","floor":7,"turns":2},{"damage":0,"enemies":"Cultist","floor":8,"turns":4},{"damage":20,"enemies":"Gremlin Nob","floor":12,"turns":4},{"damage":1,"enemies":"Looter","floor":14,"turns":4},{"damage":2,"enemies":"The Guardian","floor":16,"turns":9},{"damage":0,"enemies":"Shell Parasite","floor":18,"turns":3},{"damage":0,"enemies":"Chosen","floor":20,"turns":5},{"damage":11,"enemies":"Gremlin Leader","floor":23,"turns":7},{"damage":1,"enemies":"Snake Plant","floor":25,"turns":4},{"damage":8,"enemies":"Shelled Parasite and Fungi","floor":27,"turns":6},{"damage":0,"enemies":"Centurion and Healer","floor":31,"turns":6},{"damage":0,"enemies":"Automaton","floor":33,"turns":10},{"damage":0,"enemies":"Orb Walker","floor":35,"turns":5},{"damage":14,"enemies":"3 Shapes","floor":36,"turns":7},{"damage":25,"enemies":"Giant Head","floor":40,"turns":16},{"damage":0,"enemies":"Writhing Mass","floor":42,"turns":6},{"damage":29,"enemies":"4 Shapes","floor":44,"turns":5},{"damage":8,"enemies":"Spire Growth","floor":46,"turns":6},{"damage":1,"enemies":"Sphere and 2 Shapes","floor":47,"turns":7},{"damage":20,"enemies":"Time Eater","floor":50,"turns":12}],"seed_played":"5187400281370214843","potions_obtained":[{"floor":1,"key":"FearPotion"},{"floor":7,"key":"Energy Potion"},{"floor":12,"key":"Energy Potion"},{"floor":31,"key":"Explosive Potion"},{"floor":33,"key":"Dexterity Potion"},{"floor":35,"key":"LiquidBronze"}],"is_trial":false,"path_per_floor":["M","?","M","?","$","R","E","M","T","$","?","E","$","M","R","B",null,"M","?","M","?","T","E","$","M","T","M","R","$","R","M","R","B",null,"M","M","?","?","$","E","R","M","T","M","R","M","M","$","R","B",null],"character_chosen":"THE_SILENT","items_purchased":["Footwork","Caltrops","Deflect","Backstab","Acrobatics","Caltrops"],"campfire_rested":3,"item_purchase_floors":[5,13,13,39,39,48],"current_hp_per_floor":[70,56,56,49,49,49,49,49,49,49,70,50,50,49,49,47,70,70,70,70,70,70,59,59,58,58,50,50,50,50,50,50,50,70,70,56,56,56,56,31,52,52,52,23,44,36,35,35,56,36],"gold":27,"neow_bonus":"THREE_ENEMY_KILL","is_prod":false,"is_daily":false,"chose_seed":false,"campfire_upgraded":5,"win_rate":0,"timestamp":1549748449,"path_taken":["M","?","M","?","$","R","E","M","T","$","?","E","$","M","R","BOSS","M","?","M","?","?","E","$","M","T","?","R","$","R","M","R","BOSS","M","?","?","?","$","E","R","M","T","M","R","?","M","?","R","BOSS"],"build_version":"2019-01-23","purchased_purges":5,"victory":true,"max_hp_per_floor":[70,70,70,70,70,70,70,70,70,70,70,70,70,70,70,70,70,70,70,70,70,70,70,70,70,70,70,70,70,70,70,70,70,70,70,70,70,70,70,70,70,70,70,70,70,70,70,70,70,70],"card_choices":[{"not_picked":["Deadly Poison","Concentrate"],"picked":"Caltrops","floor":1},{"not_picked":["Underhanded Strike","Predator"],"picked":"Backflip","floor":3},{"not_picked":["Dash","Bane"],"picked":"Dagger Spray","floor":7},{"not_picked":["Slice","Poisoned Stab"],"picked":"Terror","floor":8},{"not_picked":["Deadly Poison","Blade Dance","Phantasmal Killer"],"picked":"SKIP","floor":12},{"not_picked":["Poisoned Stab","Dagger Throw"],"picked":"Choke","floor":14},{"not_picked":["After Image","Venomology"],"picked":"Bullet Time","floor":16},{"not_picked":["Dagger Spray+1","Terror+1"],"picked":"Footwork","floor":18},{"not_picked":["Dagger Spray","Eviscerate","Setup"],"picked":"SKIP","floor":20},{"not_picked":["Infinite Blades+1","Skewer"],"picked":"After Image","floor":23},{"not_picked":["Dagger Spray","Riddle With Holes","Bane+1"],"picked":"SKIP","floor":25},{"not_picked":["Dash","Bane"],"picked":"Blur","floor":27},{"not_picked":["Blur","All Out Attack"],"picked":"Dash","floor":31},{"not_picked":["Burst","Venomology"],"picked":"Adrenaline","floor":33},{"not_picked":["Riddle With Holes","Dagger Throw"],"picked":"Dagger Spray","floor":34},{"not_picked":["Cloak And Dagger+1","Riddle With Holes"],"picked":"Reflex+1","floor":34},{"not_picked":["Expertise+1","Dash"],"picked":"Blur","floor":34},{"not_picked":["Sucker Punch","Cloak And Dagger"],"picked":"Blur+1","floor":34},{"not_picked":["Deadly Poison+1","Caltrops+1"],"picked":"Dash","floor":34},{"not_picked":["A Thousand Cuts","Calculated Gamble"],"picked":"Footwork+1","floor":35},{"not_picked":["Blur+1","Blade Dance"],"picked":"Noxious Fumes","floor":36},{"not_picked":["Dash+1","Infinite Blades+1"],"picked":"Deadly Poison+1","floor":40},{"not_picked":["Acrobatics","Dodge and Roll+1","Prepared"],"picked":"SKIP","floor":42},{"not_picked":["Outmaneuver","Deadly Poison+1","Crippling Poison+1"],"picked":"SKIP","floor":44},{"not_picked":["Blade Dance","Choke","Infinite Blades+1"],"picked":"SKIP","floor":46},{"not_picked":["All Out Attack","Underhanded Strike","Well Laid Plans+1"],"picked":"SKIP","floor":47}],"player_experience":193854,"relics_obtained":[{"floor":7,"key":"The Courier"},{"floor":9,"key":"Happy Flower"},{"floor":12,"key":"Smiling Mask"},{"floor":22,"key":"WingedGreaves"},{"floor":23,"key":"Torii"},{"floor":26,"key":"Anchor"},{"floor":40,"key":"Pen Nib"},{"floor":43,"key":"Paper Crane"}],"event_choices":[{"damage_healed":0,"gold_gain":0,"player_choice":"Entered Light","damage_taken":14,"max_hp_gain":0,"max_hp_loss":0,"event_name":"Shining Light","floor":2,"gold_loss":0,"cards_upgraded":["Strike_G","Defend_G"]},{"cards_removed":["Strike_G"],"damage_healed":0,"gold_gain":0,"player_choice":"Card Removal","damage_taken":7,"max_hp_gain":0,"max_hp_loss":0,"event_name":"Golden Wing","floor":4,"gold_loss":0},{"damage_healed":21,"gold_gain":0,"player_choice":"Full Heal","damage_taken":0,"max_hp_gain":0,"max_hp_loss":0,"event_name":"Wheel of Change","floor":11,"gold_loss":0},{"cards_removed":["Strike_G"],"damage_healed":0,"gold_gain":0,"player_choice":"Elegance","damage_taken":0,"max_hp_gain":0,"max_hp_loss":0,"event_name":"Back to Basics","floor":19,"gold_loss":0},{"cards_removed":["Defend_G"],"damage_healed":0,"gold_gain":0,"player_choice":"Gave Gold","damage_taken":0,"max_hp_gain":0,"max_hp_loss":0,"event_name":"Beggar","floor":21,"gold_loss":75},{"cards_removed":["Dagger Spray"],"damage_healed":0,"gold_gain":0,"player_choice":"Removed Attack","damage_taken":0,"max_hp_gain":0,"max_hp_loss":0,"event_name":"Falling","floor":37,"gold_loss":0},{"damage_healed":0,"gold_gain":0,"player_choice":"2 cards matched","damage_taken":0,"max_hp_gain":0,"max_hp_loss":0,"event_name":"Match and Keep!","floor":38,"gold_loss":0,"cards_obtained":["Prepared","Neutralize"]}],"is_beta":false,"boss_relics":[{"not_picked":["Pandora\u0027s Box","Tiny House"],"picked":"Runic Pyramid"},{"not_picked":["Lizard Tail","WristBlade"],"picked":"Orrery"}],"items_purged_floors":[5,24,29,39,48],"is_endless":false,"potions_floor_spawned":[1,7,12,16,18,20,31,33,35,40,46],"ascension_level":4}