{"gold_per_floor":[18,31,48,65,65,65,65,100,100,100,132,132,147,162,162,162],"floor_reached":16,"playtime":1013,"items_purged":[],"score":151,"play_id":"a782c718-396c-4c67-851c-1dee70215b1a","local_time":"20190624203853","is_ascension_mode":true,"campfire_choices":[{"data":"Noxious Fumes","floor":6,"key":"SMITH"},{"floor":12,"key":"REST"},{"floor":15,"key":"REST"}],"neow_cost":"NO_GOLD","seed_source_timestamp":6034811014146177,"circlet_count":0,"master_deck":["Defend_G","Defend_G","Defend_G","Defend_G","Strike_G","Strike_G","Strike_G","Strike_G","Survivor","Neutralize","Noxious Fumes+1","Deflect","Backflip","Acrobatics","Tactician","Calculated Gamble"],"relics":["Ring of the Snake","Meat on the Bone","Kunai","Blue Candle"],"potions_floor_usage":[11,11,16],"damage_taken":[{"damage":0,"enemies":"Cultist","floor":1,"turns":5},{"damage":2,"enemies":"Small Slimes","floor":2,"turns":5},{"damage":2,"enemies":"Jaw Worm","floor":3,"turns":5},{"damage":6,"enemies":"3 Louse","floor":4,"turns":4},{"damage":21,"enemies":"Lagavulin","floor":8,"turns":10},{"damage":25,"enemies":"Gremlin Nob","floor":11,"turns":5},{"damage":27,"enemies":"Large Slime","floor":13,"turns":8},{"damage":2,"enemies":"Blue Slaver","floor":14,"turns":5},{"damage":59,"enemies":"Slime Boss","floor":16,"turns":12}],"seed_played":"-8994050680419861003","potions_obtained":[{"floor":1,"key":"Strength Potion"},{"floor":2,"key":"LiquidBronze"},{"floor":3,"key":"SpeedPotion"}],"is_trial":false,"path_per_floor":["M","M","M","M","$","R","$","E","T","?","E","R","M","M","R","B"],"character_chosen":"THE_SILENT","items_purchased":[],"campfire_rested":2,"item_purchase_floors":[],"current_hp_per_floor":[63,61,59,53,53,53,53,32,32,32,19,40,25,35,56,0],"gold":162,"neow_bonus":"REMOVE_TWO","is_prod":false,"is_daily":false,"chose_seed":false,"campfire_upgraded":1,"win_rate":0,"timestamp":1561426733,"path_taken":["M","M","M","?","$","R","?","E","T","?","E","R","M","M","R","BOSS"],"build_version":"2019-01-23","purchased_purges":0,"victory":false,"max_hp_per_floor":[70,70,70,70,70,70,70,70,70,70,70,70,70,70,70,70],"card_choices":[{"not_picked":["Tactician","Terror"],"picked":"Noxious Fumes","floor":1},{"not_picked":["Backflip","Distraction"],"picked":"Deflect","floor":2},{"not_picked":["Finisher","PiercingWail"],"picked":"Backflip","floor":3},{"not_picked":["Underhanded Strike","Tactician"],"picked":"Acrobatics","floor":4},{"not_picked":["Terror","Predator","Heel Hook"],"picked":"SKIP","floor":8},{"not_picked":["Cloak And Dagger","Caltrops"],"picked":"Tactician","floor":11},{"not_picked":["Masterful Stab","Well Laid Plans","Eviscerate"],"picked":"SKIP","floor":13},{"not_picked":["Distraction","Accuracy"],"picked":"Calculated Gamble","floor":14}],"player_experience":177993,"relics_obtained":[{"floor":8,"key":"Meat on the Bone"},{"floor":9,"key":"Kunai"},{"floor":11,"key":"Blue Candle"}],"event_choices":[{"damage_healed":0,"gold_gain":0,"player_choice":"Ignored","damage_taken":0,"max_hp_gain":0,"max_hp_loss":0,"event_name":"Shining Light","floor":10,"gold_loss":0}],"is_beta":false,"boss_relics":[],"items_purged_floors":[],"is_endless":false,"potions_floor_spawned":[1,2,3],"killed_by":"Slime Boss","ascension_level":7}