{"gold_per_floor":[114,114,126,153,165,211,69,101,150,150,178,23,23,33,33,109,109,122,71,85,85,0,28,28,38,38,38,70,70,81,6,6,78,78,95,95,106,130,130,157,157,174,254,285,285,205,105,125,125,125],"floor_reached":51,"playtime":1725,"items_purged":["Normality","Pain","Doubt"],"score":1294,"play_id":"01bbd8dc-0955-4ff9-9cc1-05ca064b8f47","local_time":"20190320143251","is_ascension_mode":true,"campfire_choices":[{"floor":13,"key":"REST"},{"data":"Heavy Blade","floor":15,"key":"SMITH"},{"data":"Limit Break","floor":27,"key":"SMITH"},{"floor":29,"key":"REST"},{"floor":32,"key":"REST"},{"data":"Armaments","floor":41,"key":"SMITH"},{"data":"Metallicize","floor":45,"key":"SMITH"},{"floor":49,"key":"REST"}],"neow_cost":"NONE","seed_source_timestamp":7092671021514,"circlet_count":0,"master_deck":["AscendersBane","Strike_R","Strike_R","Strike_R","Strike_R","Defend_R","Defend_R","Defend_R","Defend_R","Bash","Flame Barrier","Whirlwind","Heavy Blade+1","Body Slam","Uppercut","Bludgeon","Metallicize+1","Armaments+1","RitualDagger","Limit Break+1","True Grit+1","Reaper","Sword Boomerang+1","Master of Strategy","Dramatic Entrance","Flame Barrier+1"],"relics":["Burning Blood","NeowsBlessing","MawBank","Shuriken","Singing Bowl","PreservedInsect","Calipers","Vajra","Bottled Lightning","Bag of Marbles","Red Skull","Cursed Key","Mercury Hourglass","Art of War","Gambling Chip","Orichalcum","Philosopher\u0027s Stone","Oddly Smooth Stone","Lantern","The Courier","Pen Nib"],"potions_floor_usage":[11,16,20,28,33,33,40,50,50],"damage_taken":[{"damage":0,"enemies":"Small Slimes","floor":1,"turns":1},{"damage":0,"enemies":"2 Louse","floor":4,"turns":1},{"damage":0,"enemies":"Lagavulin","floor":6,"turns":1},{"damage":29,"enemies":"Gremlin Nob","floor":8,"turns":4},{"damage":10,"enemies":"3 Sentries","floor":11,"turns":6},{"damage":6,"enemies":"Cultist","floor":14,"turns":3},{"damage":40,"enemies":"The Guardian","floor":16,"turns":15},{"damage":0,"enemies":"Chosen","floor":18,"turns":3},{"damage":12,"enemies":"2 Thieves","floor":20,"turns":4},{"damage":7,"enemies":"Slavers","floor":23,"turns":2},{"damage":6,"enemies":"Snake Plant","floor":25,"turns":2},{"damage":32,"enemies":"Gremlin Leader","floor":28,"turns":5},{"damage":21,"enemies":"Shelled Parasite and Fungi","floor":30,"turns":4},{"damage":58,"enemies":"Collector","floor":33,"turns":10},{"damage":26,"enemies":"3 Darklings","floor":35,"turns":4},{"damage":11,"enemies":"3 Shapes","floor":37,"turns":5},{"damage":4,"enemies":"Giant Head","floor":40,"turns":5},{"damage":4,"enemies":"3 Darklings","floor":42,"turns":3},{"damage":25,"enemies":"Nemesis","floor":44,"turns":5},{"damage":1,"enemies":"Sphere and 2 Shapes","floor":48,"turns":9},{"damage":69,"enemies":"Time Eater","floor":50,"turns":7}],"seed_played":"-5722089587959144044","potions_obtained":[{"floor":1,"key":"Block Potion"},{"floor":6,"key":"BloodPotion"},{"floor":16,"key":"Block Potion"},{"floor":20,"key":"Dexterity Potion"},{"floor":25,"key":"Fire Potion"},{"floor":28,"key":"Swift Potion"},{"floor":37,"key":"Poison Potion"},{"floor":40,"key":"Ancient Potion"},{"floor":44,"key":"LiquidBronze"}],"is_trial":false,"path_per_floor":["M","?","?","M","?","E","$","E","T","T","E","$","R","M","R","B",null,"M","$","M","?","?","E","$","M","T","R","E","R","M","$","R","B",null,"M","?","M","T","?","E","R","M","T","E","R","$","$","M","R","B",null],"character_chosen":"IRONCLAD","items_purchased":["PreservedInsect","Red Skull","Armaments"],"campfire_rested":4,"item_purchase_floors":[7,12,19],"current_hp_per_floor":[74,41,41,47,40,48,48,25,25,25,21,21,44,44,44,17,62,68,68,64,58,58,57,57,59,59,59,35,59,44,44,68,16,66,46,46,55,55,50,54,54,68,68,60,60,60,60,79,91,58],"gold":125,"neow_bonus":"THREE_ENEMY_KILL","is_prod":false,"is_daily":false,"chose_seed":false,"campfire_upgraded":4,"win_rate":0,"timestamp":1553106771,"path_taken":["M","?","?","?","?","E","$","E","T","?","E","$","R","M","R","BOSS","M","$","M","?","?","E","?","M","T","R","E","R","M","$","R","BOSS","M","?","M","?","?","E","R","M","T","E","R","?","$","?","R","BOSS"],"build_version":"2019-01-23","purchased_purges":3,"victory":true,"max_hp_per_floor":[75,75,75,75,75,77,77,77,77,77,77,77,77,77,77,77,77,77,77,79,79,79,79,79,81,81,81,83,83,83,83,83,83,83,83,83,85,85,85,87,87,87,87,89,89,89,89,91,91,91],"card_choices":[{"not_picked":["Combust","Flex"],"picked":"Flame Barrier","floor":1},{"not_picked":["Rage","Combust"],"picked":"Whirlwind","floor":4},{"not_picked":["Rupture","Second Wind","Dual Wield"],"picked":"Singing Bowl","floor":6},{"not_picked":["Fire Breathing","Infernal Blade"],"picked":"Heavy Blade","floor":8},{"not_picked":["Evolve","Thunderclap"],"picked":"Body Slam","floor":11},{"not_picked":["Heavy Blade","Clash"],"picked":"Uppercut","floor":14},{"not_picked":["Offering","Exhume"],"picked":"Bludgeon","floor":16},{"not_picked":["True Grit","Clothesline"],"picked":"Metallicize","floor":18},{"not_picked":["Body Slam","Intimidate","Twin Strike"],"picked":"Singing Bowl","floor":20},{"not_picked":["Body Slam","Burning Pact"],"picked":"Limit Break","floor":23},{"not_picked":["Twin Strike","Iron Wave","Pommel Strike+1"],"picked":"Singing Bowl","floor":25},{"not_picked":["Metallicize","Perfected Strike+1","Whirlwind"],"picked":"Singing Bowl","floor":28},{"not_picked":["Havoc","Body Slam"],"picked":"True Grit+1","floor":30},{"not_picked":["Fiend Fire","Immolate"],"picked":"Reaper","floor":33},{"not_picked":["Combust","Burning Pact"],"picked":"Sword Boomerang+1","floor":35},{"not_picked":["Reckless Charge","Sword Boomerang","Cleave"],"picked":"Singing Bowl","floor":37},{"not_picked":["Finesse","PanicButton"],"picked":"Master of Strategy","floor":39},{"not_picked":["Madness","Trip"],"picked":"Dramatic Entrance","floor":39},{"not_picked":["Clash","Metallicize","Wild Strike"],"picked":"Singing Bowl","floor":40},{"not_picked":["Heavy Blade","Corruption+1"],"picked":"Flame Barrier+1","floor":42},{"not_picked":["True Grit","Clash","Headbutt+1"],"picked":"Singing Bowl","floor":44},{"not_picked":["Rupture","Fire Breathing","Burning Pact"],"picked":"Singing Bowl","floor":48}],"player_experience":419745,"relics_obtained":[{"floor":3,"key":"Shuriken"},{"floor":6,"key":"Singing Bowl"},{"floor":8,"key":"Calipers"},{"floor":9,"key":"Vajra"},{"floor":10,"key":"Bottled Lightning"},{"floor":11,"key":"Bag of Marbles"},{"floor":23,"key":"Art of War"},{"floor":26,"key":"Gambling Chip"},{"floor":28,"key":"Orichalcum"},{"floor":38,"key":"Oddly Smooth Stone"},{"floor":40,"key":"Lantern"},{"floor":43,"key":"The Courier"},{"floor":44,"key":"Pen Nib"}],"event_choices":[{"damage_healed":0,"gold_gain":0,"player_choice":"Success","damage_taken":33,"relics_obtained":["MawBank"],"max_hp_gain":0,"max_hp_loss":0,"event_name":"Scrap Ooze","floor":2,"gold_loss":0},{"damage_healed":0,"gold_gain":0,"player_choice":"Relic","damage_taken":0,"max_hp_gain":0,"max_hp_loss":0,"event_name":"Wheel of Change","floor":3,"gold_loss":0},{"cards_removed":["Strike_R"],"damage_healed":0,"gold_gain":0,"player_choice":"Card Removal","damage_taken":7,"max_hp_gain":0,"max_hp_loss":0,"event_name":"Golden Wing","floor":5,"gold_loss":0},{"damage_healed":0,"gold_gain":0,"player_choice":"Joined the Cult","damage_taken":6,"max_hp_gain":0,"max_hp_loss":0,"event_name":"Nest","floor":21,"gold_loss":0,"cards_obtained":["RitualDagger"]},{"damage_healed":0,"gold_gain":0,"player_choice":"Obtained Relic","damage_taken":0,"relics_obtained":["Mercury Hourglass"],"max_hp_gain":0,"max_hp_loss":0,"event_name":"Addict","floor":22,"gold_loss":85},{"damage_healed":0,"gold_gain":0,"player_choice":"Ignored","damage_taken":0,"max_hp_gain":0,"max_hp_loss":0,"event_name":"Tomb of Lord Red Mask","floor":36,"gold_loss":0},{"damage_healed":0,"gold_gain":0,"player_choice":"Memory 2","damage_taken":5,"max_hp_gain":0,"max_hp_loss":0,"event_name":"SensoryStone","floor":39,"gold_loss":0}],"is_beta":false,"boss_relics":[{"not_picked":["Busted Crown","Black Star"],"picked":"Cursed Key"},{"not_picked":["White Beast Statue","Lizard Tail"],"picked":"Philosopher\u0027s Stone"}],"items_purged_floors":[31,46,47],"is_endless":false,"potions_floor_spawned":[1,6,16,20,25,28,30,37,40,44],"ascension_level":14}