{"gold_per_floor":[112,122,122,140,159,159,169,179,179,33,33,44,57,57],"floor_reached":14,"playtime":464,"items_purged":[],"score":138,"play_id":"7ae83aac-d710-478f-b946-8d60e6038cbf","local_time":"20181115222933","is_ascension_mode":true,"campfire_choices":[{"data":"Lockon","floor":6,"key":"SMITH"},{"floor":11,"key":"REST"}],"neow_cost":"CURSE","seed_source_timestamp":15561570944959,"circlet_count":0,"master_deck":["AscendersBane","Strike_B","Strike_B","Strike_B","Strike_B","Defend_B","Defend_B","Defend_B","Defend_B","Zap","Dualcast","Parasite","Lockon+1","Compile Driver","Ball Lightning","Coolheaded","Conserve Battery","Go for the Eyes","Core Surge","Doom and Gloom"],"relics":["Cracked Core","Nunchaku","Gremlin Horn","Happy Flower"],"potions_floor_usage":[14,14],"damage_taken":[{"damage":11,"enemies":"Cultist","floor":1,"turns":4},{"damage":6,"enemies":"2 Louse","floor":2,"turns":2},{"damage":3,"enemies":"Small Slimes","floor":4,"turns":2},{"damage":7,"enemies":"Looter","floor":5,"turns":3},{"damage":11,"enemies":"Large Slime","floor":7,"turns":4},{"damage":16,"enemies":"2 Fungi Beasts","floor":8,"turns":3},{"damage":27,"enemies":"Exordium Wildlife","floor":12,"turns":5},{"damage":14,"enemies":"Exordium Thugs","floor":13,"turns":4},{"damage":19,"enemies":"Gremlin Nob","floor":14,"turns":3}],"seed_played":"7915048574262274877","potions_obtained":[{"floor":5,"key":"LiquidBronze"},{"floor":8,"key":"Dexterity Potion"},{"floor":13,"key":"SkillPotion"}],"is_trial":false,"path_per_floor":["M","M","?","M","M","R","M","M","T","$","R","M","M","E"],"character_chosen":"DEFECT","items_purchased":["Happy Flower"],"campfire_rested":1,"item_purchase_floors":[10],"current_hp_per_floor":[57,51,75,72,65,65,54,38,38,38,60,33,19,0],"gold":57,"neow_bonus":"ONE_RARE_RELIC","is_prod":false,"is_daily":false,"chose_seed":false,"campfire_upgraded":1,"win_rate":0,"timestamp":1542349773,"path_taken":["M","?","?","M","M","R","M","M","T","$","R","M","M","E"],"build_version":"2018-11-15","purchased_purges":0,"victory":false,"max_hp_per_floor":[75,75,75,75,75,75,75,75,75,75,75,75,75,75],"card_choices":[{"not_picked":["Gash","Hello World"],"picked":"Lockon","floor":1},{"not_picked":["Rebound","Redo"],"picked":"Compile Driver","floor":2},{"not_picked":["Capacitor","Tempest"],"picked":"Ball Lightning","floor":4},{"not_picked":["Melter","Barrage"],"picked":"Coolheaded","floor":5},{"not_picked":["Go for the Eyes","Doom and Gloom"],"picked":"Conserve Battery","floor":7},{"not_picked":["Blizzard","Hologram"],"picked":"Go for the Eyes","floor":8},{"not_picked":["Reprogram","FTL"],"picked":"Core Surge","floor":12},{"not_picked":["Hello World","Compile Driver"],"picked":"Doom and Gloom","floor":13}],"player_experience":729856,"relics_obtained":[{"floor":9,"key":"Gremlin Horn"}],"event_choices":[{"damage_healed":25,"gold_gain":0,"player_choice":"Banana","damage_taken":0,"max_hp_gain":0,"max_hp_loss":0,"event_name":"Big Fish","floor":3,"gold_loss":0}],"is_beta":false,"boss_relics":[],"items_purged_floors":[],"is_endless":false,"potions_floor_spawned":[5,8,13],"killed_by":"Gremlin Nob","ascension_level":12}