{"gold_per_floor":[110,285,285,285,310,310,310,310,310,349,349],"floor_reached":11,"playtime":426,"items_purged":[],"score":117,"play_id":"b4b6f2ca-fba3-43d4-8ca4-9c615b01226a","local_time":"20181121230740","is_ascension_mode":true,"campfire_choices":[{"data":"Barricade","floor":6,"key":"SMITH"},{"data":"Shrug It Off","floor":8,"key":"SMITH"}],"neow_cost":"PERCENT_DAMAGE","seed_source_timestamp":31887878337281,"circlet_count":0,"master_deck":["AscendersBane","Strike_R","Strike_R","Strike_R","Strike_R","Strike_R","Defend_R","Defend_R","Defend_R","Defend_R","Bash","Barricade+1","Shrug It Off+1","Doubt","Metallicize","Ghostly Armor"],"relics":["Burning Blood","Ancient Tea Set","Golden Idol","Bottled Tornado","Omamori"],"potions_floor_usage":[11],"damage_taken":[{"damage":6,"enemies":"2 Louse","floor":1,"turns":3},{"damage":11,"enemies":"Small Slimes","floor":5,"turns":7},{"damage":17,"enemies":"3 Sentries","floor":10,"turns":18},{"damage":60,"enemies":"Lagavulin Event","floor":11,"turns":15}],"seed_played":"8579571037409580312","potions_obtained":[{"floor":10,"key":"Ancient Potion"}],"is_trial":false,"path_per_floor":["M","?","?","?","M","R","?","R","T","E","?"],"character_chosen":"IRONCLAD","items_purchased":[],"campfire_rested":0,"item_purchase_floors":[],"current_hp_per_floor":[50,50,43,43,38,38,61,61,61,50,0],"gold":349,"neow_bonus":"THREE_RARE_CARDS","is_prod":false,"is_daily":false,"chose_seed":false,"campfire_upgraded":2,"win_rate":0,"timestamp":1542870460,"path_taken":["M","?","?","?","?","R","?","R","T","E","?"],"build_version":"2018-11-15","purchased_purges":0,"victory":false,"max_hp_per_floor":[75,75,75,69,69,69,69,69,69,69,69],"card_choices":[{"not_picked":["Immolate","Berserk"],"picked":"Barricade","floor":0},{"not_picked":["Warcry","Power Through"],"picked":"Shrug It Off","floor":1},{"not_picked":["Perfected Strike","Combust"],"picked":"Metallicize","floor":5},{"not_picked":["Sword Boomerang","Havoc"],"picked":"Ghostly Armor","floor":10}],"player_experience":817032,"relics_obtained":[{"floor":9,"key":"Bottled Tornado"},{"floor":10,"key":"Omamori"}],"event_choices":[{"damage_healed":0,"gold_gain":175,"player_choice":"AGREE","damage_taken":0,"max_hp_gain":0,"max_hp_loss":0,"event_name":"Liars Game","floor":2,"gold_loss":0,"cards_obtained":["Doubt"]},{"damage_healed":0,"gold_gain":0,"player_choice":"Success","damage_taken":7,"relics_obtained":["Ancient Tea Set"],"max_hp_gain":0,"max_hp_loss":0,"event_name":"Scrap Ooze","floor":3,"gold_loss":0},{"damage_healed":0,"gold_gain":0,"player_choice":"Lose Max HP","damage_taken":0,"relics_obtained":["Golden Idol"],"max_hp_gain":0,"max_hp_loss":6,"event_name":"Golden Idol","floor":4,"gold_loss":0},{"damage_healed":23,"gold_gain":0,"player_choice":"Banana","damage_taken":0,"max_hp_gain":0,"max_hp_loss":0,"event_name":"Big Fish","floor":7,"gold_loss":0},{"damage_healed":0,"gold_gain":0,"player_choice":"Searched \u00271\u0027 times","damage_taken":0,"max_hp_gain":0,"max_hp_loss":0,"event_name":"Dead Adventurer","floor":11,"gold_loss":0}],"is_beta":false,"boss_relics":[],"items_purged_floors":[],"is_endless":false,"potions_floor_spawned":[10],"killed_by":"Lagavulin Event","ascension_level":14}