{"gold_per_floor":[118,118,132,149,149,149,178,189,189,220,220,220,248,258,258,336,336,351,351,351,140,140,140,140,153,153,173,173,173,73,91,91,91],"floor_reached":33,"playtime":1136,"items_purged":["Writhe","Normality"],"score":526,"play_id":"42f30d58-a385-4b23-8073-470eab0bbd3a","local_time":"20190409224132","is_ascension_mode":true,"campfire_choices":[{"data":"Perfected Strike","floor":6,"key":"SMITH"},{"data":"Armaments","floor":12,"key":"SMITH"},{"data":"Cleave","floor":15,"key":"SMITH"},{"data":"Heavy Blade","floor":23,"key":"SMITH"},{"data":"Pummel","floor":24,"key":"SMITH"},{"data":"Strike_R","floor":28,"key":"SMITH"},{"floor":32,"key":"REST"}],"neow_cost":"NONE","seed_source_timestamp":362323366767170,"circlet_count":0,"master_deck":["AscendersBane","Strike_R","Strike_R","Strike_R","Strike_R+1","Strike_R","Defend_R","Defend_R","Defend_R","Defend_R","Bash+1","Pummel+1","Perfected Strike+1","Cleave+1","Armaments+1","True Grit+1","Limit Break+1","Entrench+1","Impervious+1","Spot Weakness+1","Heavy Blade+1","Shrug It Off+1","Shame","Sentinel+1","True Grit+1"],"relics":["Burning Blood","NeowsBlessing","Pen Nib","Toxic Egg 2","Mercury Hourglass","WingedGreaves","Bronze Scales","Cursed Key","Frozen Egg 2","Blood Vial","Bottled Flame"],"potions_floor_usage":[13,16,31,33,33],"damage_taken":[{"damage":0,"enemies":"Small Slimes","floor":1,"turns":1},{"damage":0,"enemies":"Jaw Worm","floor":3,"turns":1},{"damage":0,"enemies":"Cultist","floor":4,"turns":1},{"damage":8,"enemies":"Gremlin Nob","floor":7,"turns":3},{"damage":18,"enemies":"Large Slime","floor":8,"turns":5},{"damage":20,"enemies":"3 Sentries","floor":10,"turns":8},{"damage":32,"enemies":"Lagavulin","floor":13,"turns":7},{"damage":8,"enemies":"3 Louse","floor":14,"turns":3},{"damage":27,"enemies":"Slime Boss","floor":16,"turns":8},{"damage":1,"enemies":"2 Thieves","floor":18,"turns":4},{"damage":12,"enemies":"Chosen","floor":25,"turns":3},{"damage":4,"enemies":"Centurion and Healer","floor":27,"turns":6},{"damage":41,"enemies":"Chosen and Byrds","floor":31,"turns":5},{"damage":92,"enemies":"Champ","floor":33,"turns":7}],"seed_played":"-2674150986944950582","potions_obtained":[{"floor":1,"key":"Regen Potion"},{"floor":14,"key":"FearPotion"},{"floor":22,"key":"FearPotion"},{"floor":22,"key":"SneckoOil"},{"floor":25,"key":"Strength Potion"},{"floor":31,"key":"Weak Potion"}],"is_trial":false,"path_per_floor":["M","?","M","M","?","R","E","M","T","E","T","R","E","M","R","B",null,"M","?","?","$","?","R","R","M","T","M","R","T","$","M","R","B"],"character_chosen":"IRONCLAD","items_purchased":["Spot Weakness+1","Heavy Blade"],"campfire_rested":1,"item_purchase_floors":[21,21],"current_hp_per_floor":[74,74,75,75,80,80,78,66,66,52,52,52,40,38,38,17,64,69,69,69,69,69,69,69,63,63,67,67,67,67,34,58,0],"gold":91,"neow_bonus":"THREE_ENEMY_KILL","is_prod":false,"is_daily":false,"chose_seed":false,"campfire_upgraded":6,"win_rate":0,"timestamp":1554864092,"path_taken":["M","?","M","M","?","R","E","M","T","E","?","R","E","?","R","BOSS","M","?","?","$","?","R","R","?","T","?","R","?","?","M","R","BOSS"],"build_version":"2019-01-23","purchased_purges":2,"victory":false,"max_hp_per_floor":[75,75,75,75,80,80,80,80,80,80,80,80,80,80,80,80,80,80,80,80,80,80,80,80,80,80,80,80,80,80,80,80,80],"card_choices":[{"not_picked":["Iron Wave","Fire Breathing"],"picked":"Pummel","floor":1},{"not_picked":["Havoc","Shockwave"],"picked":"Perfected Strike","floor":3},{"not_picked":["Twin Strike","Wild Strike"],"picked":"Cleave","floor":4},{"not_picked":["Warcry","Headbutt","Flex"],"picked":"SKIP","floor":7},{"not_picked":["Cleave","Iron Wave"],"picked":"Armaments","floor":8},{"not_picked":["Dropkick","Headbutt"],"picked":"True Grit+1","floor":10},{"not_picked":["Rage+1","Anger"],"picked":"Limit Break+1","floor":13},{"not_picked":["Twin Strike","Heavy Blade"],"picked":"Entrench+1","floor":14},{"not_picked":["Offering+1","Exhume+1"],"picked":"Impervious+1","floor":16},{"not_picked":["Iron Wave","Thunderclap","Blood for Blood"],"picked":"SKIP","floor":18},{"not_picked":["Perfected Strike+1","Thunderclap"],"picked":"Shrug It Off+1","floor":25},{"not_picked":["Armaments+1","Searing Blow"],"picked":"Sentinel+1","floor":27},{"not_picked":["Sword Boomerang","Rupture+1"],"picked":"True Grit+1","floor":31}],"player_experience":551497,"relics_obtained":[{"floor":7,"key":"Pen Nib"},{"floor":9,"key":"Toxic Egg 2"},{"floor":10,"key":"Mercury Hourglass"},{"floor":11,"key":"WingedGreaves"},{"floor":13,"key":"Bronze Scales"},{"floor":26,"key":"Blood Vial"},{"floor":29,"key":"Bottled Flame"}],"event_choices":[{"damage_healed":0,"gold_gain":0,"player_choice":"Grow","damage_taken":0,"max_hp_gain":0,"max_hp_loss":0,"event_name":"Living Wall","floor":2,"gold_loss":0,"cards_upgraded":["Bash"]},{"damage_healed":0,"gold_gain":0,"player_choice":"Donut","damage_taken":0,"max_hp_gain":5,"max_hp_loss":0,"event_name":"Big Fish","floor":5,"gold_loss":0},{"damage_healed":0,"gold_gain":0,"player_choice":"Opened","damage_taken":0,"relics_obtained":["Frozen Egg 2"],"max_hp_gain":0,"max_hp_loss":0,"event_name":"The Mausoleum","floor":19,"gold_loss":0,"cards_obtained":["Writhe"]},{"damage_healed":0,"gold_gain":0,"player_choice":"Ignored","damage_taken":0,"max_hp_gain":0,"max_hp_loss":0,"event_name":"Ghosts","floor":20,"gold_loss":0},{"damage_healed":0,"gold_gain":0,"player_choice":"Got Potions","damage_taken":0,"max_hp_gain":0,"max_hp_loss":0,"event_name":"Lab","floor":22,"gold_loss":0}],"is_beta":false,"boss_relics":[{"not_picked":["Lizard Tail","Snecko Eye"],"picked":"Cursed Key"}],"items_purged_floors":[21,30],"is_endless":false,"potions_floor_spawned":[1,14,25,31],"killed_by":"Champ","ascension_level":20}