{"gold_per_floor":[113,125,125,125,144,174,174,209,234,234,250,283,313,2,2,74,74,84,97,110,120,134,460,460,472,472,499,499,532,548,579,579,655,655,671,671,682,715,737,749,792,831,918,959,984,522,550,440,440,440],"floor_reached":51,"playtime":3883,"items_purged":["Pain"],"score":1903,"play_id":"a31ba794-33ad-4a91-87fb-ac12f5a7b906","local_time":"20190618095302","daily_mods":["Shiny","Green Cards","DeadlyEvents"],"is_ascension_mode":true,"campfire_choices":[{"data":"After Image","floor":10,"key":"SMITH"},{"data":"Feed","floor":15,"key":"SMITH"},{"data":"A Thousand Cuts","floor":24,"key":"SMITH"},{"data":"Limit Break","floor":32,"key":"SMITH"},{"data":"Demon Form","floor":40,"key":"SMITH"},{"data":"Double Tap","floor":49,"key":"SMITH"}],"neow_cost":"","seed_source_timestamp":0,"circlet_count":0,"master_deck":["AscendersBane","Venomology","Corpse Explosion","Phantasmal Killer+1","Die Die Die","Adrenaline","Burst+1","Wraith Form v2","Tools of the Trade","Night Terror+1","Unload","After Image+1","Bullet Time","Storm of Steel","Glass Knife","A Thousand Cuts+1","Grand Finale","Double Tap+1","Demon Form+1","Bludgeon","Feed+1","Limit Break+1","Barricade","Fiend Fire","Dark Embrace","Berserk","Impervious","Juggernaut","Brutality","Reaper","Exhume","Offering","Immolate","Spot Weakness","Iron Wave","Spot Weakness","Flying Knee","Brutality+1","Rupture+1","Well Laid Plans+1","Flame Barrier+1","Shame","Demon Form+1","Metallicize+1","Offering","Shame","Writhe","Clumsy","Combust+1","Metallicize+1","Impervious","Well Laid Plans+1"],"relics":["Burning Blood","Ancient Tea Set","Anchor","Blood Vial","Smiling Mask","Frozen Egg 2","Bird Faced Urn","Coffee Dripper","Old Coin","Gambling Chip","Red Skull","Gremlin Horn","War Paint","Singing Bowl","Calling Bell","Orichalcum","Shuriken","Thread and Needle","MawBank","Pen Nib","PreservedInsect","Paper Frog","Boot","Happy Flower","Toy Ornithopter","Magic Flower"],"potions_floor_usage":[6,13,18,20,21,29,29,30,33,33,38,41,42,50,50,50],"damage_taken":[{"damage":16,"enemies":"2 Louse","floor":1,"turns":3},{"damage":10,"enemies":"Cultist","floor":2,"turns":3},{"damage":18,"enemies":"Small Slimes","floor":5,"turns":3},{"damage":31,"enemies":"Gremlin Nob","floor":6,"turns":4},{"damage":37,"enemies":"3 Sentries","floor":8,"turns":6},{"damage":0,"enemies":"Exordium Thugs","floor":11,"turns":4},{"damage":6,"enemies":"Lagavulin","floor":12,"turns":7},{"damage":28,"enemies":"3 Sentries","floor":13,"turns":4},{"damage":41,"enemies":"The Guardian","floor":16,"turns":8},{"damage":11,"enemies":"Chosen","floor":18,"turns":4},{"damage":10,"enemies":"3 Byrds","floor":19,"turns":3},{"damage":35,"enemies":"Shelled Parasite and Fungi","floor":20,"turns":4},{"damage":7,"enemies":"3 Cultists","floor":21,"turns":2},{"damage":28,"enemies":"Cultist and Chosen","floor":22,"turns":3},{"damage":24,"enemies":"Book of Stabbing","floor":23,"turns":6},{"damage":28,"enemies":"Snake Plant","floor":25,"turns":5},{"damage":9,"enemies":"Gremlin Leader","floor":27,"turns":4},{"damage":72,"enemies":"Book of Stabbing","floor":29,"turns":5},{"damage":17,"enemies":"Snecko","floor":30,"turns":3},{"damage":29,"enemies":"Slavers","floor":31,"turns":3},{"damage":53,"enemies":"Collector","floor":33,"turns":11},{"damage":30,"enemies":"3 Darklings","floor":35,"turns":4},{"damage":11,"enemies":"3 Shapes","floor":37,"turns":3},{"damage":138,"enemies":"Giant Head","floor":38,"turns":9},{"damage":33,"enemies":"Maw","floor":39,"turns":7},{"damage":19,"enemies":"Reptomancer","floor":41,"turns":5},{"damage":60,"enemies":"Nemesis","floor":42,"turns":6},{"damage":105,"enemies":"Reptomancer","floor":44,"turns":6},{"damage":48,"enemies":"4 Shapes","floor":45,"turns":5},{"damage":33,"enemies":"Giant Head","floor":47,"turns":6},{"damage":137,"enemies":"Donu and Deca","floor":50,"turns":7}],"seed_played":"3996772197057091301","potions_obtained":[{"floor":1,"key":"LiquidBronze"},{"floor":2,"key":"Ancient Potion"},{"floor":8,"key":"PowerPotion"},{"floor":20,"key":"Explosive Potion"},{"floor":30,"key":"Strength Potion"},{"floor":37,"key":"BloodPotion"}],"is_trial":true,"path_per_floor":["M","M","?","$","M","E","?","E","T","R","M","E","E","$","R","B",null,"M","M","M","M","M","E","R","M","T","E","?","E","M","E","R","B",null,"M","?","M","E","M","R","E","E","T","E","M","$","E","?","R","B",null],"character_chosen":"IRONCLAD","items_purchased":["Bird Faced Urn","Happy Flower","Toy Ornithopter","Well Laid Plans+1"],"campfire_rested":0,"item_purchase_floors":[14,46,46,46],"current_hp_per_floor":[62,66,66,66,69,47,47,40,40,40,48,61,41,41,41,44,75,84,90,70,81,73,69,69,65,65,88,88,42,43,30,30,105,105,89,117,119,25,74,74,120,96,96,72,82,82,133,133,133,155],"gold":440,"neow_bonus":"","is_prod":false,"is_daily":false,"chose_seed":false,"campfire_upgraded":6,"win_rate":0,"timestamp":1560865982,"path_taken":["M","M","?","?","M","E","?","E","T","R","M","?","E","?","R","BOSS","M","M","M","M","M","E","R","?","T","E","?","?","M","E","R","BOSS","M","?","M","?","?","R","E","?","T","E","M","$","E","?","R","BOSS"],"build_version":"2019-01-23","purchased_purges":1,"victory":true,"max_hp_per_floor":[75,75,75,75,75,78,78,81,81,81,81,81,81,81,81,85,85,89,93,97,101,101,101,101,101,101,101,101,101,101,101,101,105,105,107,117,121,127,131,131,137,139,139,143,149,149,155,155,155,155],"card_choices":[{"not_picked":["Deflect","Warcry"],"picked":"Spot Weakness","floor":1},{"not_picked":["Deadly Poison","Slice"],"picked":"Iron Wave","floor":2},{"not_picked":["Anger","Havoc"],"picked":"Spot Weakness","floor":5},{"not_picked":["Twin Strike","Deadly Poison","Noxious Fumes"],"picked":"SKIP","floor":6},{"not_picked":["Rage","Poisoned Stab","Thunderclap"],"picked":"SKIP","floor":8},{"not_picked":["Armaments","Dash","Outmaneuver"],"picked":"SKIP","floor":11},{"not_picked":["Searing Blow","Dagger Throw","Sentinel"],"picked":"SKIP","floor":12},{"not_picked":["Heavy Blade","Venomology","Deadly Poison"],"picked":"SKIP","floor":13},{"not_picked":["Venomology","Doppelganger"],"picked":"Brutality+1","floor":16},{"not_picked":["Evolve+1","Underhanded Strike"],"picked":"Rupture+1","floor":18},{"not_picked":["Sucker Punch+1","Warcry"],"picked":"Well Laid Plans+1","floor":19},{"not_picked":["Fire Breathing+1","Cloak And Dagger","PiercingWail"],"picked":"SKIP","floor":20},{"not_picked":["Bouncing Flask","Night Terror"],"picked":"Flame Barrier+1","floor":21},{"not_picked":["Evolve+1","Sucker Punch","Clash"],"picked":"SKIP","floor":22},{"not_picked":["Masterful Stab","Iron Wave","Dropkick+1"],"picked":"SKIP","floor":23},{"not_picked":["Sword Boomerang","Body Slam","Dark Embrace+1"],"picked":"SKIP","floor":25},{"not_picked":["Deadly Poison","Blade Dance+1","Thunderclap"],"picked":"SKIP","floor":27},{"not_picked":["Iron Wave+1","Sword Boomerang"],"picked":"Demon Form+1","floor":29},{"not_picked":["Searing Blow","Bouncing Flask","Acrobatics"],"picked":"SKIP","floor":30},{"not_picked":["Clothesline","Infinite Blades+1"],"picked":"Metallicize+1","floor":31},{"not_picked":["Barricade+1","Venomology"],"picked":"Offering","floor":33},{"not_picked":["Shrug It Off","Reckless Charge","Dropkick"],"picked":"Singing Bowl","floor":35},{"not_picked":["Pummel+1","Leg Sweep"],"picked":"Combust+1","floor":37},{"not_picked":["Deflect+1","Disarm","Tactician"],"picked":"Singing Bowl","floor":38},{"not_picked":["Bane+1","Thunderclap"],"picked":"Metallicize+1","floor":39},{"not_picked":["Tactician","Uppercut+1","Underhanded Strike+1"],"picked":"Singing Bowl","floor":41},{"not_picked":["Sword Boomerang","PiercingWail","Warcry"],"picked":"Singing Bowl","floor":42},{"not_picked":["Flex","Quick Slash"],"picked":"Impervious","floor":44},{"not_picked":["Burning Pact+1","Dagger Throw","Warcry+1"],"picked":"Singing Bowl","floor":45},{"not_picked":["Havoc+1","Headbutt","Quick Slash+1"],"picked":"Singing Bowl","floor":47}],"player_experience":930461,"relics_obtained":[{"floor":6,"key":"Ancient Tea Set"},{"floor":8,"key":"Anchor"},{"floor":9,"key":"Blood Vial"},{"floor":12,"key":"Smiling Mask"},{"floor":13,"key":"Frozen Egg 2"},{"floor":23,"key":"Old Coin"},{"floor":26,"key":"Gambling Chip"},{"floor":27,"key":"Red Skull"},{"floor":29,"key":"War Paint"},{"floor":31,"key":"Singing Bowl"},{"floor":34,"key":"Orichalcum"},{"floor":34,"key":"Shuriken"},{"floor":34,"key":"Thread and Needle"},{"floor":38,"key":"MawBank"},{"floor":41,"key":"Pen Nib"},{"floor":42,"key":"PreservedInsect"},{"floor":43,"key":"Paper Frog"},{"floor":44,"key":"Boot"},{"floor":47,"key":"Magic Flower"}],"event_choices":[{"damage_healed":0,"gold_gain":0,"player_choice":"1 cards matched","damage_taken":0,"max_hp_gain":0,"max_hp_loss":0,"event_name":"Match and Keep!","floor":3,"gold_loss":0,"cards_obtained":["Pain"]},{"damage_healed":0,"gold_gain":0,"cards_transformed":["Doppelganger"],"player_choice":"Transformed","damage_taken":0,"max_hp_gain":0,"max_hp_loss":0,"event_name":"Transmorgrifier","floor":7,"gold_loss":0,"cards_obtained":["Flying Knee"]},{"damage_healed":0,"gold_gain":0,"player_choice":"Stole Relic","damage_taken":0,"relics_obtained":["Gremlin Horn"],"max_hp_gain":0,"max_hp_loss":0,"event_name":"Addict","floor":28,"gold_loss":0,"cards_obtained":["Shame"]},{"cards_removed":["Malaise"],"damage_healed":18,"gold_gain":0,"player_choice":"Offered Rare","damage_taken":0,"max_hp_gain":10,"max_hp_loss":0,"event_name":"Bonfire Elementals","floor":36,"gold_loss":0},{"cards_removed":["Envenom"],"damage_healed":0,"gold_gain":0,"player_choice":"Upgrade and Remove","damage_taken":0,"max_hp_gain":0,"max_hp_loss":0,"event_name":"Designer","floor":48,"gold_loss":110,"cards_upgraded":["Night Terror"]}],"is_beta":false,"boss_relics":[{"not_picked":["Orrery","Cursed Key"],"picked":"Coffee Dripper"},{"not_picked":["White Beast Statue","Velvet Choker"],"picked":"Calling Bell"}],"items_purged_floors":[46],"is_endless":false,"potions_floor_spawned":[1,2,8,11,20,23,30,31,37,39,41,45,47],"ascension_level":15}