{"gold_per_floor":[113,63,78,95,95,128,128,155,180,180,205,215,215,225,225,320,320,333,61,61,79,99,132,143,143,143,154,188,199,199,218,218,315,315,326,326,337,15,34,34,59,59,59,59,59,71,88,310,310,310],"floor_reached":51,"playtime":3501,"items_purged":["Strike_R","Strike_R"],"score":769,"play_id":"e7c5cd34-085b-4224-a579-8f6edf2a8dd6","local_time":"20190701215500","is_ascension_mode":false,"campfire_choices":[{"data":"Pommel Strike","floor":7,"key":"SMITH"},{"data":"Armaments","floor":10,"key":"SMITH"},{"floor":13,"key":"REST"},{"data":"Flame Barrier","floor":15,"key":"SMITH"},{"floor":25,"key":"REST"},{"floor":30,"key":"REST"},{"floor":32,"key":"REST"},{"data":"Body Slam","floor":40,"key":"SMITH"},{"data":"Metallicize","floor":44,"key":"SMITH"},{"floor":49,"key":"REST"}],"neow_cost":"NONE","seed_source_timestamp":763579846664420,"circlet_count":0,"master_deck":["Strike_R","Strike_R","Defend_R+1","Defend_R","Defend_R","Defend_R+1","Bash+1","Pommel Strike+1","Thunderclap","Flame Barrier+1","Heavy Blade","Armaments+1","Clothesline","Barricade+1","Metallicize+1","Shrug It Off","Inflame","Seeing Red+1","Cleave+1","Limit Break+1","Warcry+1","Limit Break+1","Entrench+1","Warcry+1","Body Slam+1","Metallicize+1","Shrug It Off+1","Battle Trance+1","Entrench+1"],"relics":["Black Blood","War Paint","Oddly Smooth Stone","Ancient Tea Set","Art of War","Letter Opener","Runic Pyramid","HandDrill","Nilry\u0027s Codex","Toxic Egg 2","Turnip","Red Mask","Charon\u0027s Ashes","Pantograph"],"potions_floor_usage":[8,12,21,22,23,23,29,35,46,46,46,50],"damage_taken":[{"damage":5,"enemies":"2 Louse","floor":1,"turns":3},{"damage":2,"enemies":"Jaw Worm","floor":3,"turns":3},{"damage":6,"enemies":"Cultist","floor":4,"turns":3},{"damage":15,"enemies":"Gremlin Nob","floor":6,"turns":4},{"damage":27,"enemies":"3 Sentries","floor":8,"turns":7},{"damage":17,"enemies":"Lagavulin","floor":11,"turns":5},{"damage":0,"enemies":"Large Slime","floor":12,"turns":7},{"damage":0,"enemies":"3 Louse","floor":14,"turns":2},{"damage":7,"enemies":"The Guardian","floor":16,"turns":14},{"damage":0,"enemies":"Chosen","floor":18,"turns":5},{"damage":16,"enemies":"2 Thieves","floor":21,"turns":5},{"damage":3,"enemies":"Centurion and Healer","floor":22,"turns":12},{"damage":28,"enemies":"Slavers","floor":23,"turns":6},{"damage":0,"enemies":"Snake Plant","floor":24,"turns":12},{"damage":0,"enemies":"Chosen and Byrds","floor":27,"turns":6},{"damage":51,"enemies":"Masked Bandits","floor":28,"turns":5},{"damage":8,"enemies":"Shelled Parasite and Fungi","floor":29,"turns":7},{"damage":10,"enemies":"3 Cultists","floor":31,"turns":6},{"damage":0,"enemies":"Champ","floor":33,"turns":11},{"damage":18,"enemies":"3 Darklings","floor":35,"turns":5},{"damage":19,"enemies":"3 Shapes","floor":37,"turns":6},{"damage":0,"enemies":"3 Darklings","floor":39,"turns":8},{"damage":9,"enemies":"Nemesis","floor":41,"turns":11},{"damage":0,"enemies":"4 Shapes","floor":46,"turns":3},{"damage":39,"enemies":"Transient","floor":47,"turns":5},{"damage":48,"enemies":"Awakened One","floor":50,"turns":13}],"seed_played":"4878704480931438209","potions_obtained":[{"floor":4,"key":"Explosive Potion"},{"floor":8,"key":"LiquidBronze"},{"floor":11,"key":"SkillPotion"},{"floor":16,"key":"SpeedPotion"},{"floor":18,"key":"Strength Potion"},{"floor":22,"key":"SkillPotion"},{"floor":24,"key":"Ancient Potion"},{"floor":28,"key":"Strength Potion"},{"floor":31,"key":"Strength Potion"},{"floor":37,"key":"EssenceOfSteel"},{"floor":41,"key":"EntropicBrew"},{"floor":46,"key":"LiquidBronze"}],"is_trial":false,"path_per_floor":["M","?","M","M","?","E","R","E","T","R","E","M","R","M","R","B",null,"M","$","?","M","M","E","M","R","T","M","?","M","R","M","R","B",null,"M","?","M","$","M","R","E","$","T","R","?","M","M","?","R","B",null],"character_chosen":"IRONCLAD","items_purchased":["HandDrill","Body Slam","Metallicize","Shrug It Off+1","Dexterity Potion"],"campfire_rested":5,"item_purchase_floors":[19,38,38,38,38],"current_hp_per_floor":[80,80,80,80,80,71,71,50,50,50,39,45,69,75,75,74,80,80,80,64,54,57,35,41,65,65,71,26,24,48,44,68,74,80,72,72,63,63,73,73,74,74,74,74,74,80,51,51,75,57],"gold":310,"neow_bonus":"RANDOM_COMMON_RELIC","is_prod":false,"is_daily":false,"chose_seed":false,"campfire_upgraded":5,"win_rate":0,"timestamp":1562043300,"path_taken":["M","?","M","M","?","E","R","E","T","R","E","M","R","M","R","BOSS","M","$","?","M","M","E","M","R","T","M","?","M","R","M","R","BOSS","M","?","?","$","M","R","E","?","T","R","?","M","?","?","R","BOSS"],"build_version":"2019-07-01","purchased_purges":2,"victory":true,"max_hp_per_floor":[80,80,80,80,80,80,80,80,80,80,80,80,80,80,80,80,80,80,80,80,80,80,80,80,80,80,80,80,80,80,80,80,80,80,80,80,80,80,80,80,80,80,80,80,80,80,80,80,80,80],"card_choices":[{"not_picked":["Wild Strike","Sword Boomerang"],"picked":"Pommel Strike","floor":1},{"not_picked":["True Grit","Warcry"],"picked":"Thunderclap","floor":3},{"not_picked":["Searing Blow","Reckless Charge"],"picked":"Flame Barrier","floor":4},{"not_picked":["Sword Boomerang","Rage"],"picked":"Heavy Blade","floor":6},{"not_picked":["True Grit","Thunderclap"],"picked":"Armaments","floor":8},{"not_picked":["Rupture","Reckless Charge"],"picked":"Clothesline","floor":11},{"not_picked":["Havoc","Rampage","Thunderclap"],"picked":"SKIP","floor":12},{"not_picked":["Clothesline","Sword Boomerang","Wild Strike"],"picked":"SKIP","floor":14},{"not_picked":["Berserk","Brutality"],"picked":"Barricade","floor":16},{"not_picked":["Uppercut","Perfected Strike","Wild Strike"],"picked":"SKIP","floor":18},{"not_picked":["Pummel+1","Wild Strike+1"],"picked":"Metallicize+1","floor":21},{"not_picked":["Second Wind","Anger"],"picked":"Shrug It Off","floor":22},{"not_picked":["Evolve","Rampage"],"picked":"Inflame","floor":23},{"not_picked":["Havoc+1","Anger"],"picked":"Seeing Red+1","floor":24},{"not_picked":["Wild Strike","Thunderclap","Clothesline"],"picked":"SKIP","floor":27},{"not_picked":["Sentinel+1","Iron Wave"],"picked":"Cleave+1","floor":28},{"not_picked":["Fire Breathing","Cleave+1"],"picked":"Limit Break+1","floor":29},{"not_picked":["Searing Blow","Evolve"],"picked":"Warcry+1","floor":31},{"not_picked":["Immolate","Dark Embrace"],"picked":"Limit Break+1","floor":33},{"not_picked":["Iron Wave+1","Perfected Strike"],"picked":"Entrench+1","floor":35},{"not_picked":["Reckless Charge","Havoc+1"],"picked":"Warcry+1","floor":37},{"not_picked":["Battle Trance+1","Hemokinesis","Wild Strike+1"],"picked":"SKIP","floor":39},{"not_picked":["Hemokinesis","Wild Strike+1"],"picked":"Battle Trance+1","floor":39},{"not_picked":["Headbutt+1","Double Tap+1","Bloodletting+1"],"picked":"SKIP","floor":41},{"not_picked":["Twin Strike","Wild Strike+1"],"picked":"Entrench+1","floor":46},{"not_picked":["Corruption","Hemokinesis+1","Clash+1"],"picked":"SKIP","floor":47}],"player_experience":589166,"relics_obtained":[{"floor":6,"key":"Oddly Smooth Stone"},{"floor":8,"key":"Ancient Tea Set"},{"floor":9,"key":"Art of War"},{"floor":11,"key":"Letter Opener"},{"floor":20,"key":"Nilry\u0027s Codex"},{"floor":23,"key":"Toxic Egg 2"},{"floor":26,"key":"Turnip"},{"floor":28,"key":"Red Mask"},{"floor":41,"key":"Charon\u0027s Ashes"},{"floor":43,"key":"Pantograph"}],"event_choices":[{"cards_removed":["Strike_R"],"damage_healed":0,"gold_gain":0,"player_choice":"Card Removal","damage_taken":0,"max_hp_gain":0,"max_hp_loss":0,"event_name":"The Cleric","floor":2,"gold_loss":50},{"damage_healed":0,"gold_gain":0,"player_choice":"Forge","damage_taken":0,"max_hp_gain":0,"max_hp_loss":0,"event_name":"Accursed Blacksmith","floor":5,"gold_loss":0,"cards_upgraded":["Bash"]},{"damage_healed":0,"gold_gain":0,"player_choice":"Obtained Book","damage_taken":16,"max_hp_gain":0,"max_hp_loss":0,"event_name":"Cursed Tome","floor":20,"gold_loss":0},{"damage_healed":0,"gold_gain":0,"player_choice":"Fought Bandits","damage_taken":0,"max_hp_gain":0,"max_hp_loss":0,"event_name":"Masked Bandits","floor":28,"gold_loss":0},{"damage_healed":0,"gold_gain":0,"player_choice":"Upgraded","damage_taken":0,"max_hp_gain":0,"max_hp_loss":0,"event_name":"Upgrade Shrine","floor":36,"gold_loss":0,"cards_upgraded":["Barricade"]},{"damage_healed":0,"gold_gain":0,"player_choice":"Bought 0 Potions","damage_taken":0,"max_hp_gain":0,"max_hp_loss":0,"event_name":"The Woman in Blue","floor":45,"gold_loss":0},{"damage_healed":0,"gold_gain":222,"player_choice":"Wore Mask","damage_taken":0,"max_hp_gain":0,"max_hp_loss":0,"event_name":"Tomb of Lord Red Mask","floor":48,"gold_loss":0}],"is_beta":false,"boss_relics":[{"not_picked":["Sozu","Pandora\u0027s Box"],"picked":"Runic Pyramid"},{"not_picked":["Runic Dome","Cursed Key"],"picked":"Black Blood"}],"items_purged_floors":[19,38],"is_endless":false,"potions_floor_spawned":[4,8,11,16,18,22,24,28,31,37,41,46],"ascension_level":0}