{"gold_per_floor":[117,192,28,28,28,56,56,70,70,80,100,100,117,117,117,117],"floor_reached":16,"playtime":3243,"items_purged":[],"score":219,"play_id":"8915766e-50e1-4bc9-a4f5-de139e555234","local_time":"20190503155131","is_ascension_mode":true,"campfire_choices":[{"data":"Mayhem","floor":7,"key":"SMITH"},{"data":"Undo","floor":12,"key":"SMITH"},{"floor":15,"key":"REST"}],"neow_cost":"NONE","seed_source_timestamp":586678560120193,"circlet_count":0,"master_deck":["AscendersBane","Strike_B","Strike_B","Strike_B+1","Defend_B","Defend_B","Defend_B+1","Defend_B","Zap","Dualcast","Sweeping Beam","Mayhem+1","Cold Snap","Core Surge","Undo+1","Coolheaded"],"relics":["Cracked Core","NeowsBlessing","Kunai","Sundial"],"potions_floor_usage":[13,16],"damage_taken":[{"damage":0,"enemies":"2 Louse","floor":1,"turns":1},{"damage":0,"enemies":"Gremlin Nob","floor":6,"turns":1},{"damage":0,"enemies":"Jaw Worm","floor":8,"turns":1},{"damage":0,"enemies":"Small Slimes","floor":10,"turns":3},{"damage":10,"enemies":"3 Louse","floor":11,"turns":3},{"damage":5,"enemies":"Lots of Slimes","floor":13,"turns":3},{"damage":53,"enemies":"Hexaghost","floor":16,"turns":16}],"seed_played":"-2033365516785386396","potions_obtained":[{"floor":6,"key":"FocusPotion"},{"floor":10,"key":"SkillPotion"}],"is_trial":false,"path_per_floor":["M","?","$","?","?","E","R","M","T","M","M","R","M","?","R","B"],"character_chosen":"DEFECT","items_purchased":["Mayhem"],"campfire_rested":1,"item_purchase_floors":[3],"current_hp_per_floor":[64,53,53,71,64,64,64,64,64,64,54,54,49,28,49,0],"gold":117,"neow_bonus":"THREE_ENEMY_KILL","is_prod":false,"is_daily":false,"chose_seed":false,"campfire_upgraded":2,"win_rate":0,"timestamp":1556923891,"path_taken":["M","?","$","?","?","E","R","M","T","M","M","R","M","?","R","BOSS"],"build_version":"2019-01-23","purchased_purges":0,"victory":false,"max_hp_per_floor":[71,71,71,71,71,71,71,71,71,71,71,71,71,71,71,71],"card_choices":[{"not_picked":["Stack","Static Discharge"],"picked":"Sweeping Beam","floor":1},{"not_picked":["Barrage","Steam"],"picked":"Cold Snap","floor":6},{"not_picked":["Darkness","Conserve Battery"],"picked":"Core Surge","floor":8},{"not_picked":["Double Energy","Fusion"],"picked":"Undo","floor":10},{"not_picked":["Turbo","Aggregate","Go for the Eyes"],"picked":"SKIP","floor":11},{"not_picked":["Heatsinks","Steam"],"picked":"Coolheaded","floor":13}],"player_experience":886964,"relics_obtained":[{"floor":6,"key":"Kunai"},{"floor":9,"key":"Sundial"}],"event_choices":[{"damage_healed":0,"gold_gain":75,"player_choice":"Gather Gold","damage_taken":11,"max_hp_gain":0,"max_hp_loss":0,"event_name":"World of Goop","floor":2,"gold_loss":0},{"damage_healed":23,"gold_gain":0,"player_choice":"Banana","damage_taken":0,"max_hp_gain":0,"max_hp_loss":0,"event_name":"Big Fish","floor":4,"gold_loss":0},{"cards_removed":["Strike_B"],"damage_healed":0,"gold_gain":0,"player_choice":"Card Removal","damage_taken":7,"max_hp_gain":0,"max_hp_loss":0,"event_name":"Golden Wing","floor":5,"gold_loss":0},{"damage_healed":0,"gold_gain":0,"player_choice":"Entered Light","damage_taken":21,"max_hp_gain":0,"max_hp_loss":0,"event_name":"Shining Light","floor":14,"gold_loss":0,"cards_upgraded":["Defend_B","Strike_B"]}],"is_beta":false,"boss_relics":[],"items_purged_floors":[],"is_endless":false,"potions_floor_spawned":[6,10,11],"killed_by":"Hexaghost","ascension_level":15}