{"gold_per_floor":[112,62,62,62,10,48,48,48,48,48,61,97,112,131,131,131],"floor_reached":16,"playtime":580,"items_purged":[],"score":173,"play_id":"7cbe33a3-348b-4490-b762-44f4e6486c51","local_time":"20190314201654","is_ascension_mode":true,"campfire_choices":[{"floor":7,"key":"REST"},{"floor":10,"key":"REST"},{"floor":15,"key":"REST"}],"neow_cost":"NONE","seed_source_timestamp":2332952824667925,"circlet_count":0,"master_deck":["AscendersBane","Strike_R","Strike_R","Strike_R","Strike_R","Defend_R","Defend_R","Defend_R","Defend_R","Bash","Double Tap","Shrug It Off","Flame Barrier","Barricade","Pommel Strike","Body Slam"],"relics":["Burning Blood","Bag of Preparation","Golden Idol","PreservedInsect","Centennial Puzzle","Bag of Marbles"],"potions_floor_usage":[12,13],"damage_taken":[{"damage":6,"enemies":"Cultist","floor":1,"turns":3},{"damage":63,"enemies":"Lagavulin","floor":6,"turns":7},{"damage":17,"enemies":"Small Slimes","floor":11,"turns":7},{"damage":37,"enemies":"3 Sentries","floor":12,"turns":11},{"damage":2,"enemies":"Jaw Worm","floor":13,"turns":4},{"damage":17,"enemies":"Lots of Slimes","floor":14,"turns":5},{"damage":43,"enemies":"The Guardian","floor":16,"turns":11}],"seed_played":"3550577903201326192","potions_obtained":[{"floor":11,"key":"SkillPotion"},{"floor":12,"key":"Ancient Potion"},{"floor":13,"key":"Fruit Juice"}],"is_trial":false,"path_per_floor":["M","?","?","?","$","E","R","$","T","R","M","E","M","M","R","B"],"character_chosen":"IRONCLAD","items_purchased":["Shrug It Off"],"campfire_rested":3,"item_purchase_floors":[5],"current_hp_per_floor":[72,72,69,69,69,12,34,34,34,56,45,14,23,12,35,0],"gold":131,"neow_bonus":"ONE_RANDOM_RARE_CARD","is_prod":false,"is_daily":false,"chose_seed":false,"campfire_upgraded":0,"win_rate":0,"timestamp":1552609014,"path_taken":["M","?","?","?","?","E","R","$","T","R","?","E","M","M","R","BOSS"],"build_version":"2019-01-23","purchased_purges":0,"victory":false,"max_hp_per_floor":[80,80,80,74,74,74,74,74,74,74,74,74,79,79,79,79],"card_choices":[{"not_picked":["Clash","Warcry","Flex"],"picked":"SKIP","floor":1},{"not_picked":["Seeing Red","Exhume","Pummel"],"picked":"SKIP","floor":6},{"not_picked":["Dual Wield","Shockwave"],"picked":"Flame Barrier","floor":11},{"not_picked":["Limit Break","Berserk"],"picked":"Barricade","floor":12},{"not_picked":["Warcry","Entrench"],"picked":"Pommel Strike","floor":13},{"not_picked":["Power Through","Feel No Pain"],"picked":"Body Slam","floor":14}],"player_experience":389482,"relics_obtained":[{"floor":6,"key":"PreservedInsect"},{"floor":9,"key":"Centennial Puzzle"},{"floor":12,"key":"Bag of Marbles"}],"event_choices":[{"cards_removed":["Strike_R"],"damage_healed":0,"gold_gain":0,"player_choice":"Card Removal","damage_taken":0,"max_hp_gain":0,"max_hp_loss":0,"event_name":"The Cleric","floor":2,"gold_loss":50},{"damage_healed":0,"gold_gain":0,"player_choice":"Success","damage_taken":3,"relics_obtained":["Bag of Preparation"],"max_hp_gain":0,"max_hp_loss":0,"event_name":"Scrap Ooze","floor":3,"gold_loss":0},{"damage_healed":0,"gold_gain":0,"player_choice":"Lose Max HP","damage_taken":0,"relics_obtained":["Golden Idol"],"max_hp_gain":0,"max_hp_loss":6,"event_name":"Golden Idol","floor":4,"gold_loss":0}],"is_beta":false,"boss_relics":[],"items_purged_floors":[],"is_endless":false,"potions_floor_spawned":[11,12,13],"killed_by":"The Guardian","ascension_level":12}