{"gold_per_floor":[118,136,136,152,168,195,195,34,59,94,105,105,117,46,46,142,142,152,163,163,179,191,191,220,220,220,232,232,232],"floor_reached":29,"playtime":3828,"items_purged":[],"score":334,"play_id":"51d7a187-fee1-445a-9320-4b82dc546e6d","local_time":"20190630101210","is_ascension_mode":true,"campfire_choices":[{"floor":7.0,"key":"REST"},{"floor":12.0,"key":"REST"},{"data":"Shockwave","floor":15.0,"key":"SMITH"},{"floor":23.0,"key":"REST"}],"neow_cost":"NONE","seed_source_timestamp":0,"circlet_count":0,"master_deck":["Strike_R","Strike_R+1","Strike_R","Strike_R","Defend_R","Defend_R","Defend_R","Defend_R","Bash","Shrug It Off","Pommel Strike","Shockwave+1","Havoc","Flame Barrier","Feel No Pain","Finesse","Warcry","Havoc","Shrug It Off","Feel No Pain","Demon Form","Havoc+1","Metallicize","Thunderclap+1","Shrug It Off","Heavy Blade","Dropkick"],"special_seed":0,"relics":["Burning Blood","Omamori","Bronze Scales","Regal Pillow","Art of War","Sozu","WarpedTongs","Whetstone","Necronomicon"],"potions_floor_usage":[24],"damage_taken":[{"damage":4.0,"enemies":"2 Louse","floor":1.0,"turns":3.0},{"damage":7.0,"enemies":"Cultist","floor":2.0,"turns":5.0},{"damage":2.0,"enemies":"Jaw Worm","floor":4.0,"turns":4.0},{"damage":18.0,"enemies":"Lots of Slimes","floor":5.0,"turns":7.0},{"damage":51.0,"enemies":"3 Sentries","floor":6.0,"turns":13.0},{"damage":42.0,"enemies":"Gremlin Nob","floor":10.0,"turns":5.0},{"damage":3.0,"enemies":"Exordium Wildlife","floor":11.0,"turns":5.0},{"damage":3.0,"enemies":"Blue Slaver","floor":13.0,"turns":4.0},{"damage":37.0,"enemies":"The Guardian","floor":16.0,"turns":16.0},{"damage":5.0,"enemies":"3 Byrds","floor":18.0,"turns":4.0},{"damage":16.0,"enemies":"Shell Parasite","floor":19.0,"turns":6.0},{"damage":34.0,"enemies":"Snake Plant","floor":21.0,"turns":5.0},{"damage":0.0,"enemies":"Chosen and Byrds","floor":22.0,"turns":6.0},{"damage":25,"enemies":"Gremlin Leader","floor":24,"turns":9},{"damage":2,"enemies":"Shelled Parasite and Fungi","floor":27,"turns":6},{"damage":45,"enemies":"Slavers","floor":29,"turns":2}],"seed_played":"8796138255494957792","potions_obtained":[{"floor":6.0,"key":"Explosive Potion"},{"floor":11.0,"key":"LiquidBronze"},{"floor":16.0,"key":"SkillPotion"}],"is_trial":false,"path_per_floor":["M","M","?","M","M","E","R","$","T","E","M","R","M","$","R","B",null,"M","M","?","M","M","R","E","?","T","M","?","E"],"character_chosen":"IRONCLAD","items_purchased":["Feel No Pain","Finesse","Feel No Pain"],"campfire_rested":3,"item_purchase_floors":[8,8,14],"current_hp_per_floor":[74,73,73,77,65,20,44,44,44,8,11,50,53,53,53,22,66,67,57,57,29,35,74,55,39,39,43,43,0],"gold":232,"neow_bonus":"RANDOM_COMMON_RELIC","is_prod":false,"is_daily":false,"chose_seed":false,"campfire_upgraded":1,"win_rate":0,"timestamp":1561885930,"path_taken":["M","M","?","?","M","E","R","$","T","E","M","R","M","$","R","BOSS","M","M","?","M","?","R","E","?","T","M","?","E"],"build_version":"2019-01-23","purchased_purges":0,"victory":false,"max_hp_per_floor":[80,80,80,80,80,80,80,80,80,80,80,80,80,80,80,80,80,80,80,80,80,80,80,80,80,80,80,80,80],"card_choices":[{"not_picked":["Twin Strike","Armaments"],"picked":"Shrug It Off","floor":1.0},{"not_picked":["Clash","Wild Strike"],"picked":"Pommel Strike","floor":2.0},{"not_picked":["Reckless Charge","Sword Boomerang"],"picked":"Shockwave","floor":4.0},{"not_picked":["Clothesline","Body Slam"],"picked":"Havoc","floor":5.0},{"not_picked":["Bludgeon","Flex"],"picked":"Flame Barrier","floor":6.0},{"not_picked":["Berserk","Pommel Strike"],"picked":"Warcry","floor":10.0},{"not_picked":["Flex","Clash"],"picked":"Havoc","floor":11.0},{"not_picked":["Blood for Blood","Heavy Blade"],"picked":"Shrug It Off","floor":13.0},{"not_picked":["Impervious","Exhume"],"picked":"Demon Form","floor":16.0},{"not_picked":["Thunderclap","Infernal Blade"],"picked":"Havoc+1","floor":18.0},{"not_picked":["Clash","Intimidate+1"],"picked":"Metallicize","floor":19.0},{"not_picked":["Rupture","Power Through"],"picked":"Thunderclap","floor":21.0},{"not_picked":["Clash+1","Perfected Strike+1"],"picked":"Shrug It Off","floor":22.0},{"not_picked":["Wild Strike","Headbutt"],"picked":"Heavy Blade","floor":24},{"not_picked":["Burning Pact","Offering"],"picked":"Dropkick","floor":27}],"player_experience":860905,"relics_obtained":[{"floor":6.0,"key":"Bronze Scales"},{"floor":9.0,"key":"Regal Pillow"},{"floor":10.0,"key":"Art of War"},{"floor":24,"key":"Whetstone"},{"floor":25,"key":"Necronomicon"}],"event_choices":[{"cards_removed":["Strike_R"],"damage_healed":0.0,"max_hp_gain":0.0,"max_hp_loss":0.0,"gold_gain":0.0,"event_name":"Purifier","player_choice":"Purged","floor":3.0,"gold_loss":0.0,"damage_taken":0.0},{"damage_healed":0.0,"max_hp_gain":0.0,"max_hp_loss":0.0,"gold_gain":0.0,"event_name":"Accursed Blacksmith","player_choice":"Rummage","floor":20.0,"gold_loss":0.0,"damage_taken":0.0,"relics_obtained":["WarpedTongs"],"cards_obtained":["Pain"]},{"damage_healed":0,"gold_gain":0,"player_choice":"Obtained Book","damage_taken":16,"max_hp_gain":0,"max_hp_loss":0,"event_name":"Cursed Tome","floor":25,"gold_loss":0},{"damage_healed":0,"gold_gain":0,"player_choice":"Bought 0 Potions","damage_taken":0,"max_hp_gain":0,"max_hp_loss":0,"event_name":"The Woman in Blue","floor":28,"gold_loss":0}],"is_beta":false,"boss_relics":[{"not_picked":["Tiny House","Black Star"],"picked":"Sozu"}],"items_purged_floors":[],"is_endless":false,"potions_floor_spawned":[6,11,16,18,21],"killed_by":"Slavers","ascension_level":6}