{"gold_per_floor":[111,111,123,273,273,273,308,177,177,177,204,204,204],"floor_reached":13,"playtime":295,"items_purged":["Doubt"],"score":174,"play_id":"1edcf37f-5272-452d-85fc-244c005d6a2c","local_time":"20190407230803","is_ascension_mode":true,"campfire_choices":[{"data":"Static Discharge","floor":6,"key":"SMITH"},{"data":"Zap","floor":10,"key":"SMITH"}],"neow_cost":"PERCENT_DAMAGE","seed_source_timestamp":191956310414094,"circlet_count":0,"master_deck":["AscendersBane","Strike_B","Strike_B","Strike_B","Strike_B","Defend_B","Defend_B","Defend_B","Defend_B","Zap+1","Dualcast","Static Discharge+1","Ball Lightning","Self Repair","Coolheaded","Conserve Battery","Parasite"],"relics":["Cracked Core","Calipers","Emotion Chip","FossilizedHelix","Dream Catcher"],"potions_floor_usage":[7,11],"damage_taken":[{"damage":1,"enemies":"2 Louse","floor":1,"turns":3},{"damage":7,"enemies":"Jaw Worm","floor":3,"turns":4},{"damage":32,"enemies":"Gremlin Nob","floor":7,"turns":3},{"damage":13,"enemies":"3 Sentries","floor":11,"turns":5},{"damage":50,"enemies":"Gremlin Nob","floor":13,"turns":4}],"seed_played":"-6157488439781621714","potions_obtained":[{"floor":3,"key":"PowerPotion"},{"floor":7,"key":"Strength Potion"}],"is_trial":false,"path_per_floor":["M","$","M","?","?","R","E","$","T","R","E","?","E"],"character_chosen":"DEFECT","items_purchased":["Coolheaded"],"campfire_rested":0,"item_purchase_floors":[8],"current_hp_per_floor":[45,45,38,38,61,61,29,29,29,29,16,33,0],"gold":204,"neow_bonus":"ONE_RARE_RELIC","is_prod":false,"is_daily":false,"chose_seed":false,"campfire_upgraded":2,"win_rate":0,"timestamp":1554692883,"path_taken":["M","$","M","?","?","R","E","$","T","R","E","?","E"],"build_version":"2019-01-23","purchased_purges":1,"victory":false,"max_hp_per_floor":[71,71,71,71,71,71,71,71,71,71,71,71,71],"card_choices":[{"not_picked":["Steam","Gash"],"picked":"Static Discharge","floor":1},{"not_picked":["Reinforced Body","Chill"],"picked":"Ball Lightning","floor":3},{"not_picked":["Leap","Storm"],"picked":"Self Repair","floor":7},{"not_picked":["Rebound","Darkness"],"picked":"Conserve Battery","floor":11}],"player_experience":543967,"relics_obtained":[{"floor":7,"key":"Emotion Chip"},{"floor":9,"key":"FossilizedHelix"},{"floor":11,"key":"Dream Catcher"}],"event_choices":[{"damage_healed":0,"gold_gain":150,"player_choice":"AGREE","damage_taken":0,"max_hp_gain":0,"max_hp_loss":0,"event_name":"Liars Game","floor":4,"gold_loss":0,"cards_obtained":["Doubt"]},{"damage_healed":23,"gold_gain":0,"player_choice":"Banana","damage_taken":0,"max_hp_gain":0,"max_hp_loss":0,"event_name":"Big Fish","floor":5,"gold_loss":0},{"damage_healed":17,"gold_gain":0,"player_choice":"Healed and dodged fight","damage_taken":0,"max_hp_gain":0,"max_hp_loss":0,"event_name":"Mushrooms","floor":12,"gold_loss":0,"cards_obtained":["Parasite"]}],"is_beta":false,"boss_relics":[],"items_purged_floors":[8],"is_endless":false,"potions_floor_spawned":[3,7],"killed_by":"Gremlin Nob","ascension_level":19}