{"gold_per_floor":[119,119,84,3,3,3,38,51,51,51,66,18,33,33,33,111,111,129,54,0,0,18,18,75,75,99,22,32,32,32,32,32,111,111,127,127,147,147,147,147,182,202,254,273,273],"floor_reached":45,"playtime":2660,"items_purged":[],"score":869,"play_id":"e71cfb50-94cc-48de-88ac-9c50d288a957","local_time":"20181119200856","is_ascension_mode":true,"campfire_choices":[{"data":"Carnage","floor":6.0,"key":"SMITH"},{"floor":10.0,"key":"REST"},{"data":"Blood for Blood","floor":15.0,"key":"SMITH"},{"floor":23.0,"key":"REST"},{"floor":32.0,"key":"REST"},{"data":"Defend_R","floor":40,"key":"SMITH"}],"neow_cost":"NONE","seed_source_timestamp":6941538075624,"circlet_count":0,"master_deck":["AscendersBane","Strike_R","Strike_R+1","Strike_R+1","Defend_R","Defend_R+1","Defend_R+1","Defend_R+1","Bash","Barricade+1","Carnage+1","Clothesline","Entrench+1","Twin Strike","Blood for Blood+1","Shockwave+1","Ghostly Armor+1","Ghostly Armor+1","Entrench+1","Headbutt","Ghostly Armor+1","Impervious+1"],"special_seed":0,"relics":["Burning Blood","Juzu Bracelet","Toxic Egg 2","Red Skull","Velvet Choker","Tiny Chest","Centennial Puzzle","Busted Crown","Smiling Mask","Pen Nib"],"potions_floor_usage":[41,44],"damage_taken":[{"damage":19.0,"enemies":"Jaw Worm","floor":1.0,"turns":4.0},{"damage":40.0,"enemies":"3 Sentries","floor":7.0,"turns":8.0},{"damage":2.0,"enemies":"Small Slimes","floor":8.0,"turns":2.0},{"damage":7.0,"enemies":"2 Louse","floor":11.0,"turns":2.0},{"damage":7.0,"enemies":"Blue Slaver","floor":13.0,"turns":6.0},{"damage":19.0,"enemies":"Hexaghost","floor":16.0,"turns":9.0},{"damage":15.0,"enemies":"3 Byrds","floor":18.0,"turns":7.0},{"damage":46.0,"enemies":"Colosseum Slavers","floor":21.0,"turns":6.0},{"damage":2.0,"enemies":"Chosen","floor":22.0,"turns":3.0},{"damage":39.0,"enemies":"Slavers","floor":24.0,"turns":5.0},{"damage":9.0,"enemies":"Snake Plant","floor":28.0,"turns":6.0},{"damage":3.0,"enemies":"Champ","floor":33.0,"turns":22.0},{"damage":24,"enemies":"3 Darklings","floor":35,"turns":18},{"damage":11,"enemies":"Orb Walker","floor":37,"turns":7},{"damage":0,"enemies":"Giant Head","floor":41,"turns":20},{"damage":35,"enemies":"Spire Growth","floor":42,"turns":8},{"damage":52,"enemies":"Jaw Worm Horde","floor":44,"turns":5},{"damage":25,"enemies":"Reptomancer","floor":45,"turns":3}],"seed_played":"-3029047334622602194","potions_obtained":[{"floor":7.0,"key":"Fire Potion"},{"floor":8.0,"key":"GamblersBrew"},{"floor":11.0,"key":"Poison Potion"},{"floor":16.0,"key":"Weak Potion"},{"floor":24.0,"key":"SkillPotion"},{"floor":33.0,"key":"Swift Potion"},{"floor":35,"key":"EssenceOfSteel"}],"is_trial":false,"path_per_floor":["M","?","?","$","?","R","E","M","T","R","M","$","M","?","R","B",null,"M","?","?","?","M","R","E","$","T","$","M","?","?","$","R","B",null,"M","?","M","?","?","R","E","M","T","M","E"],"character_chosen":"IRONCLAD","items_purchased":["Carnage","SkillPotion","Entrench+1"],"campfire_rested":3,"item_purchase_floors":[4,12,27],"current_hp_per_floor":[55,55,73,73,55,55,21,25,25,47,46,46,45,30,30,17,61,55,55,55,18,25,50,20,20,20,20,20,20,20,20,47,50,80,62,62,57,100,100,100,100,71,71,25,0],"gold":273,"neow_bonus":"TRANSFORM_CARD","is_prod":false,"is_daily":false,"chose_seed":false,"campfire_upgraded":3,"win_rate":0,"timestamp":1542686936,"path_taken":["M","?","?","$","?","R","E","M","T","R","M","?","M","?","R","BOSS","M","?","?","?","M","R","E","?","T","$","M","?","?","?","R","BOSS","M","?","M","?","?","R","E","M","T","M","E"],"build_version":"2018-11-15","purchased_purges":0,"victory":false,"max_hp_per_floor":[75,75,75,75,75,75,75,75,75,75,75,75,75,75,75,75,75,78,78,78,81,84,84,87,87,87,87,90,90,90,90,90,90,90,90,90,90,100,100,100,100,100,100,100,100],"card_choices":[{"not_picked":["Anger","Heavy Blade","Thunderclap"],"picked":"SKIP","floor":1.0},{"not_picked":["Fire Breathing","Shockwave"],"picked":"Clothesline","floor":7.0},{"not_picked":["Intimidate+1","True Grit+1"],"picked":"Entrench+1","floor":8.0},{"not_picked":["Havoc+1","Sword Boomerang"],"picked":"Twin Strike","floor":11.0},{"not_picked":["Wild Strike","Headbutt"],"picked":"Blood for Blood","floor":13.0},{"not_picked":["Juggernaut","Barricade"],"picked":"Feed","floor":16.0},{"not_picked":["Corruption","Second Wind+1"],"picked":"Shockwave+1","floor":18.0},{"not_picked":["Warcry+1","Rampage"],"picked":"Ghostly Armor+1","floor":22.0},{"not_picked":["Iron Wave","Anger+1"],"picked":"Ghostly Armor+1","floor":24.0},{"not_picked":["Havoc+1","Corruption+1"],"picked":"Headbutt","floor":28.0},{"not_picked":["Immolate","Double Tap+1"],"picked":"Impervious+1","floor":33.0},{"not_picked":["Pummel"],"picked":"SKIP","floor":35},{"not_picked":["Sentinel+1"],"picked":"SKIP","floor":37},{"not_picked":["Sword Boomerang"],"picked":"SKIP","floor":41},{"not_picked":["Heavy Blade"],"picked":"SKIP","floor":42},{"not_picked":["Iron Wave"],"picked":"SKIP","floor":44}],"player_experience":788733,"relics_obtained":[{"floor":7.0,"key":"Toxic Egg 2"},{"floor":9.0,"key":"Red Skull"},{"floor":24.0,"key":"Tiny Chest"},{"floor":26.0,"key":"Centennial Puzzle"},{"floor":41,"key":"Smiling Mask"},{"floor":43,"key":"Pen Nib"}],"event_choices":[{"damage_healed":0.0,"max_hp_gain":0.0,"max_hp_loss":0.0,"gold_gain":0.0,"event_name":"Living Wall","player_choice":"Grow","floor":2.0,"gold_loss":0.0,"damage_taken":0.0,"cards_upgraded":["Barricade"]},{"damage_healed":18.0,"max_hp_gain":0.0,"max_hp_loss":0.0,"gold_gain":0.0,"event_name":"The Cleric","player_choice":"Healed","floor":3.0,"gold_loss":35.0,"damage_taken":0.0},{"damage_healed":0.0,"max_hp_gain":0.0,"max_hp_loss":0.0,"gold_gain":0.0,"event_name":"Scrap Ooze","player_choice":"Success","floor":5.0,"gold_loss":0.0,"damage_taken":18.0,"relics_obtained":["Juzu Bracelet"]},{"damage_healed":0.0,"max_hp_gain":0.0,"max_hp_loss":0.0,"gold_gain":0.0,"event_name":"Shining Light","player_choice":"Entered Light","floor":14.0,"gold_loss":0.0,"damage_taken":15.0,"cards_upgraded":["Strike_R","Strike_R"]},{"cards_removed":["Strike_R"],"damage_healed":0.0,"max_hp_gain":0.0,"max_hp_loss":0.0,"gold_gain":0.0,"event_name":"Beggar","player_choice":"Gave Gold","floor":19.0,"gold_loss":75.0,"damage_taken":0.0},{"damage_healed":0.0,"max_hp_gain":0.0,"max_hp_loss":0.0,"gold_gain":0.0,"event_name":"Masked Bandits","player_choice":"Paid Fearfully","floor":20.0,"gold_loss":54.0,"damage_taken":0.0},{"damage_healed":0.0,"max_hp_gain":0.0,"max_hp_loss":0.0,"gold_gain":0.0,"event_name":"Colosseum","player_choice":"Fight","floor":21.0,"gold_loss":0.0,"damage_taken":0.0},{"damage_healed":0.0,"max_hp_gain":0.0,"max_hp_loss":0.0,"gold_gain":0.0,"event_name":"Colosseum","player_choice":"Fled From Nobs","floor":21.0,"gold_loss":0.0,"damage_taken":0.0},{"damage_healed":0.0,"max_hp_gain":0.0,"max_hp_loss":0.0,"gold_gain":0.0,"event_name":"Duplicator","player_choice":"Copied","floor":29.0,"gold_loss":0.0,"damage_taken":0.0,"cards_obtained":["Ghostly Armor"]},{"damage_healed":0.0,"max_hp_gain":0.0,"max_hp_loss":0.0,"gold_gain":0.0,"event_name":"Upgrade Shrine","player_choice":"Upgraded","floor":30.0,"gold_loss":0.0,"damage_taken":0.0,"cards_upgraded":["Defend_R"]},{"damage_healed":0,"gold_gain":0,"player_choice":"Upgraded","damage_taken":0,"max_hp_gain":0,"max_hp_loss":0,"event_name":"Upgrade Shrine","floor":36,"gold_loss":0,"cards_upgraded":["Defend_R"]},{"cards_removed":["Feed"],"damage_healed":33,"gold_gain":0,"player_choice":"Offered Rare","damage_taken":0,"max_hp_gain":10,"max_hp_loss":0,"event_name":"Bonfire Elementals","floor":38,"gold_loss":0},{"damage_healed":0,"gold_gain":0,"player_choice":"Ignored","damage_taken":0,"max_hp_gain":0,"max_hp_loss":0,"event_name":"Tomb of Lord Red Mask","floor":39,"gold_loss":0}],"is_beta":false,"boss_relics":[{"not_picked":["Calling Bell","Snecko Eye"],"picked":"Velvet Choker"},{"not_picked":["Tiny House","Coffee Dripper"],"picked":"Busted Crown"}],"items_purged_floors":[],"is_endless":false,"potions_floor_spawned":[7,8,11,16,24,33,35],"killed_by":"Reptomancer","ascension_level":14}