{"gold_per_floor":[109,126,126,126,146,146,487,487,487,526,526,547,77,77,77,77],"floor_reached":16,"playtime":547,"items_purged":[],"score":167,"play_id":"9da1b8c1-7fb3-4026-904f-e867a5426458","local_time":"20190311214239","is_ascension_mode":true,"campfire_choices":[{"data":"Rupture","floor":6,"key":"SMITH"},{"floor":8,"key":"REST"},{"floor":15,"key":"REST"}],"neow_cost":"NONE","seed_source_timestamp":2078923199159979,"circlet_count":0,"master_deck":["AscendersBane","Strike_R","Strike_R","Strike_R","Strike_R","Defend_R","Defend_R","Defend_R","Defend_R","Bash","Rupture+1","Brutality","Body Slam","Feed","Combust","Thunderclap","Uppercut"],"relics":["Burning Blood","NeowsBlessing","Golden Idol","Bird Faced Urn","Old Coin","The Courier","Shuriken","Brimstone","Champion Belt"],"potions_floor_usage":[10,12,16],"damage_taken":[{"damage":0,"enemies":"Small Slimes","floor":1,"turns":1},{"damage":0,"enemies":"Cultist","floor":2,"turns":1},{"damage":0,"enemies":"Jaw Worm","floor":5,"turns":1},{"damage":57,"enemies":"Lagavulin","floor":7,"turns":8},{"damage":44,"enemies":"Gremlin Nob","floor":10,"turns":5},{"damage":17,"enemies":"Lots of Slimes","floor":12,"turns":5},{"damage":36,"enemies":"The Guardian","floor":16,"turns":8}],"seed_played":"-9218362762403946694","potions_obtained":[{"floor":1,"key":"SkillPotion"},{"floor":5,"key":"EntropicBrew"},{"floor":12,"key":"SneckoOil"}],"is_trial":false,"path_per_floor":["M","M","?","?","M","R","E","R","T","E","?","M","$","?","R","B"],"character_chosen":"IRONCLAD","items_purchased":["Brimstone","Champion Belt","Uppercut"],"campfire_rested":2,"item_purchase_floors":[13,13,13],"current_hp_per_floor":[78,80,74,74,74,74,25,47,47,13,13,7,7,7,30,0],"gold":77,"neow_bonus":"THREE_ENEMY_KILL","is_prod":false,"is_daily":false,"chose_seed":false,"campfire_upgraded":1,"win_rate":0,"timestamp":1552354959,"path_taken":["M","M","?","?","?","R","E","R","T","E","?","?","?","?","R","BOSS"],"build_version":"2019-01-23","purchased_purges":0,"victory":false,"max_hp_per_floor":[80,80,74,74,74,74,74,74,74,74,74,77,77,77,77,77],"card_choices":[{"not_picked":["Havoc","Burning Pact"],"picked":"Rupture","floor":1},{"not_picked":["Perfected Strike","Iron Wave"],"picked":"Brutality","floor":2},{"not_picked":["Wild Strike","True Grit"],"picked":"Body Slam","floor":5},{"not_picked":["Warcry","Infernal Blade"],"picked":"Feed","floor":7},{"not_picked":["Wild Strike","Exhume"],"picked":"Combust","floor":10},{"not_picked":["Warcry","Iron Wave"],"picked":"Thunderclap","floor":12}],"player_experience":357949,"relics_obtained":[{"floor":7,"key":"Old Coin"},{"floor":9,"key":"The Courier"},{"floor":10,"key":"Shuriken"}],"event_choices":[{"damage_healed":0,"gold_gain":0,"player_choice":"Lose Max HP","damage_taken":0,"relics_obtained":["Golden Idol"],"max_hp_gain":0,"max_hp_loss":6,"event_name":"Golden Idol","floor":3,"gold_loss":0},{"damage_healed":0,"gold_gain":0,"player_choice":"Gave Potion","damage_taken":0,"relics_obtained":["Bird Faced Urn"],"max_hp_gain":0,"max_hp_loss":0,"event_name":"WeMeetAgain","floor":4,"gold_loss":0},{"cards_removed":["Strike_R"],"damage_healed":0,"gold_gain":0,"player_choice":"Offered Basic","damage_taken":0,"max_hp_gain":0,"max_hp_loss":0,"event_name":"Bonfire Elementals","floor":11,"gold_loss":0},{"damage_healed":0,"gold_gain":0,"player_choice":"Ignored","damage_taken":0,"max_hp_gain":0,"max_hp_loss":0,"event_name":"Shining Light","floor":14,"gold_loss":0}],"is_beta":false,"boss_relics":[],"items_purged_floors":[],"is_endless":false,"potions_floor_spawned":[1,5,12],"killed_by":"The Guardian","ascension_level":11}