{"gold_per_floor":[114,114,125,50,50,50,80,2,28,28,63,63,74,92,92,165,165,180,180,190,200,150,150,169,169,169,94,94,111,111,130,130,130],"floor_reached":33,"playtime":3620,"items_purged":["Strike_B"],"score":490,"play_id":"c4a917e0-54d7-498b-9405-b5d82ed1f866","local_time":"20190503184437","is_ascension_mode":true,"campfire_choices":[{"data":"Defragment","floor":6,"key":"SMITH"},{"data":"Leap","floor":15,"key":"SMITH"},{"floor":23,"key":"REST"},{"floor":25,"key":"REST"},{"data":"Echo Form","floor":28,"key":"SMITH"},{"floor":30,"key":"REST"},{"floor":32,"key":"REST"}],"neow_cost":"NONE","seed_source_timestamp":596685143045757,"circlet_count":0,"master_deck":["AscendersBane","Strike_B","Strike_B","Defend_B","Defend_B","Defend_B","Zap+1","Dualcast","Undo","Defragment+1","Compile Driver","Sunder","Scrape","Echo Form+1","Leap+1","Electrodynamics","Conserve Battery","BootSequence","Capacitor","Cold Snap+1","Self Repair","Gash"],"relics":["Cracked Core","NeowsBlessing","PreservedInsect","Boot","Art of War","Bottled Flame","Orrery","Vajra"],"potions_floor_usage":[11,16,21,29,31],"damage_taken":[{"damage":0,"enemies":"Cultist","floor":1,"turns":1},{"damage":0,"enemies":"2 Louse","floor":3,"turns":1},{"damage":0,"enemies":"Lagavulin","floor":7,"turns":1},{"damage":20,"enemies":"3 Sentries","floor":11,"turns":4},{"damage":2,"enemies":"Small Slimes","floor":13,"turns":3},{"damage":11,"enemies":"Looter","floor":14,"turns":3},{"damage":6,"enemies":"Hexaghost","floor":16,"turns":9},{"damage":20,"enemies":"3 Byrds","floor":18,"turns":3},{"damage":9,"enemies":"Spheric Guardian","floor":20,"turns":4},{"damage":24,"enemies":"Snake Plant","floor":21,"turns":4},{"damage":13,"enemies":"Snecko","floor":24,"turns":5},{"damage":33,"enemies":"Sentry and Sphere","floor":29,"turns":6},{"damage":18,"enemies":"Centurion and Healer","floor":31,"turns":8},{"damage":55,"enemies":"Champ","floor":33,"turns":13}],"seed_played":"6636332449841516135","potions_obtained":[{"floor":3,"key":"Regen Potion"},{"floor":14,"key":"Block Potion"},{"floor":16,"key":"SpeedPotion"},{"floor":24,"key":"Explosive Potion"},{"floor":29,"key":"Weak Potion"}],"is_trial":false,"path_per_floor":["M","?","M","?","?","R","E","$","T","$","E","T","M","M","R","B",null,"M","?","M","M","?","R","M","R","T","$","R","M","R","M","R","B"],"character_chosen":"DEFECT","items_purchased":["Sunder"],"campfire_rested":4,"item_purchase_floors":[8],"current_hp_per_floor":[64,64,64,64,57,57,57,57,57,57,46,46,44,33,33,27,60,40,54,45,21,21,42,29,50,50,50,50,17,38,27,48,0],"gold":130,"neow_bonus":"THREE_ENEMY_KILL","is_prod":false,"is_daily":false,"chose_seed":false,"campfire_upgraded":3,"win_rate":0,"timestamp":1556934277,"path_taken":["M","?","M","?","?","R","E","$","T","$","E","?","M","M","R","BOSS","M","?","M","M","?","R","M","R","T","$","R","?","R","M","R","BOSS"],"build_version":"2019-01-23","purchased_purges":1,"victory":false,"max_hp_per_floor":[71,71,71,71,71,71,71,71,71,71,71,71,71,71,71,71,71,71,71,71,71,71,71,71,71,71,71,71,71,71,71,71,71],"card_choices":[{"not_picked":["Rebound","Ball Lightning"],"picked":"Undo","floor":1},{"not_picked":["Compile Driver","Darkness"],"picked":"Defragment","floor":3},{"not_picked":["Redo","Double Energy"],"picked":"Compile Driver","floor":7},{"not_picked":["Chill","Aggregate"],"picked":"Scrape","floor":11},{"not_picked":["Darkness","Scrape"],"picked":"Echo Form","floor":13},{"not_picked":["Hologram","Stack"],"picked":"Leap","floor":14},{"not_picked":["Seek","Multi-Cast"],"picked":"Electrodynamics","floor":16},{"not_picked":["White Noise","Darkness"],"picked":"Conserve Battery","floor":17},{"not_picked":["Coolheaded","Streamline"],"picked":"BootSequence","floor":18},{"not_picked":["Stack","Force Field"],"picked":"Capacitor","floor":20},{"not_picked":["Stack","Ball Lightning","Sweeping Beam"],"picked":"SKIP","floor":21},{"not_picked":["Chill","Coolheaded"],"picked":"Cold Snap+1","floor":24},{"not_picked":["Go for the Eyes","Rebound"],"picked":"Self Repair","floor":29},{"not_picked":["Hello World","White Noise"],"picked":"Gash","floor":31}],"player_experience":896764,"relics_obtained":[{"floor":7,"key":"PreservedInsect"},{"floor":9,"key":"Boot"},{"floor":11,"key":"Art of War"},{"floor":12,"key":"Bottled Flame"},{"floor":26,"key":"Vajra"}],"event_choices":[{"damage_healed":0,"gold_gain":0,"player_choice":"Grow","damage_taken":0,"max_hp_gain":0,"max_hp_loss":0,"event_name":"Living Wall","floor":2,"gold_loss":0,"cards_upgraded":["Zap"]},{"cards_removed":["Strike_B"],"damage_healed":0,"gold_gain":0,"player_choice":"Card Removal","damage_taken":0,"max_hp_gain":0,"max_hp_loss":0,"event_name":"The Cleric","floor":4,"gold_loss":75},{"cards_removed":["Defend_B"],"damage_healed":0,"gold_gain":0,"player_choice":"Card Removal","damage_taken":7,"max_hp_gain":0,"max_hp_loss":0,"event_name":"Golden Wing","floor":5,"gold_loss":0},{"damage_healed":14,"gold_gain":0,"player_choice":"Heal","damage_taken":0,"max_hp_gain":0,"max_hp_loss":0,"event_name":"The Library","floor":19,"gold_loss":0},{"damage_healed":0,"gold_gain":0,"player_choice":"Bet on Owner","damage_taken":0,"max_hp_gain":0,"max_hp_loss":0,"event_name":"The Joust","floor":22,"gold_loss":50}],"is_beta":false,"boss_relics":[{"not_picked":["Philosopher\u0027s Stone","Black Star"],"picked":"Orrery"}],"items_purged_floors":[27],"is_endless":false,"potions_floor_spawned":[3,14,16,24,29],"killed_by":"Champ","ascension_level":15}