{"gold_per_floor":[119,135,21,21,40,40,75,75,75,87,36,54,54,72,72,171,171,171,171,94,94,94,94,94,94,94,94,94,94,94,94,94,94,94,94,94,94,43,43],"floor_reached":39,"playtime":3366,"items_purged":["Doubt"],"score":663,"play_id":"b6d46556-79b8-4c82-bb3f-a847bf155f75","local_time":"20190702184931","is_ascension_mode":true,"campfire_choices":[{"data":"Neutralize","floor":6,"key":"SMITH"},{"floor":8,"key":"REST"},{"data":"Burst","floor":13,"key":"SMITH"},{"data":"Noxious Fumes","floor":15,"key":"SMITH"},{"data":"Well Laid Plans","floor":23,"key":"SMITH"},{"floor":25,"key":"REST"},{"data":"Catalyst","floor":27,"key":"SMITH"},{"floor":32,"key":"REST"}],"neow_cost":"CURSE","seed_source_timestamp":6717089533494660,"circlet_count":0,"master_deck":["AscendersBane","Strike_G","Strike_G","Strike_G","Strike_G","Strike_G","Defend_G","Defend_G","Defend_G","Defend_G","Defend_G","Survivor","Neutralize+1","Dagger Throw","Noxious Fumes+1","Burst+1","Deadly Poison","Bullet Time","PiercingWail+1","Well Laid Plans+1","Catalyst+1","Acrobatics","Crippling Poison","Escape Plan+1","Malaise","Deflect"],"relics":["Ring of the Snake","Mercury Hourglass","Anchor","Ectoplasm","Lantern","Letter Opener","MutagenicStrength","Eternal Feather"],"potions_floor_usage":[16,22,24,39],"damage_taken":[{"damage":1,"enemies":"Small Slimes","floor":1,"turns":5},{"damage":5,"enemies":"Jaw Worm","floor":2,"turns":4},{"damage":6,"enemies":"Cultist","floor":5,"turns":5},{"damage":32,"enemies":"Gremlin Nob","floor":7,"turns":5},{"damage":0,"enemies":"2 Fungi Beasts","floor":10,"turns":3},{"damage":5,"enemies":"Large Slime","floor":12,"turns":6},{"damage":9,"enemies":"Blue Slaver","floor":14,"turns":5},{"damage":23,"enemies":"The Guardian","floor":16,"turns":10},{"damage":0,"enemies":"Shell Parasite","floor":18,"turns":7},{"damage":2,"enemies":"3 Byrds","floor":21,"turns":4},{"damage":4,"enemies":"Snecko","floor":22,"turns":6},{"damage":28,"enemies":"Book of Stabbing","floor":24,"turns":6},{"damage":0,"enemies":"Cultist and Chosen","floor":28,"turns":4},{"damage":18,"enemies":"Sentry and Sphere","floor":31,"turns":5},{"damage":40,"enemies":"Collector","floor":33,"turns":6},{"damage":5,"enemies":"3 Darklings","floor":35,"turns":4},{"damage":9,"enemies":"3 Shapes","floor":36,"turns":6},{"damage":11,"enemies":"Jaw Worm Horde","floor":37,"turns":5},{"damage":45,"enemies":"Spire Growth","floor":39,"turns":5}],"seed_played":"-1138964819301871853","potions_obtained":[{"floor":7,"key":"AttackPotion"},{"floor":18,"key":"AttackPotion"},{"floor":21,"key":"SpeedPotion"},{"floor":31,"key":"Regen Potion"},{"floor":35,"key":"SpeedPotion"}],"is_trial":false,"path_per_floor":["M","M","$","?","M","R","E","R","T","M","$","M","R","M","R","B",null,"M","?","$","M","M","R","E","R","T","R","M","?","?","M","R","B",null,"M","M","M","$","M"],"character_chosen":"THE_SILENT","items_purchased":["Noxious Fumes","Explosive Potion","Well Laid Plans","Deflect"],"campfire_rested":3,"item_purchase_floors":[3,11,20,38],"current_hp_per_floor":[76,71,71,71,65,65,33,58,58,58,58,53,53,44,44,21,68,68,68,68,66,62,62,34,59,59,59,59,59,59,41,66,26,70,65,56,45,45,0],"gold":43,"neow_bonus":"TWENTY_PERCENT_HP_BONUS","is_prod":false,"is_daily":false,"chose_seed":false,"campfire_upgraded":5,"win_rate":0,"timestamp":1562111371,"path_taken":["M","M","$","?","M","R","E","R","T","M","$","M","R","M","R","BOSS","M","?","$","M","?","R","E","R","T","R","M","?","?","M","R","BOSS","M","M","M","$","M"],"build_version":"2019-07-01","purchased_purges":1,"victory":false,"max_hp_per_floor":[84,84,84,84,84,84,84,84,84,84,84,84,84,84,84,84,84,84,84,84,84,84,84,84,84,84,84,84,84,84,84,84,84,84,84,84,84,84,84],"card_choices":[{"not_picked":["Quick Slash","Underhanded Strike"],"picked":"Dagger Throw","floor":1},{"not_picked":["Caltrops","Prepared","Sucker Punch"],"picked":"SKIP","floor":2},{"not_picked":["Reflex","Predator","Sucker Punch"],"picked":"SKIP","floor":5},{"not_picked":["Terror","Choke","Accuracy"],"picked":"SKIP","floor":7},{"not_picked":["Blade Dance","Backflip"],"picked":"Burst","floor":10},{"not_picked":["Choke","Cloak And Dagger"],"picked":"Deadly Poison","floor":12},{"not_picked":["Blade Dance","Quick Slash","Infinite Blades"],"picked":"SKIP","floor":14},{"not_picked":["Night Terror","Burst"],"picked":"Bullet Time","floor":16},{"not_picked":["Deflect","Deadly Poison"],"picked":"PiercingWail+1","floor":18},{"not_picked":["All Out Attack","Poisoned Stab"],"picked":"Catalyst","floor":21},{"not_picked":["Flechettes","Sucker Punch"],"picked":"Acrobatics","floor":22},{"not_picked":["Dagger Throw","Backstab"],"picked":"Crippling Poison","floor":24},{"not_picked":["Quick Slash","Bane","Accuracy"],"picked":"SKIP","floor":28},{"not_picked":["Expertise","Deadly Poison+1"],"picked":"Escape Plan+1","floor":31},{"not_picked":["A Thousand Cuts","Phantasmal Killer"],"picked":"Malaise","floor":33},{"not_picked":["Concentrate","Endless Agony+1","Blade Dance+1"],"picked":"SKIP","floor":35},{"not_picked":["Backstab","Concentrate","Outmaneuver"],"picked":"SKIP","floor":36},{"not_picked":["Poisoned Stab","Dagger Throw","Caltrops+1"],"picked":"SKIP","floor":37}],"player_experience":231595,"relics_obtained":[{"floor":7,"key":"Mercury Hourglass"},{"floor":9,"key":"Anchor"},{"floor":24,"key":"Lantern"},{"floor":26,"key":"Letter Opener"}],"event_choices":[{"damage_healed":0,"gold_gain":0,"player_choice":"Fled","damage_taken":0,"max_hp_gain":0,"max_hp_loss":0,"event_name":"Scrap Ooze","floor":4,"gold_loss":0},{"damage_healed":0,"gold_gain":100,"player_choice":"Pray","damage_taken":0,"max_hp_gain":0,"max_hp_loss":0,"event_name":"Golden Shrine","floor":19,"gold_loss":0},{"damage_healed":0,"gold_gain":0,"player_choice":"Inject Mutagens","damage_taken":0,"relics_obtained":["MutagenicStrength"],"max_hp_gain":0,"max_hp_loss":0,"event_name":"Drug Dealer","floor":29,"gold_loss":0},{"damage_healed":0,"gold_gain":0,"player_choice":"Ignored","damage_taken":0,"max_hp_gain":0,"max_hp_loss":0,"event_name":"Vampires","floor":30,"gold_loss":0}],"is_beta":false,"boss_relics":[{"not_picked":["WristBlade","Tiny House"],"picked":"Ectoplasm"},{"not_picked":["HoveringKite","Ring of the Serpent"],"picked":"Eternal Feather"}],"items_purged_floors":[3],"is_endless":false,"potions_floor_spawned":[7,12,14,18,21,31,35],"killed_by":"Spire Growth","ascension_level":11}