{"gold_per_floor":[16,16,28,38,113,113,130,148,148,148,166,201,201,236,236,307,307,319,335,335,385,385,385,385,385,431,2,2,22,22,34,34,106,106,117,117,117,117,130,130,24,24,50,64,64,76,76,92,92,92,92],"floor_reached":51,"playtime":2199,"items_purged":["Strike_R","Perfected Strike"],"score":1360,"play_id":"f1727a10-6be6-4720-b60d-f3c9df3e2ec0","local_time":"20190603095728","is_ascension_mode":true,"campfire_choices":[{"data":"Barricade","floor":6,"key":"SMITH"},{"data":"Armaments","floor":10,"key":"SMITH"},{"floor":13,"key":"REST"},{"data":"Bash","floor":15,"key":"SMITH"},{"data":"Body Slam","floor":23,"key":"SMITH"},{"floor":30,"key":"REST"},{"floor":32,"key":"REST"},{"data":"Juggernaut","floor":40,"key":"SMITH"},{"data":"Metallicize","floor":42,"key":"SMITH"},{"data":"Clothesline","floor":45,"key":"SMITH"},{"floor":49,"key":"REST"}],"neow_cost":"NO_GOLD","seed_source_timestamp":1441074981763134,"circlet_count":0,"master_deck":["AscendersBane","Strike_R","Strike_R","Defend_R","Defend_R+1","Defend_R+1","Defend_R","Bash+1","Barricade+1","Clothesline+1","Bash","Dropkick","Body Slam+1","Armaments+1","Flame Barrier+1","Flame Barrier+1","Double Tap+1","Offering+1","True Grit+1","Ghostly Armor+1","Spot Weakness+1","Sword Boomerang","Shrug It Off+1","Power Through+1","Metallicize+1","Juggernaut+1","True Grit+1"],"relics":["Burning Blood","Toxic Egg 2","Boot","Thread and Needle","Sozu","Nilry\u0027s Codex","Bag of Preparation","Gremlin Horn","Smiling Mask","Busted Crown","War Paint"],"potions_floor_usage":[7,8,12,16,16,16],"damage_taken":[{"damage":4,"enemies":"2 Louse","floor":1,"turns":5},{"damage":6,"enemies":"Cultist","floor":3,"turns":4},{"damage":4,"enemies":"Jaw Worm","floor":4,"turns":4},{"damage":31,"enemies":"Exordium Thugs","floor":7,"turns":5},{"damage":11,"enemies":"2 Fungi Beasts","floor":8,"turns":4},{"damage":16,"enemies":"Large Slime","floor":11,"turns":8},{"damage":27,"enemies":"3 Sentries","floor":12,"turns":11},{"damage":8,"enemies":"Lagavulin","floor":14,"turns":11},{"damage":11,"enemies":"The Guardian","floor":16,"turns":13},{"damage":6,"enemies":"Spheric Guardian","floor":18,"turns":6},{"damage":14,"enemies":"2 Thieves","floor":19,"turns":4},{"damage":24,"enemies":"Snecko","floor":29,"turns":7},{"damage":0,"enemies":"Centurion and Healer","floor":31,"turns":4},{"damage":6,"enemies":"Collector","floor":33,"turns":10},{"damage":6,"enemies":"Orb Walker","floor":35,"turns":4},{"damage":21,"enemies":"3 Shapes","floor":39,"turns":4},{"damage":0,"enemies":"Writhing Mass","floor":44,"turns":8},{"damage":6,"enemies":"Sphere and 2 Shapes","floor":46,"turns":4},{"damage":12,"enemies":"4 Shapes","floor":48,"turns":6},{"damage":59,"enemies":"Awakened One","floor":50,"turns":11},{"damage":20,"enemies":"Donu and Deca","floor":51,"turns":5}],"seed_played":"4796620069355396665","potions_obtained":[{"floor":1,"key":"PowerPotion"},{"floor":7,"key":"Regen Potion"},{"floor":11,"key":"FearPotion"},{"floor":14,"key":"EntropicBrew"},{"floor":16,"key":"Strength Potion"}],"is_trial":false,"path_per_floor":["M","?","M","M","?","R","M","M","T","R","M","E","R","E","R","B",null,"M","M","?","?","?","R","?","?","T","$","?","M","R","M","R","B",null,"M","?","?","?","M","R","$","R","T","M","R","M","?","M","R","B","B"],"character_chosen":"IRONCLAD","items_purchased":["Gremlin Horn","Sword Boomerang","Shrug It Off+1","True Grit+1"],"campfire_rested":4,"item_purchase_floors":[27,27,27,41],"current_hp_per_floor":[70,70,70,72,61,61,36,43,43,43,33,12,34,32,32,42,67,67,59,59,59,59,59,38,38,38,38,38,20,42,48,70,70,74,74,74,74,74,59,59,59,59,59,65,65,65,65,59,71,18,0],"gold":92,"neow_bonus":"THREE_RARE_CARDS","is_prod":false,"is_daily":false,"chose_seed":false,"campfire_upgraded":7,"win_rate":0,"timestamp":1559570248,"path_taken":["M","?","?","M","?","R","M","M","T","R","M","E","R","E","R","BOSS","M","M","?","?","?","R","?","?","T","$","?","M","R","M","R","BOSS","M","?","?","?","M","R","$","R","T","M","R","M","?","M","R","BOSS","BOSS"],"build_version":"2019-01-23","purchased_purges":2,"victory":false,"max_hp_per_floor":[75,75,75,75,75,75,75,75,75,75,75,75,75,75,75,75,75,75,75,75,75,75,75,75,75,75,75,75,75,75,75,75,75,75,75,75,75,75,75,75,75,75,75,75,75,75,71,71,71,71,71],"card_choices":[{"not_picked":["Brutality","Berserk"],"picked":"Barricade","floor":0},{"not_picked":["Power Through","Flex"],"picked":"Clothesline","floor":1},{"not_picked":["Thunderclap","Cleave"],"picked":"Body Slam","floor":3},{"not_picked":["Shockwave","Wild Strike","Sword Boomerang"],"picked":"SKIP","floor":4},{"not_picked":["Combust","Dual Wield","Power Through"],"picked":"SKIP","floor":7},{"not_picked":["Corruption","Rage"],"picked":"Armaments","floor":8},{"not_picked":["Dual Wield+1","Perfected Strike"],"picked":"Flame Barrier+1","floor":11},{"not_picked":["Pommel Strike","Warcry+1"],"picked":"Flame Barrier+1","floor":12},{"not_picked":["Rupture","Sentinel+1"],"picked":"Double Tap+1","floor":14},{"not_picked":["Exhume+1","Dark Embrace"],"picked":"Offering+1","floor":16},{"not_picked":["Clothesline","Anger","Havoc+1"],"picked":"SKIP","floor":18},{"not_picked":["Havoc+1","Pommel Strike"],"picked":"True Grit+1","floor":19},{"not_picked":["Sentinel+1","Body Slam"],"picked":"Power Through+1","floor":29},{"not_picked":["Headbutt","Combust"],"picked":"Metallicize","floor":31},{"not_picked":["Berserk","Barricade"],"picked":"Juggernaut","floor":33},{"not_picked":["Sword Boomerang"],"picked":"SKIP","floor":35},{"not_picked":["Wild Strike"],"picked":"SKIP","floor":39},{"not_picked":["Cleave+1"],"picked":"SKIP","floor":44},{"not_picked":["Sword Boomerang"],"picked":"SKIP","floor":46},{"not_picked":["Ghostly Armor+1"],"picked":"SKIP","floor":48}],"player_experience":815309,"relics_obtained":[{"floor":9,"key":"Toxic Egg 2"},{"floor":12,"key":"Boot"},{"floor":14,"key":"Thread and Needle"},{"floor":24,"key":"Nilry\u0027s Codex"},{"floor":26,"key":"Bag of Preparation"},{"floor":43,"key":"War Paint"}],"event_choices":[{"damage_healed":0,"gold_gain":0,"player_choice":"2 cards matched","damage_taken":0,"max_hp_gain":0,"max_hp_loss":0,"event_name":"Match and Keep!","floor":2,"gold_loss":0,"cards_obtained":["Bash","Dropkick"]},{"damage_healed":0,"gold_gain":75,"player_choice":"Gather Gold","damage_taken":11,"max_hp_gain":0,"max_hp_loss":0,"event_name":"World of Goop","floor":5,"gold_loss":0},{"damage_healed":0,"gold_gain":0,"cards_transformed":["Strike_R","Strike_R"],"player_choice":"Became Test Subject","damage_taken":0,"max_hp_gain":0,"max_hp_loss":0,"event_name":"Drug Dealer","floor":20,"gold_loss":0,"cards_obtained":["Ghostly Armor","Perfected Strike"]},{"damage_healed":0,"gold_gain":50,"player_choice":"Stole From Cult","damage_taken":0,"max_hp_gain":0,"max_hp_loss":0,"event_name":"Nest","floor":21,"gold_loss":0},{"damage_healed":0,"gold_gain":0,"player_choice":"Read","damage_taken":0,"max_hp_gain":0,"max_hp_loss":0,"event_name":"The Library","floor":22,"gold_loss":0,"cards_obtained":["Spot Weakness"]},{"damage_healed":0,"gold_gain":0,"player_choice":"Obtained Book","damage_taken":21,"max_hp_gain":0,"max_hp_loss":0,"event_name":"Cursed Tome","floor":24,"gold_loss":0},{"damage_healed":0,"gold_gain":0,"player_choice":"Ignored","damage_taken":0,"max_hp_gain":0,"max_hp_loss":0,"event_name":"Vampires","floor":25,"gold_loss":0},{"damage_healed":0,"gold_gain":0,"player_choice":"Gave Potion","damage_taken":0,"relics_obtained":["Smiling Mask"],"max_hp_gain":0,"max_hp_loss":0,"event_name":"WeMeetAgain","floor":28,"gold_loss":0},{"damage_healed":0,"gold_gain":0,"player_choice":"Memory 1","damage_taken":0,"max_hp_gain":0,"max_hp_loss":0,"event_name":"SensoryStone","floor":36,"gold_loss":0},{"damage_healed":0,"gold_gain":0,"player_choice":"Ignored","damage_taken":0,"max_hp_gain":0,"max_hp_loss":0,"event_name":"Mysterious Sphere","floor":37,"gold_loss":0},{"damage_healed":0,"gold_gain":0,"player_choice":"Ignored","damage_taken":0,"max_hp_gain":0,"max_hp_loss":0,"event_name":"Tomb of Lord Red Mask","floor":38,"gold_loss":0},{"damage_healed":0,"gold_gain":0,"player_choice":"Max HP","damage_taken":0,"max_hp_gain":0,"max_hp_loss":4,"event_name":"Winding Halls","floor":47,"gold_loss":0}],"is_beta":false,"boss_relics":[{"not_picked":["Astrolabe","Eternal Feather"],"picked":"Sozu"},{"not_picked":["Tiny House","Snecko Eye"],"picked":"Busted Crown"}],"items_purged_floors":[27,41],"is_endless":false,"potions_floor_spawned":[1,7,11,14,16,31,33,39,44],"killed_by":"Donu and Deca","ascension_level":20}