{"gold_per_floor":[113,113,126,126,11,52,52,71,98,119,173,187,187],"floor_reached":13,"playtime":424,"items_purged":["Regret"],"score":98,"play_id":"64d7b563-74dc-4701-b58e-a7e98bc14718","local_time":"20190204120432","is_ascension_mode":true,"campfire_choices":[{"data":"Self Repair","floor":7,"key":"SMITH"}],"neow_cost":"NONE","seed_source_timestamp":357876225537073,"circlet_count":0,"master_deck":["Strike_B","Strike_B","Strike_B","Strike_B","Defend_B","Defend_B","Defend_B","Defend_B","Zap","Dualcast","Forethought","Streamline","Injury","Gash","Self Repair+1","Beam Cell","Go for the Eyes","Echo Form","Loop"],"relics":["Cracked Core","Golden Idol","Anchor","FossilizedHelix","Bronze Scales"],"potions_floor_usage":[6,13],"damage_taken":[{"damage":0,"enemies":"2 Louse","floor":1,"turns":2},{"damage":5,"enemies":"Small Slimes","floor":3,"turns":3},{"damage":37,"enemies":"Lagavulin","floor":6,"turns":8},{"damage":0,"enemies":"Jaw Worm","floor":8,"turns":2},{"damage":19,"enemies":"Exordium Thugs","floor":10,"turns":3},{"damage":0,"enemies":"3 Louse","floor":12,"turns":3},{"damage":45,"enemies":"3 Sentries","floor":13,"turns":6}],"seed_played":"3109835517520076975","potions_obtained":[{"floor":1,"key":"FocusPotion"},{"floor":8,"key":"Weak Potion"},{"floor":12,"key":"SneckoOil"}],"is_trial":false,"path_per_floor":["M","?","M","?","$","E","R","M","T","M","?","M","E"],"character_chosen":"DEFECT","items_purchased":["Self Repair"],"campfire_rested":0,"item_purchase_floors":[5],"current_hp_per_floor":[75,75,70,70,70,40,40,50,50,31,31,41,0],"gold":187,"neow_bonus":"RANDOM_COLORLESS","is_prod":false,"is_daily":false,"chose_seed":false,"campfire_upgraded":1,"win_rate":0,"timestamp":1549299872,"path_taken":["M","?","M","?","$","E","R","M","T","M","?","M","E"],"build_version":"2019-01-23","purchased_purges":1,"victory":false,"max_hp_per_floor":[75,75,75,75,75,75,75,75,75,75,75,75,75],"card_choices":[{"not_picked":["Hologram","Barrage"],"picked":"Streamline","floor":1},{"not_picked":["Stack","Rebound"],"picked":"Gash","floor":3},{"not_picked":["Steam Power","Ball Lightning"],"picked":"Beam Cell","floor":6},{"not_picked":["Hologram","Barrage"],"picked":"Go for the Eyes","floor":8},{"not_picked":["Redo","Reprogram"],"picked":"Echo Form","floor":10},{"not_picked":["Barrage","Compile Driver"],"picked":"Loop","floor":12}],"player_experience":152191,"relics_obtained":[{"floor":6,"key":"FossilizedHelix"},{"floor":9,"key":"Bronze Scales"}],"event_choices":[{"damage_healed":0,"gold_gain":0,"player_choice":"Take Wound","damage_taken":0,"relics_obtained":["Golden Idol"],"max_hp_gain":0,"max_hp_loss":0,"event_name":"Golden Idol","floor":2,"gold_loss":0,"cards_obtained":["Injury"]},{"damage_healed":0,"gold_gain":0,"player_choice":"Box","damage_taken":0,"relics_obtained":["Anchor"],"max_hp_gain":0,"max_hp_loss":0,"event_name":"Big Fish","floor":4,"gold_loss":0,"cards_obtained":["Regret"]},{"damage_healed":0,"gold_gain":54,"player_choice":"Gained Gold","damage_taken":0,"max_hp_gain":0,"max_hp_loss":0,"event_name":"Golden Wing","floor":11,"gold_loss":0}],"is_beta":false,"boss_relics":[],"items_purged_floors":[5],"is_endless":false,"potions_floor_spawned":[1,8,12],"killed_by":"3 Sentries","ascension_level":3}