{"gold_per_floor":[116,127,24,24,24,24,58,76,100,100,100,124,124,143,143,242,242,262,276,201,201,201],"floor_reached":22,"playtime":687,"items_purged":["Strike_R"],"score":368,"play_id":"7d1fddab-212b-457a-9cc6-e233d88e75e8","local_time":"20190531115939","is_ascension_mode":true,"campfire_choices":[{"data":"Bash","floor":6,"key":"SMITH"},{"floor":11,"key":"REST"},{"data":"True Grit","floor":13,"key":"SMITH"},{"data":"Heavy Blade","floor":15,"key":"SMITH"}],"neow_cost":"TEN_PERCENT_HP_LOSS","seed_source_timestamp":1190713227644237,"circlet_count":0,"master_deck":["AscendersBane","Strike_R","Strike_R","Defend_R","Defend_R","Defend_R","Defend_R","Bash+1","True Grit+1","Spot Weakness","Evolve","Cleave","Juggernaut","Shrug It Off","Ghostly Armor","Heavy Blade+1","Impervious"],"relics":["Burning Blood","Omamori","Bronze Scales","Bloody Idol","Mark of Pain"],"potions_floor_usage":[2,16,18,19],"damage_taken":[{"damage":2,"enemies":"2 Louse","floor":1,"turns":3},{"damage":2,"enemies":"Small Slimes","floor":2,"turns":4},{"damage":21,"enemies":"3 Sentries","floor":7,"turns":6},{"damage":7,"enemies":"Jaw Worm","floor":8,"turns":4},{"damage":1,"enemies":"2 Fungi Beasts","floor":12,"turns":4},{"damage":0,"enemies":"Exordium Wildlife","floor":14,"turns":3},{"damage":23,"enemies":"Slime Boss","floor":16,"turns":10},{"damage":24,"enemies":"Spheric Guardian","floor":18,"turns":6},{"damage":18,"enemies":"Shell Parasite","floor":19,"turns":4},{"damage":43,"enemies":"Shelled Parasite and Fungi","floor":22,"turns":6}],"seed_played":"2590767872099212612","potions_obtained":[{"floor":1,"key":"Poison Potion"},{"floor":7,"key":"Swift Potion"},{"floor":8,"key":"Swift Potion"},{"floor":14,"key":"FearPotion"},{"floor":18,"key":"AttackPotion"}],"is_trial":false,"path_per_floor":["M","M","$","?","?","R","E","M","T","?","R","M","R","M","R","B",null,"M","M","$","?","M"],"character_chosen":"IRONCLAD","items_purchased":["Evolve","Cleave"],"campfire_rested":1,"item_purchase_floors":[3,3],"current_hp_per_floor":[68,68,68,68,73,73,58,57,57,32,53,58,58,64,64,47,67,49,37,37,37,0],"gold":201,"neow_bonus":"REMOVE_TWO","is_prod":false,"is_daily":false,"chose_seed":false,"campfire_upgraded":3,"win_rate":0,"timestamp":1559318379,"path_taken":["M","M","$","?","?","R","E","M","T","?","R","M","R","M","R","BOSS","M","M","$","?","M"],"build_version":"2019-01-23","purchased_purges":1,"victory":false,"max_hp_per_floor":[68,68,68,68,73,73,73,73,73,73,73,73,73,73,73,73,73,73,73,73,73,73],"card_choices":[{"not_picked":["Searing Blow","Anger"],"picked":"True Grit","floor":1},{"not_picked":["Rampage","Armaments"],"picked":"Spot Weakness","floor":2},{"not_picked":["Warcry","Rampage"],"picked":"Juggernaut","floor":7},{"not_picked":["Clash","True Grit"],"picked":"Shrug It Off","floor":8},{"not_picked":["Clash","Rage"],"picked":"Ghostly Armor","floor":12},{"not_picked":["Cleave","Body Slam"],"picked":"Heavy Blade","floor":14},{"not_picked":["Offering","Berserk"],"picked":"Impervious","floor":16},{"not_picked":["Thunderclap","Anger+1","Shrug It Off"],"picked":"SKIP","floor":18},{"not_picked":["Dark Embrace","Disarm","Intimidate"],"picked":"SKIP","floor":19}],"player_experience":798722,"relics_obtained":[{"floor":7,"key":"Omamori"},{"floor":9,"key":"Bronze Scales"}],"event_choices":[{"damage_healed":0,"gold_gain":0,"player_choice":"Leave","damage_taken":0,"max_hp_gain":0,"max_hp_loss":0,"event_name":"The Cleric","floor":4,"gold_loss":0},{"damage_healed":0,"gold_gain":0,"player_choice":"Donut","damage_taken":0,"max_hp_gain":5,"max_hp_loss":0,"event_name":"Big Fish","floor":5,"gold_loss":0},{"damage_healed":0,"gold_gain":0,"player_choice":"Take Damage","damage_taken":25,"relics_obtained":["Golden Idol"],"max_hp_gain":0,"max_hp_loss":0,"event_name":"Golden Idol","floor":10,"gold_loss":0},{"damage_healed":0,"gold_gain":0,"player_choice":"Gave Idol","damage_taken":0,"relics_obtained":["Bloody Idol"],"max_hp_gain":0,"max_hp_loss":0,"event_name":"Forgotten Altar","floor":21,"relics_lost":["Golden Idol"],"gold_loss":0}],"is_beta":false,"boss_relics":[{"not_picked":["Calling Bell","Black Star"],"picked":"Mark of Pain"}],"items_purged_floors":[20],"is_endless":false,"potions_floor_spawned":[1,7,8,14,18],"killed_by":"Shelled Parasite and Fungi","ascension_level":20}