{"gold_per_floor":[114,71,84,84,84,113,113,128,154,179,11,11,11,27,27,103,103,43,43,43,43,43],"floor_reached":22,"playtime":889,"items_purged":[],"score":431,"play_id":"9db9f286-6945-4765-b4c3-3e37af4b2385","local_time":"20190526110445","is_ascension_mode":true,"campfire_choices":[{"data":"Footwork","floor":7,"key":"SMITH"},{"data":"Caltrops","floor":12,"key":"SMITH"},{"data":"Deadly Poison","floor":15,"key":"SMITH"}],"neow_cost":"NONE","seed_source_timestamp":755181588009077,"circlet_count":0,"master_deck":["AscendersBane","Defend_G","Defend_G","Defend_G","Defend_G","Defend_G","Strike_G","Strike_G+1","Strike_G","Strike_G","Strike_G","Survivor","Neutralize+1","Choke+1","Footwork+1","Dodge and Roll","Caltrops+1","Deadly Poison+1","Glass Knife","Bouncing Flask","Backflip","Backflip"],"relics":["Ring of the Snake","NeowsBlessing","Art of War","Regal Pillow","Whetstone","Juzu Bracelet","PreservedInsect","Question Card","Ectoplasm"],"potions_floor_usage":[3,10,16,20,21],"damage_taken":[{"damage":0,"enemies":"Cultist","floor":1,"turns":1},{"damage":0,"enemies":"Small Slimes","floor":3,"turns":1},{"damage":0,"enemies":"Gremlin Nob","floor":6,"turns":1},{"damage":0,"enemies":"Jaw Worm","floor":8,"turns":4},{"damage":16,"enemies":"3 Sentries","floor":10,"turns":8},{"damage":9,"enemies":"3 Louse","floor":14,"turns":5},{"damage":30,"enemies":"The Guardian","floor":16,"turns":13},{"damage":12,"enemies":"2 Thieves","floor":18,"turns":4},{"damage":10,"enemies":"Spheric Guardian","floor":19,"turns":4},{"damage":7,"enemies":"Snake Plant","floor":20,"turns":3},{"damage":35,"enemies":"Cultist and Chosen","floor":21,"turns":6},{"damage":19,"enemies":"Snecko","floor":22,"turns":4}],"seed_played":"7209041028359978071","potions_obtained":[{"floor":1,"key":"PowerPotion"},{"floor":3,"key":"Fruit Juice"},{"floor":14,"key":"Regen Potion"},{"floor":18,"key":"AttackPotion"},{"floor":20,"key":"Regen Potion"}],"is_trial":false,"path_per_floor":["M","$","M","?","?","E","R","M","T","E","$","R","T","M","R","B",null,"M","M","M","M","M"],"character_chosen":"THE_SILENT","items_purchased":["Footwork","PreservedInsect"],"campfire_rested":0,"item_purchase_floors":[2,11],"current_hp_per_floor":[59,59,64,53,53,53,53,53,53,37,37,37,37,28,28,13,57,45,35,28,8,0],"gold":43,"neow_bonus":"THREE_ENEMY_KILL","is_prod":false,"is_daily":false,"chose_seed":false,"campfire_upgraded":3,"win_rate":0,"timestamp":1558883085,"path_taken":["M","$","M","?","?","E","R","M","T","E","$","R","?","M","R","BOSS","M","M","M","M","M"],"build_version":"2019-01-23","purchased_purges":0,"victory":false,"max_hp_per_floor":[66,66,71,71,71,71,71,71,71,71,71,71,71,71,71,71,71,71,71,71,71,71],"card_choices":[{"not_picked":["Acrobatics","Setup"],"picked":"Choke","floor":1},{"not_picked":["Heel Hook","Distraction","Setup"],"picked":"SKIP","floor":3},{"not_picked":["Expertise","Flying Knee"],"picked":"Dodge and Roll","floor":6},{"not_picked":["Dodge and Roll","Bouncing Flask"],"picked":"Caltrops","floor":8},{"not_picked":["Concentrate","Tactician","Crippling Poison"],"picked":"SKIP","floor":10},{"not_picked":["Outmaneuver","Calculated Gamble","Dagger Spray"],"picked":"Deadly Poison","floor":14},{"not_picked":["Venomology","Phantasmal Killer","Night Terror"],"picked":"Glass Knife","floor":16},{"not_picked":["Slice","Reflex","Dagger Throw"],"picked":"Bouncing Flask","floor":18},{"not_picked":["Finisher","Outmaneuver","Masterful Stab+1","Sucker Punch"],"picked":"SKIP","floor":19},{"not_picked":["Underhanded Strike","Cloak And Dagger","Bullet Time"],"picked":"Backflip","floor":20},{"not_picked":["Underhanded Strike","Sucker Punch","Deflect"],"picked":"Backflip","floor":21}],"player_experience":763893,"relics_obtained":[{"floor":6,"key":"Regal Pillow"},{"floor":9,"key":"Whetstone"},{"floor":10,"key":"Juzu Bracelet"},{"floor":13,"key":"Question Card"}],"event_choices":[{"damage_healed":0,"gold_gain":0,"player_choice":"Success","damage_taken":11,"relics_obtained":["Art of War"],"max_hp_gain":0,"max_hp_loss":0,"event_name":"Scrap Ooze","floor":4,"gold_loss":0},{"damage_healed":0,"gold_gain":0,"player_choice":"Grow","damage_taken":0,"max_hp_gain":0,"max_hp_loss":0,"event_name":"Living Wall","floor":5,"gold_loss":0,"cards_upgraded":["Choke"]}],"is_beta":false,"boss_relics":[{"not_picked":["Velvet Choker","Black Star"],"picked":"Ectoplasm"}],"items_purged_floors":[],"is_endless":false,"potions_floor_spawned":[1,3,14,18,20],"killed_by":"Snecko","ascension_level":19}