{"gold_per_floor":[111,122,33,52,52,52,72,72,98,98,98,132,49,68,68,161,161,179,194,207,220,8,8,39,54,80,80,80],"floor_reached":28,"playtime":1031,"items_purged":[],"score":480,"play_id":"cf280eda-be4f-42f8-895d-1075ad117f70","local_time":"20190610185122","is_ascension_mode":true,"campfire_choices":[{"data":"Quick Slash","floor":6,"key":"SMITH"},{"data":"Bouncing Flask","floor":8,"key":"SMITH"},{"data":"Caltrops","floor":10,"key":"SMITH"},{"data":"Wraith Form v2","floor":15,"key":"SMITH"},{"floor":23,"key":"REST"},{"floor":27,"key":"REST"}],"neow_cost":"NONE","seed_source_timestamp":585477280821430,"circlet_count":0,"master_deck":["AscendersBane","Defend_G","Defend_G","Defend_G","Defend_G","Defend_G","Strike_G","Strike_G","Strike_G","Strike_G+1","Strike_G+1","Survivor","Neutralize","PiercingWail","Quick Slash+1","Bandage Up+1","Caltrops+1","Bouncing Flask+1","Injury","Catalyst","Leg Sweep","Wraith Form v2+1","Corpse Explosion","Backflip","Calculated Gamble","Noxious Fumes"],"relics":["Ring of the Snake","NeowsBlessing","Lantern","Golden Idol","Omamori","Sozu","MealTicket","Whetstone","Oddly Smooth Stone"],"potions_floor_usage":[12,20],"damage_taken":[{"damage":0,"enemies":"Cultist","floor":1,"turns":1},{"damage":0,"enemies":"2 Louse","floor":2,"turns":1},{"damage":0,"enemies":"Small Slimes","floor":4,"turns":1},{"damage":15,"enemies":"Exordium Wildlife","floor":7,"turns":5},{"damage":30,"enemies":"Lagavulin","floor":12,"turns":6},{"damage":1,"enemies":"Gremlin Gang","floor":14,"turns":5},{"damage":36,"enemies":"Hexaghost","floor":16,"turns":9},{"damage":8,"enemies":"3 Byrds","floor":18,"turns":5},{"damage":0,"enemies":"Spheric Guardian","floor":19,"turns":3},{"damage":37,"enemies":"Chosen and Byrds","floor":20,"turns":7},{"damage":22,"enemies":"Shelled Parasite and Fungi","floor":21,"turns":6},{"damage":10,"enemies":"Book of Stabbing","floor":24,"turns":4},{"damage":9,"enemies":"Centurion and Healer","floor":25,"turns":6},{"damage":52,"enemies":"Gremlin Leader","floor":28,"turns":4}],"seed_played":"8988357244144286120","potions_obtained":[{"floor":4,"key":"Swift Potion"},{"floor":7,"key":"Explosive Potion"},{"floor":12,"key":"FairyPotion"}],"is_trial":false,"path_per_floor":["M","M","$","M","?","R","M","R","T","R","?","E","$","M","R","B",null,"M","M","M","M","$","R","E","M","T","R","E"],"character_chosen":"THE_SILENT","items_purchased":["Bandage Up","Leg Sweep","MealTicket"],"campfire_rested":2,"item_purchase_floors":[3,13,22],"current_hp_per_floor":[59,59,59,59,59,59,50,50,50,50,50,26,26,31,31,1,50,48,48,17,1,1,20,16,13,13,32,0],"gold":80,"neow_bonus":"THREE_ENEMY_KILL","is_prod":false,"is_daily":false,"chose_seed":false,"campfire_upgraded":4,"win_rate":0,"timestamp":1560207082,"path_taken":["M","?","$","M","?","R","M","R","T","R","?","E","?","M","R","BOSS","M","M","M","?","$","R","E","?","T","R","E"],"build_version":"2019-01-23","purchased_purges":0,"victory":false,"max_hp_per_floor":[66,66,66,66,66,66,66,66,66,66,66,66,66,66,66,66,66,66,66,66,66,66,66,66,66,66,66,66],"card_choices":[{"not_picked":["Eviscerate","Expertise"],"picked":"PiercingWail","floor":1},{"not_picked":["Backflip","Escape Plan"],"picked":"Quick Slash","floor":2},{"not_picked":["Finisher","PiercingWail"],"picked":"Caltrops","floor":4},{"not_picked":["Accuracy","Flechettes"],"picked":"Bouncing Flask","floor":7},{"not_picked":["Deflect","Blade Dance"],"picked":"Catalyst","floor":12},{"not_picked":["Dagger Spray","Bane"],"picked":"Wraith Form v2","floor":14},{"not_picked":["Adrenaline","Doppelganger"],"picked":"Corpse Explosion","floor":16},{"not_picked":["Cloak And Dagger","Underhanded Strike"],"picked":"Backflip","floor":18},{"not_picked":["PiercingWail","Sucker Punch"],"picked":"Calculated Gamble","floor":19},{"not_picked":["Endless Agony","Poisoned Stab","Concentrate"],"picked":"SKIP","floor":20},{"not_picked":["Accuracy","Cloak And Dagger"],"picked":"Noxious Fumes","floor":21},{"not_picked":["Reflex","PiercingWail","Acrobatics"],"picked":"SKIP","floor":24},{"not_picked":["Underhanded Strike","PiercingWail","Bane"],"picked":"SKIP","floor":25}],"player_experience":877181,"relics_obtained":[{"floor":9,"key":"Lantern"},{"floor":12,"key":"Omamori"},{"floor":24,"key":"Whetstone"},{"floor":26,"key":"Oddly Smooth Stone"}],"event_choices":[{"damage_healed":0,"gold_gain":0,"player_choice":"Grow","damage_taken":0,"max_hp_gain":0,"max_hp_loss":0,"event_name":"Living Wall","floor":5,"gold_loss":0,"cards_upgraded":["Bandage Up"]},{"damage_healed":0,"gold_gain":0,"player_choice":"Take Wound","damage_taken":0,"relics_obtained":["Golden Idol"],"max_hp_gain":0,"max_hp_loss":0,"event_name":"Golden Idol","floor":11,"gold_loss":0,"cards_obtained":["Injury"]}],"is_beta":false,"boss_relics":[{"not_picked":["Tiny House","Runic Pyramid"],"picked":"Sozu"}],"items_purged_floors":[],"is_endless":false,"potions_floor_spawned":[4,7,12,16,18,19,25],"killed_by":"Gremlin Leader","ascension_level":20}