{"gold_per_floor":[109,10,10,24,44,44,76,76,103,113,132,160,1,16,16,90,90,105,155,165,182,196,196,214,214,214,234,234,234],"floor_reached":29,"playtime":1649,"items_purged":["Strike_G"],"score":491,"play_id":"48766ed2-7c20-4d8e-9c5f-ccef234d5c08","local_time":"20190529094939","is_ascension_mode":true,"campfire_choices":[{"data":"Dash","floor":6,"key":"SMITH"},{"data":"Choke","floor":8,"key":"SMITH"},{"data":"Footwork","floor":15,"key":"SMITH"},{"floor":23,"key":"REST"},{"floor":25,"key":"REST"}],"neow_cost":"PERCENT_DAMAGE","seed_source_timestamp":1009132117544357,"circlet_count":0,"master_deck":["AscendersBane","Defend_G","Defend_G","Defend_G","Defend_G","Defend_G","Strike_G","Strike_G","Strike_G","Strike_G","Survivor","Neutralize","Choke+1","Dash+1","Dagger Spray","Caltrops","Deflect","Footwork+1","Bouncing Flask","Noxious Fumes","Acrobatics","Night Terror"],"relics":["Ring of the Snake","Oddly Smooth Stone","Dodecahedron","Centennial Puzzle","Singing Bowl","Sozu","Letter Opener","MutagenicStrength"],"potions_floor_usage":[7,11,16,21],"damage_taken":[{"damage":2,"enemies":"Small Slimes","floor":1,"turns":5},{"damage":0,"enemies":"Cultist","floor":4,"turns":3},{"damage":1,"enemies":"Jaw Worm","floor":5,"turns":4},{"damage":9,"enemies":"3 Sentries","floor":7,"turns":8},{"damage":0,"enemies":"Red Slaver","floor":10,"turns":3},{"damage":3,"enemies":"Gremlin Gang","floor":11,"turns":4},{"damage":23,"enemies":"Gremlin Nob","floor":12,"turns":4},{"damage":1,"enemies":"Large Slime","floor":14,"turns":7},{"damage":16,"enemies":"The Guardian","floor":16,"turns":9},{"damage":5,"enemies":"Chosen","floor":18,"turns":5},{"damage":2,"enemies":"2 Thieves","floor":20,"turns":5},{"damage":16,"enemies":"Shelled Parasite and Fungi","floor":21,"turns":7},{"damage":12,"enemies":"Snake Plant","floor":22,"turns":5},{"damage":24,"enemies":"Chosen and Byrds","floor":24,"turns":7},{"damage":16,"enemies":"3 Cultists","floor":27,"turns":6},{"damage":60,"enemies":"Gremlin Leader","floor":29,"turns":7}],"seed_played":"-7990559939244577571","potions_obtained":[{"floor":1,"key":"Fire Potion"},{"floor":10,"key":"Fire Potion"},{"floor":12,"key":"PowerPotion"},{"floor":16,"key":"Block Potion"}],"is_trial":false,"path_per_floor":["M","$","?","M","M","R","E","R","T","M","M","E","$","M","R","B",null,"M","?","M","M","M","R","M","R","T","M","?","E"],"character_chosen":"THE_SILENT","items_purchased":["Dash","Deadly Poison","Noxious Fumes"],"campfire_rested":2,"item_purchase_floors":[2,2,13],"current_hp_per_floor":[54,54,54,54,53,53,44,44,44,44,41,20,20,21,21,7,65,62,62,60,46,36,63,41,68,68,52,52,0],"gold":234,"neow_bonus":"TWENTY_PERCENT_HP_BONUS","is_prod":false,"is_daily":false,"chose_seed":false,"campfire_upgraded":3,"win_rate":0,"timestamp":1559137779,"path_taken":["M","$","?","M","?","R","E","R","T","M","M","E","$","M","R","BOSS","M","?","M","?","?","R","M","R","T","M","?","E"],"build_version":"2019-01-23","purchased_purges":1,"victory":false,"max_hp_per_floor":[78,78,78,78,78,78,78,78,78,78,78,80,80,82,82,84,84,86,86,86,88,90,90,92,92,92,92,92,92],"card_choices":[{"not_picked":["Expertise","Outmaneuver"],"picked":"Choke","floor":1},{"not_picked":["Heel Hook","Cloak And Dagger"],"picked":"Dagger Spray","floor":4},{"not_picked":["Reflex","Outmaneuver"],"picked":"Caltrops","floor":5},{"not_picked":["Accuracy","Poisoned Stab"],"picked":"Deflect","floor":7},{"not_picked":["Cloak And Dagger","Escape Plan"],"picked":"Footwork","floor":10},{"not_picked":["All Out Attack","Deflect"],"picked":"Bouncing Flask","floor":11},{"not_picked":["All Out Attack","Choke","Outmaneuver"],"picked":"Singing Bowl","floor":12},{"not_picked":["Sucker Punch","Tactician","Blade Dance"],"picked":"Singing Bowl","floor":14},{"not_picked":["Grand Finale","Storm of Steel","Doppelganger"],"picked":"Singing Bowl","floor":16},{"not_picked":["Slice","Poisoned Stab","Dagger Throw"],"picked":"Singing Bowl","floor":18},{"not_picked":["PiercingWail","Reflex"],"picked":"Acrobatics","floor":20},{"not_picked":["Distraction+1","Concentrate","Eviscerate"],"picked":"Singing Bowl","floor":21},{"not_picked":["Deadly Poison","Prepared+1","Poisoned Stab"],"picked":"Singing Bowl","floor":22},{"not_picked":["Skewer","Distraction","Slice"],"picked":"Singing Bowl","floor":24},{"not_picked":["Bane","Slice"],"picked":"Night Terror","floor":27}],"player_experience":785861,"relics_obtained":[{"floor":7,"key":"Dodecahedron"},{"floor":9,"key":"Centennial Puzzle"},{"floor":12,"key":"Singing Bowl"},{"floor":26,"key":"Letter Opener"}],"event_choices":[{"cards_removed":["Deadly Poison"],"damage_healed":0,"gold_gain":0,"player_choice":"Gave Card","damage_taken":0,"relics_obtained":["Oddly Smooth Stone"],"max_hp_gain":0,"max_hp_loss":0,"event_name":"WeMeetAgain","floor":3,"gold_loss":0},{"damage_healed":0,"gold_gain":100,"player_choice":"Bet on Murderer","damage_taken":0,"max_hp_gain":0,"max_hp_loss":0,"event_name":"The Joust","floor":19,"gold_loss":50},{"damage_healed":0,"gold_gain":0,"player_choice":"Inject Mutagens","damage_taken":0,"relics_obtained":["MutagenicStrength"],"max_hp_gain":0,"max_hp_loss":0,"event_name":"Drug Dealer","floor":28,"gold_loss":0}],"is_beta":false,"boss_relics":[{"not_picked":["Astrolabe","Runic Pyramid"],"picked":"Sozu"}],"items_purged_floors":[13],"is_endless":false,"potions_floor_spawned":[1,10,12,16,21,22,24,27],"killed_by":"Gremlin Leader","ascension_level":19}