{"gold_per_floor":[216,52,63,73,73,73,105,105,131,131,145,145,160,82,82,159,159,177,195,245,262,280,280,311,311,311,311,323,343,370,295,295,295],"floor_reached":33,"playtime":1275,"items_purged":[],"score":562,"play_id":"6c6e50ed-8f36-4e04-87d6-ae387813e0e9","local_time":"20190601164321","is_ascension_mode":true,"campfire_choices":[{"data":"Echo Form","floor":6,"key":"SMITH"},{"data":"White Noise","floor":8,"key":"SMITH"},{"data":"Glacier","floor":10,"key":"SMITH"},{"floor":15,"key":"REST"},{"floor":23,"key":"REST"},{"floor":27,"key":"REST"},{"floor":32,"key":"REST"}],"neow_cost":"NONE","seed_source_timestamp":4180726553787,"circlet_count":0,"master_deck":["AscendersBane","Strike_B","Strike_B","Strike_B","Defend_B","Defend_B","Defend_B","Defend_B","Zap","Dualcast","Glacier+1","Echo Form+1","White Noise+1","Leap","Stack","Electrodynamics","BootSequence","Defragment","Core Surge","Compile Driver+1","Conserve Battery","FTL","Electrodynamics","Reboot"],"relics":["Cracked Core","Pen Nib","Mango","DataDisk","Velvet Choker","Nloth\u0027s Gift","Shuriken","Sundial"],"potions_floor_usage":[7,11,13,24,30,30,33],"damage_taken":[{"damage":8,"enemies":"Jaw Worm","floor":1,"turns":4},{"damage":0,"enemies":"Small Slimes","floor":3,"turns":3},{"damage":2,"enemies":"Cultist","floor":4,"turns":5},{"damage":27,"enemies":"Gremlin Nob","floor":7,"turns":4},{"damage":16,"enemies":"Large Slime","floor":11,"turns":7},{"damage":0,"enemies":"2 Fungi Beasts","floor":13,"turns":3},{"damage":19,"enemies":"The Guardian","floor":16,"turns":13},{"damage":5,"enemies":"3 Byrds","floor":18,"turns":4},{"damage":7,"enemies":"2 Thieves","floor":19,"turns":4},{"damage":13,"enemies":"Cultist and Chosen","floor":21,"turns":7},{"damage":10,"enemies":"Snecko","floor":22,"turns":4},{"damage":55,"enemies":"Book of Stabbing","floor":24,"turns":7},{"damage":19,"enemies":"Snake Plant","floor":28,"turns":3},{"damage":0,"enemies":"Centurion and Healer","floor":29,"turns":4},{"damage":0,"enemies":"Gremlin Leader","floor":30,"turns":6},{"damage":41,"enemies":"Collector","floor":33,"turns":6}],"seed_played":"4431837982505028744","potions_obtained":[{"floor":4,"key":"FearPotion"},{"floor":7,"key":"Poison Potion"},{"floor":11,"key":"Fire Potion"},{"floor":21,"key":"Dexterity Potion"},{"floor":22,"key":"Strength Potion"},{"floor":24,"key":"SpeedPotion"},{"floor":30,"key":"Block Potion"}],"is_trial":false,"path_per_floor":["M","$","M","M","?","R","E","R","T","R","M","?","M","$","R","B",null,"M","M","?","M","M","R","E","?","T","R","M","M","E","?","R","B"],"character_chosen":"DEFECT","items_purchased":["Echo Form","Defragment"],"campfire_rested":4,"item_purchase_floors":[2,14],"current_hp_per_floor":[56,56,56,54,49,49,36,36,36,36,20,20,20,20,45,26,70,65,58,58,45,35,60,5,5,5,30,11,11,11,11,36,0],"gold":295,"neow_bonus":"HUNDRED_GOLD","is_prod":false,"is_daily":false,"chose_seed":false,"campfire_upgraded":3,"win_rate":0,"timestamp":1559432601,"path_taken":["M","$","M","M","?","R","E","R","T","R","M","?","M","?","R","BOSS","M","M","?","M","M","R","E","?","T","R","?","M","E","?","R","BOSS"],"build_version":"2019-01-23","purchased_purges":0,"victory":false,"max_hp_per_floor":[71,71,71,71,71,71,85,85,85,85,85,85,85,85,85,85,85,85,85,85,85,85,85,85,85,85,85,85,85,85,85,85,85],"card_choices":[{"not_picked":["Redo","Darkness"],"picked":"Glacier","floor":1},{"not_picked":["Streamline","Static Discharge"],"picked":"White Noise","floor":3},{"not_picked":["Cold Snap","Rebound"],"picked":"Leap","floor":4},{"not_picked":["Hologram","Blizzard"],"picked":"Stack","floor":7},{"not_picked":["Steam Power","Fusion"],"picked":"Electrodynamics","floor":11},{"not_picked":["Gash","Chill"],"picked":"BootSequence","floor":13},{"not_picked":["Echo Form","Amplify"],"picked":"Core Surge","floor":16},{"not_picked":["Stack","Gash","Barrage"],"picked":"SKIP","floor":18},{"not_picked":["Go for the Eyes","Genetic Algorithm+1"],"picked":"Compile Driver+1","floor":19},{"not_picked":["Compile Driver","Cold Snap+1"],"picked":"Conserve Battery","floor":21},{"not_picked":["Ball Lightning","Redo"],"picked":"FTL","floor":22},{"not_picked":["Steam","Chaos","Recycle"],"picked":"SKIP","floor":24},{"not_picked":["Sweeping Beam","Barrage"],"picked":"Electrodynamics","floor":28},{"not_picked":["Force Field","Undo+1","Streamline"],"picked":"SKIP","floor":29},{"not_picked":["Compile Driver","Echo Form"],"picked":"Reboot","floor":30}],"player_experience":933089,"relics_obtained":[{"floor":7,"key":"Mango"},{"floor":9,"key":"DataDisk"},{"floor":24,"key":"Dream Catcher"},{"floor":26,"key":"Shuriken"},{"floor":30,"key":"Sundial"}],"event_choices":[{"damage_healed":0,"gold_gain":0,"player_choice":"Success","damage_taken":5,"relics_obtained":["Pen Nib"],"max_hp_gain":0,"max_hp_loss":0,"event_name":"Scrap Ooze","floor":5,"gold_loss":0},{"damage_healed":0,"gold_gain":0,"player_choice":"Ignored","damage_taken":0,"max_hp_gain":0,"max_hp_loss":0,"event_name":"Shining Light","floor":12,"gold_loss":0},{"damage_healed":0,"gold_gain":50,"player_choice":"Stole From Cult","damage_taken":0,"max_hp_gain":0,"max_hp_loss":0,"event_name":"Nest","floor":20,"gold_loss":0},{"damage_healed":0,"gold_gain":0,"player_choice":"Traded Relic","damage_taken":0,"relics_obtained":["Nloth\u0027s Gift"],"max_hp_gain":0,"max_hp_loss":0,"event_name":"N\u0027loth","floor":25,"relics_lost":["Dream Catcher"],"gold_loss":0},{"cards_removed":["Strike_B"],"damage_healed":0,"gold_gain":0,"player_choice":"Gave Gold","damage_taken":0,"max_hp_gain":0,"max_hp_loss":0,"event_name":"Beggar","floor":31,"gold_loss":75}],"is_beta":false,"boss_relics":[{"not_picked":["White Beast Statue","Coffee Dripper"],"picked":"Velvet Choker"}],"items_purged_floors":[],"is_endless":false,"potions_floor_spawned":[4,7,11,21,22,24,29,30],"killed_by":"Collector","ascension_level":16}