{"gold_per_floor":[110,123,143,143,160,185,215,215,215,226,243,263,278,296,296,393,393,408,408,420,31,50,50,67,67,90,90,100,115,115,125,125,220,220,230,246,31,46,46,46,46,64,64,74,26,26,26,51,51,51],"floor_reached":51,"playtime":2593,"items_purged":["Strike_R+1"],"score":717,"play_id":"aca41eae-fa01-468c-9384-f39f570ceeba","local_time":"20190618005752","is_ascension_mode":false,"campfire_choices":[{"data":"Havoc","floor":8,"key":"SMITH"},{"data":"Defend_R","floor":15,"key":"SMITH"},{"data":"Apotheosis","floor":23,"key":"SMITH"},{"floor":25,"key":"DIG"},{"floor":27,"key":"DIG"},{"floor":32,"key":"DIG"},{"floor":41,"key":"DIG"},{"floor":46,"key":"DIG"},{"floor":49,"key":"DIG"}],"neow_cost":"NONE","seed_source_timestamp":866865858607894,"circlet_count":0,"master_deck":["Strike_R+1","Strike_R+1","Strike_R+1","Defend_R+1","Defend_R+1","Defend_R+1","Defend_R+1","Bash","Wild Strike","Twin Strike","Pommel Strike","Demon Form","Havoc+1","Reaper","Iron Wave","RitualDagger+1","Flame Barrier","Apotheosis+1","Reaper+1","Twin Strike+1","Ghostly Armor","Reckless Charge","True Grit+1"],"relics":["Coffee Dripper","FossilizedHelix","Odd Mushroom","Shovel","Eternal Feather","Strange Spoon","Singing Bowl","Happy Flower","Centennial Puzzle","Art of War","Fusion Hammer","Dodecahedron","Darkstone Periapt","Bag of Marbles","Bronze Scales","Whetstone"],"potions_floor_usage":[6,7,10,11,14,18,22,36,38,40,48,50],"damage_taken":[{"damage":6,"enemies":"Cultist","floor":1,"turns":3},{"damage":5,"enemies":"2 Louse","floor":2,"turns":2},{"damage":0,"enemies":"Small Slimes","floor":3,"turns":3},{"damage":1,"enemies":"3 Louse","floor":5,"turns":3},{"damage":6,"enemies":"Gremlin Nob","floor":6,"turns":3},{"damage":12,"enemies":"The Mushroom Lair","floor":7,"turns":4},{"damage":0,"enemies":"Exordium Thugs","floor":10,"turns":3},{"damage":0,"enemies":"Blue Slaver","floor":11,"turns":3},{"damage":0,"enemies":"Large Slime","floor":12,"turns":4},{"damage":0,"enemies":"Red Slaver","floor":13,"turns":3},{"damage":3,"enemies":"Blue Slaver","floor":14,"turns":4},{"damage":32,"enemies":"Hexaghost","floor":16,"turns":6},{"damage":18,"enemies":"2 Thieves","floor":18,"turns":4},{"damage":0,"enemies":"Spheric Guardian","floor":20,"turns":3},{"damage":9,"enemies":"Chosen and Byrds","floor":22,"turns":5},{"damage":15,"enemies":"Cultist and Chosen","floor":24,"turns":6},{"damage":0,"enemies":"Snecko","floor":28,"turns":3},{"damage":15,"enemies":"Centurion and Healer","floor":29,"turns":4},{"damage":4,"enemies":"Shelled Parasite and Fungi","floor":31,"turns":5},{"damage":42,"enemies":"Collector","floor":33,"turns":7},{"damage":0,"enemies":"3 Shapes","floor":35,"turns":4},{"damage":0,"enemies":"Orb Walker","floor":36,"turns":3},{"damage":0,"enemies":"3 Darklings","floor":38,"turns":4},{"damage":0,"enemies":"Reptomancer","floor":40,"turns":2},{"damage":28,"enemies":"Sphere and 2 Shapes","floor":42,"turns":6},{"damage":5,"enemies":"Writhing Mass","floor":44,"turns":5},{"damage":11,"enemies":"Giant Head","floor":48,"turns":7},{"damage":54,"enemies":"Time Eater","floor":50,"turns":10}],"seed_played":"734346230889086035","potions_obtained":[{"floor":2,"key":"Fire Potion"},{"floor":6,"key":"Energy Potion"},{"floor":7,"key":"SpeedPotion"},{"floor":10,"key":"Weak Potion"},{"floor":13,"key":"EssenceOfSteel"},{"floor":16,"key":"SteroidPotion"},{"floor":20,"key":"Explosive Potion"},{"floor":22,"key":"SmokeBomb"},{"floor":33,"key":"Dexterity Potion"},{"floor":35,"key":"Swift Potion"},{"floor":48,"key":"Swift Potion"}],"is_trial":false,"path_per_floor":["M","M","M","?","M","E","?","R","T","M","M","M","M","M","R","B",null,"M","?","M","$","M","R","M","R","T","R","M","M","?","M","R","B",null,"M","M","$","M","?","E","R","M","T","M","$","R","?","E","R","B",null],"character_chosen":"IRONCLAD","items_purchased":["Strange Spoon","Apotheosis","Bludgeon","PowerPotion"],"campfire_rested":0,"item_purchase_floors":[21,21,37,45],"current_hp_per_floor":[74,69,69,69,68,62,50,50,50,50,50,50,50,47,47,15,80,62,56,56,56,57,69,62,74,74,80,82,84,84,82,86,62,86,86,88,88,90,90,90,90,78,78,92,92,92,92,81,92,61],"gold":51,"neow_bonus":"BOSS_RELIC","is_prod":false,"is_daily":false,"chose_seed":false,"campfire_upgraded":3,"win_rate":0,"timestamp":1560844672,"path_taken":["M","M","?","?","M","E","?","R","T","M","M","M","M","M","R","BOSS","M","?","M","$","M","R","M","R","T","R","M","M","?","M","R","BOSS","M","M","$","M","?","E","R","M","T","M","$","R","?","E","R","BOSS"],"build_version":"2019-01-23","purchased_purges":1,"victory":true,"max_hp_per_floor":[80,80,80,80,80,80,80,80,80,80,80,80,80,80,80,80,80,80,80,80,80,80,80,80,80,80,80,82,84,84,86,86,86,86,86,88,88,90,90,90,90,92,92,92,92,92,92,92,92,92],"card_choices":[{"not_picked":["Entrench","Heavy Blade"],"picked":"Wild Strike","floor":1},{"not_picked":["Ghostly Armor","Fire Breathing"],"picked":"Twin Strike","floor":2},{"not_picked":["Sword Boomerang","Battle Trance"],"picked":"Pommel Strike","floor":3},{"not_picked":["True Grit","Clothesline","Metallicize"],"picked":"SKIP","floor":5},{"not_picked":["Twin Strike","Thunderclap"],"picked":"Demon Form","floor":6},{"not_picked":["Wild Strike","Pommel Strike"],"picked":"Havoc","floor":7},{"not_picked":["Second Wind","Headbutt","Burning Pact"],"picked":"SKIP","floor":10},{"not_picked":["Perfected Strike","Anger","Body Slam"],"picked":"SKIP","floor":11},{"not_picked":["Thunderclap","Clash","Pommel Strike"],"picked":"SKIP","floor":12},{"not_picked":["Havoc","Fiend Fire","Inflame"],"picked":"SKIP","floor":13},{"not_picked":["Body Slam","Clash","Twin Strike"],"picked":"SKIP","floor":14},{"not_picked":["Brutality","Dark Embrace"],"picked":"Reaper","floor":16},{"not_picked":["Sword Boomerang","Bloodletting"],"picked":"Iron Wave","floor":18},{"not_picked":["Infernal Blade","Shrug It Off"],"picked":"Flame Barrier","floor":20},{"not_picked":["Bloodletting","Iron Wave","Disarm+1"],"picked":"SKIP","floor":22},{"not_picked":["Wild Strike","Body Slam","Headbutt+1"],"picked":"SKIP","floor":24},{"not_picked":["Clash","Power Through","Iron Wave"],"picked":"Singing Bowl","floor":28},{"not_picked":["Flex","Shrug It Off","Brutality"],"picked":"Singing Bowl","floor":29},{"not_picked":["Sword Boomerang","Thunderclap","Havoc+1"],"picked":"Singing Bowl","floor":31},{"not_picked":["Impervious","Juggernaut"],"picked":"Reaper","floor":33},{"not_picked":["Clash","Bloodletting+1"],"picked":"Twin Strike+1","floor":35},{"not_picked":["Flex","Twin Strike","Dropkick"],"picked":"Singing Bowl","floor":36},{"not_picked":["Perfected Strike","Thunderclap","Clash"],"picked":"Singing Bowl","floor":38},{"not_picked":["True Grit+1","Perfected Strike","Twin Strike"],"picked":"Singing Bowl","floor":42},{"not_picked":["Uppercut+1","Second Wind+1"],"picked":"Ghostly Armor","floor":44},{"not_picked":["Warcry","Pommel Strike"],"picked":"True Grit+1","floor":48}],"player_experience":427530,"relics_obtained":[{"floor":6,"key":"FossilizedHelix"},{"floor":7,"key":"Odd Mushroom"},{"floor":9,"key":"Shovel"},{"floor":25,"key":"Singing Bowl"},{"floor":26,"key":"Happy Flower"},{"floor":27,"key":"Centennial Puzzle"},{"floor":32,"key":"Art of War"},{"floor":41,"key":"Dodecahedron"},{"floor":43,"key":"Darkstone Periapt"},{"floor":46,"key":"Bag of Marbles"},{"floor":48,"key":"Bronze Scales"},{"floor":49,"key":"Whetstone"}],"event_choices":[{"damage_healed":0,"gold_gain":0,"player_choice":"Ignored","damage_taken":0,"max_hp_gain":0,"max_hp_loss":0,"event_name":"Liars Game","floor":4,"gold_loss":0},{"damage_healed":0,"gold_gain":0,"player_choice":"Fought Mushrooms","damage_taken":0,"max_hp_gain":0,"max_hp_loss":0,"event_name":"Mushrooms","floor":7,"gold_loss":0},{"damage_healed":0,"gold_gain":0,"player_choice":"Joined the Cult","damage_taken":6,"max_hp_gain":0,"max_hp_loss":0,"event_name":"Nest","floor":19,"gold_loss":0,"cards_obtained":["RitualDagger"]},{"damage_healed":0,"gold_gain":0,"player_choice":"Simplicity","damage_taken":0,"max_hp_gain":0,"max_hp_loss":0,"event_name":"Back to Basics","floor":30,"gold_loss":0,"cards_upgraded":["Strike_R","Strike_R","Strike_R","Strike_R","Strike_R","Defend_R","Defend_R","Defend_R"]},{"cards_removed":["Bludgeon"],"damage_healed":0,"gold_gain":0,"player_choice":"Removed Attack","damage_taken":0,"max_hp_gain":0,"max_hp_loss":0,"event_name":"Falling","floor":39,"gold_loss":0},{"damage_healed":0,"gold_gain":0,"cards_transformed":["Strike_R"],"player_choice":"Transformed","damage_taken":0,"max_hp_gain":0,"max_hp_loss":0,"event_name":"Transmorgrifier","floor":47,"gold_loss":0,"cards_obtained":["Reckless Charge"]}],"is_beta":false,"boss_relics":[{"not_picked":["Philosopher\u0027s Stone","Tiny House"],"picked":"Eternal Feather"},{"not_picked":["White Beast Statue","Calling Bell"],"picked":"Fusion Hammer"}],"items_purged_floors":[37],"is_endless":false,"potions_floor_spawned":[2,6,7,10,13,16,20,22,33,35,40,48],"ascension_level":0}