{"gold_per_floor":[364,381,396,75,95,95,115,125,203,229,239,43,43,43,43,115,115,135,135,185,197,112,112,141,141,197,27,45,45,45],"floor_reached":30,"playtime":923,"items_purged":[],"score":438,"play_id":"3339d23a-e93c-414f-9a86-450cda69db47","local_time":"20190503122952","is_ascension_mode":true,"campfire_choices":[{"data":"The Bomb","floor":6,"key":"SMITH"},{"floor":13,"key":"REST"},{"data":"True Grit","floor":15,"key":"SMITH"},{"data":"Juggernaut","floor":23,"key":"SMITH"},{"floor":25,"key":"REST"}],"neow_cost":"PERCENT_DAMAGE","seed_source_timestamp":576898585450011,"circlet_count":0,"master_deck":["AscendersBane","Strike_R","Strike_R","Strike_R","Strike_R","Defend_R","Defend_R","Defend_R","Defend_R","Bash","Headbutt","True Grit+1","Disarm","The Bomb+1","Shrug It Off","Cleave","Immolate","Warcry","Juggernaut+1","Seeing Red+1","Writhe","Entrench","Apotheosis","Whirlwind"],"relics":["Burning Blood","Pen Nib","Bottled Lightning","Kunai","Toolbox","Sozu","Ice Cream","Bronze Scales","Charon\u0027s Ashes","Tiny Chest","Ancient Tea Set"],"potions_floor_usage":[7,10,11,18],"damage_taken":[{"damage":1,"enemies":"Cultist","floor":1,"turns":3},{"damage":0,"enemies":"2 Louse","floor":2,"turns":4},{"damage":4,"enemies":"Small Slimes","floor":3,"turns":4},{"damage":15,"enemies":"Looter","floor":5,"turns":3},{"damage":6,"enemies":"Red Slaver","floor":7,"turns":3},{"damage":12,"enemies":"3 Louse","floor":8,"turns":5},{"damage":26,"enemies":"Gremlin Nob","floor":10,"turns":4},{"damage":1,"enemies":"Large Slime","floor":11,"turns":3},{"damage":32,"enemies":"Hexaghost","floor":16,"turns":9},{"damage":8,"enemies":"3 Byrds","floor":18,"turns":3},{"damage":24,"enemies":"2 Thieves","floor":21,"turns":3},{"damage":39,"enemies":"Slavers","floor":24,"turns":3},{"damage":16,"enemies":"Snecko","floor":28,"turns":3},{"damage":24,"enemies":"Book of Stabbing","floor":30,"turns":2}],"seed_played":"-6396952358395764470","potions_obtained":[{"floor":2,"key":"SkillPotion"},{"floor":8,"key":"Fire Potion"},{"floor":10,"key":"Block Potion"},{"floor":16,"key":"SkillPotion"}],"is_trial":false,"path_per_floor":["M","M","M","$","M","R","M","M","T","E","M","$","R","?","R","B",null,"M","?","?","M","?","R","E","R","T","$","M","T","E"],"character_chosen":"IRONCLAD","items_purchased":["The Bomb","Pen Nib","Toolbox","Apotheosis"],"campfire_rested":2,"item_purchase_floors":[4,4,12,27],"current_hp_per_floor":[55,61,63,63,54,54,54,48,48,28,33,33,55,55,55,29,64,62,62,62,44,44,44,11,33,33,33,23,23,0],"gold":45,"neow_bonus":"TWO_FIFTY_GOLD","is_prod":false,"is_daily":false,"chose_seed":false,"campfire_upgraded":3,"win_rate":0,"timestamp":1556911792,"path_taken":["M","M","M","$","M","R","M","M","T","E","M","$","R","?","R","BOSS","M","?","?","M","?","R","E","R","T","$","M","?","E"],"build_version":"2019-01-23","purchased_purges":0,"victory":false,"max_hp_per_floor":[75,75,75,75,75,75,75,75,75,75,75,75,75,75,75,75,75,75,75,75,75,75,75,75,75,75,75,75,75,75],"card_choices":[{"not_picked":["Armaments","Metallicize"],"picked":"Headbutt","floor":1},{"not_picked":["Blood for Blood","Warcry"],"picked":"True Grit","floor":2},{"not_picked":["Pommel Strike","Clothesline"],"picked":"Disarm","floor":3},{"not_picked":["Dropkick","Thunderclap","Flex"],"picked":"SKIP","floor":5},{"not_picked":["Sword Boomerang","Thunderclap"],"picked":"Shrug It Off","floor":7},{"not_picked":["Havoc","Whirlwind"],"picked":"Cleave","floor":8},{"not_picked":["Twin Strike","Clash"],"picked":"Immolate","floor":10},{"not_picked":["Sentinel","Armaments"],"picked":"Warcry","floor":11},{"not_picked":["Impervious","Fiend Fire"],"picked":"Juggernaut","floor":16},{"not_picked":["Armaments","Havoc"],"picked":"Seeing Red+1","floor":18},{"not_picked":["Thunderclap","True Grit"],"picked":"Entrench","floor":21},{"not_picked":["Entrench","Intimidate","Burning Pact"],"picked":"SKIP","floor":24},{"not_picked":["Thunderclap","Warcry"],"picked":"Whirlwind","floor":28}],"player_experience":877968,"relics_obtained":[{"floor":9,"key":"Bottled Lightning"},{"floor":10,"key":"Kunai"},{"floor":24,"key":"Charon\u0027s Ashes"},{"floor":26,"key":"Tiny Chest"},{"floor":29,"key":"Ancient Tea Set"}],"event_choices":[{"cards_removed":["Strike_R"],"damage_healed":0,"gold_gain":0,"player_choice":"Card Removal","damage_taken":0,"max_hp_gain":0,"max_hp_loss":0,"event_name":"Wheel of Change","floor":14,"gold_loss":0},{"damage_healed":0,"gold_gain":0,"player_choice":"Opened","damage_taken":0,"relics_obtained":["Ice Cream"],"max_hp_gain":0,"max_hp_loss":0,"event_name":"The Mausoleum","floor":19,"gold_loss":0,"cards_obtained":["Writhe"]},{"damage_healed":0,"gold_gain":50,"player_choice":"Stole From Cult","damage_taken":0,"max_hp_gain":0,"max_hp_loss":0,"event_name":"Nest","floor":20,"gold_loss":0},{"damage_healed":0,"gold_gain":0,"player_choice":"Obtained Relic","damage_taken":0,"relics_obtained":["Bronze Scales"],"max_hp_gain":0,"max_hp_loss":0,"event_name":"Addict","floor":22,"gold_loss":85}],"is_beta":false,"boss_relics":[{"not_picked":["White Beast Statue","Pandora\u0027s Box"],"picked":"Sozu"}],"items_purged_floors":[],"is_endless":false,"potions_floor_spawned":[2,8,10,16,28],"killed_by":"Book of Stabbing","ascension_level":15}