{"gold_per_floor":[213,228,245,260,260,260,594,594,671,685,697,697,711,711,711,811,811,826,9,9,22,36,36],"floor_reached":23,"playtime":1450,"items_purged":["Bash"],"score":195,"play_id":"304d7c85-1edb-4bd8-8099-05d3ddc72629","local_time":"20190428124203","is_ascension_mode":false,"campfire_choices":[{"data":"Combust","floor":6,"key":"SMITH"},{"data":"Hemokinesis","floor":8,"key":"SMITH"},{"data":"Anger","floor":12,"key":"SMITH"},{"data":"Iron Wave","floor":15,"key":"SMITH"}],"neow_cost":"NONE","seed_source_timestamp":11235730717081,"circlet_count":0,"master_deck":["Strike_R","Strike_R","Strike_R","Strike_R","Strike_R","Defend_R","Defend_R","Defend_R","Defend_R","Iron Wave+1","Hemokinesis+1","Combust+1","Anger+1","Sword Boomerang","Battle Trance+1","Flex+1","Impervious+1","Thunderclap+1","Perfected Strike","Double Tap+1","Apotheosis+1","Mind Blast","Flex+1","Shrug It Off+1","Anger+1"],"relics":["Burning Blood","GremlinMask","Old Coin","Toxic Egg 2","Potion Belt","Runic Pyramid","Question Card"],"potions_floor_usage":[23],"damage_taken":[{"damage":6,"enemies":"Cultist","floor":1,"turns":3},{"damage":4,"enemies":"Small Slimes","floor":2,"turns":4},{"damage":0,"enemies":"2 Louse","floor":3,"turns":3},{"damage":10,"enemies":"Lots of Slimes","floor":4,"turns":2},{"damage":18,"enemies":"3 Sentries","floor":7,"turns":4},{"damage":8,"enemies":"Blue Slaver","floor":10,"turns":4},{"damage":4,"enemies":"3 Louse","floor":11,"turns":3},{"damage":7,"enemies":"Looter","floor":13,"turns":2},{"damage":33,"enemies":"Slime Boss","floor":16,"turns":8},{"damage":22,"enemies":"2 Thieves","floor":18,"turns":4},{"damage":29,"enemies":"Shell Parasite","floor":21,"turns":5},{"damage":21,"enemies":"Snake Plant","floor":22,"turns":4},{"damage":38,"enemies":"Book of Stabbing","floor":23,"turns":5}],"seed_played":"1898742933772161944","potions_obtained":[{"floor":2,"key":"SpeedPotion"},{"floor":7,"key":"EssenceOfSteel"},{"floor":13,"key":"AttackPotion"},{"floor":21,"key":"AttackPotion"}],"is_trial":false,"path_per_floor":["M","M","M","M","?","R","E","R","T","M","M","R","M","?","R","B",null,"M","$","?","M","M","E"],"character_chosen":"IRONCLAD","items_purchased":["Perfected Strike","Double Tap+1","Question Card","Apotheosis+1","Mind Blast"],"campfire_rested":0,"item_purchase_floors":[19,19,19,19,19],"current_hp_per_floor":[80,80,80,76,76,76,64,64,64,62,64,64,63,60,60,33,80,64,64,64,41,26,0],"gold":36,"neow_bonus":"HUNDRED_GOLD","is_prod":false,"is_daily":false,"chose_seed":false,"campfire_upgraded":4,"win_rate":0.0,"timestamp":1556480523,"path_taken":["M","M","M","M","?","R","E","R","T","M","?","R","M","?","R","BOSS","M","$","?","M","?","E"],"build_version":"2019-01-23","purchased_purges":1,"victory":false,"max_hp_per_floor":[80,80,80,80,80,80,80,80,80,80,80,80,80,80,80,80,80,80,80,80,80,80,80],"card_choices":[{"not_picked":["Armaments","Cleave"],"picked":"Iron Wave","floor":1},{"not_picked":["Iron Wave","Warcry"],"picked":"Hemokinesis","floor":2},{"not_picked":["Burning Pact","Sword Boomerang"],"picked":"Combust","floor":3},{"not_picked":["Combust","Dropkick"],"picked":"Anger","floor":4},{"not_picked":["Pommel Strike","Heavy Blade"],"picked":"Sword Boomerang","floor":7},{"not_picked":["Heavy Blade","Sever Soul","Entrench+1"],"picked":"SKIP","floor":10},{"not_picked":["Second Wind+1","Intimidate+1"],"picked":"Battle Trance+1","floor":11},{"not_picked":["Fiend Fire","Rupture"],"picked":"Flex+1","floor":13},{"not_picked":["Offering+1","Barricade"],"picked":"Impervious+1","floor":16},{"not_picked":["Shrug It Off+1","Sword Boomerang"],"picked":"Thunderclap+1","floor":18},{"not_picked":["Hemokinesis","Sword Boomerang","Evolve"],"picked":"Shrug It Off+1","floor":21},{"not_picked":["Feel No Pain","Infernal Blade+1","Perfected Strike"],"picked":"Anger+1","floor":22}],"player_experience":30475,"relics_obtained":[{"floor":7,"key":"Old Coin"},{"floor":9,"key":"Toxic Egg 2"}],"event_choices":[{"damage_healed":0,"gold_gain":0,"player_choice":"Trade","damage_taken":0,"relics_obtained":["GremlinMask"],"max_hp_gain":0,"max_hp_loss":0,"event_name":"FaceTrader","floor":5,"gold_loss":0},{"damage_healed":0,"gold_gain":0,"player_choice":"Success","damage_taken":3,"relics_obtained":["Potion Belt"],"max_hp_gain":0,"max_hp_loss":0,"event_name":"Scrap Ooze","floor":14,"gold_loss":0},{"damage_healed":0,"gold_gain":0,"player_choice":"Copied","damage_taken":0,"max_hp_gain":0,"max_hp_loss":0,"event_name":"Duplicator","floor":20,"gold_loss":0,"cards_obtained":["Flex"]}],"is_beta":false,"boss_relics":[{"not_picked":["Astrolabe","Lizard Tail"],"picked":"Runic Pyramid"}],"items_purged_floors":[19],"is_endless":false,"potions_floor_spawned":[2,7,13,21],"killed_by":"Book of Stabbing","ascension_level":0}