{"gold_per_floor":[116,133,133,133,1,27,27,47,47,69,81,93,121,133,145,157],"floor_reached":16,"playtime":386,"items_purged":[],"score":250,"play_id":"ae1c7563-d6d0-4768-84ca-e05a35bb3691","local_time":"20190611202015","is_ascension_mode":true,"campfire_choices":[{"data":"Sucker Punch","floor":11,"key":"SMITH"},{"data":"Footwork","floor":15,"key":"SMITH"}],"neow_cost":"NONE","seed_source_timestamp":677862821794834,"circlet_count":0,"master_deck":["AscendersBane","Defend_G","Defend_G","Defend_G","Defend_G","Defend_G","Strike_G","Strike_G","Strike_G","Strike_G","Strike_G","Survivor","Neutralize","Noxious Fumes","Dagger Throw","Footwork+1","Bouncing Flask","Sucker Punch+1","Blur"],"relics":["Ring of the Snake","NeowsBlessing","Ornamental Fan","Paper Crane","MawBank","Matryoshka","Golden Idol"],"potions_floor_usage":[13,16],"damage_taken":[{"damage":0,"enemies":"Cultist","floor":1,"turns":1},{"damage":0,"enemies":"Jaw Worm","floor":2,"turns":1},{"damage":0,"enemies":"3 Sentries","floor":6,"turns":1},{"damage":7,"enemies":"2 Louse","floor":8,"turns":2},{"damage":12,"enemies":"2 Fungi Beasts","floor":10,"turns":5},{"damage":12,"enemies":"3 Louse","floor":13,"turns":4},{"damage":36,"enemies":"Slime Boss","floor":16,"turns":10}],"seed_played":"5139194675132081107","potions_obtained":[{"floor":1,"key":"Regen Potion"},{"floor":2,"key":"FearPotion"}],"is_trial":false,"path_per_floor":["M","M","$","?","$","E","?","M","T","M","R","T","M","?","R","B"],"character_chosen":"THE_SILENT","items_purchased":["Footwork","Bouncing Flask"],"campfire_rested":0,"item_purchase_floors":[5,5],"current_hp_per_floor":[59,59,59,48,48,48,48,41,41,29,29,29,31,31,31,0],"gold":157,"neow_bonus":"THREE_ENEMY_KILL","is_prod":false,"is_daily":false,"chose_seed":false,"campfire_upgraded":2,"win_rate":0,"timestamp":1560298815,"path_taken":["M","?","$","?","$","E","?","M","T","M","R","?","M","?","R","BOSS"],"build_version":"2019-01-23","purchased_purges":0,"victory":false,"max_hp_per_floor":[66,66,66,66,66,66,66,66,66,66,66,66,66,60,60,60],"card_choices":[{"not_picked":["Deflect","Distraction"],"picked":"Noxious Fumes","floor":1},{"not_picked":["Heel Hook","Calculated Gamble"],"picked":"Dagger Throw","floor":2},{"not_picked":["Heel Hook","Acrobatics","Caltrops"],"picked":"SKIP","floor":6},{"not_picked":["Blade Dance","Acrobatics"],"picked":"Sucker Punch","floor":8},{"not_picked":["Reflex","Deflect"],"picked":"Blur","floor":10},{"not_picked":["Reflex","PiercingWail","Prepared"],"picked":"SKIP","floor":13}],"player_experience":880750,"relics_obtained":[{"floor":6,"key":"Paper Crane"},{"floor":9,"key":"MawBank"},{"floor":12,"key":"Matryoshka"}],"event_choices":[{"damage_healed":0,"gold_gain":0,"player_choice":"Success","damage_taken":11,"relics_obtained":["Ornamental Fan"],"max_hp_gain":0,"max_hp_loss":0,"event_name":"Scrap Ooze","floor":4,"gold_loss":0},{"damage_healed":0,"gold_gain":0,"player_choice":"Ignored","damage_taken":0,"max_hp_gain":0,"max_hp_loss":0,"event_name":"Shining Light","floor":7,"gold_loss":0},{"damage_healed":0,"gold_gain":0,"player_choice":"Lose Max HP","damage_taken":0,"relics_obtained":["Golden Idol"],"max_hp_gain":0,"max_hp_loss":6,"event_name":"Golden Idol","floor":14,"gold_loss":0}],"is_beta":false,"boss_relics":[],"items_purged_floors":[],"is_endless":false,"potions_floor_spawned":[1,2,10],"killed_by":"Slime Boss","ascension_level":20}