{"gold_per_floor":[119,23,33,33,44,44,75,75,98,127,137,149,174,174,174,272,272,292,0,19,38,53,53,65,65,91,108,121,121,33,50,50,152,152,166,166,166,182,182,182,52,63,63,77,27,39,55,5,5,5,5,5,5,30,30],"floor_reached":55,"playtime":2399,"items_purged":["Strike_B","Strike_B","Defend_B","Strike_B+1","Defend_B"],"score":643,"play_id":"146e3f7d-6c8a-4954-978a-fdab75791fc5","local_time":"20190416134408","is_ascension_mode":false,"campfire_choices":[{"data":"Self Repair","floor":6,"key":"SMITH"},{"data":"Echo Form","floor":15,"key":"SMITH"},{"data":"Defragment","floor":23,"key":"SMITH"},{"floor":29,"key":"RECALL"},{"data":"Defragment","floor":32,"key":"SMITH"},{"data":"Thunder Strike","floor":40,"key":"SMITH"},{"data":"Machine Learning","floor":49,"key":"SMITH"},{"data":"Defragment","floor":52,"key":"SMITH"}],"neow_cost":"NONE","seed_source_timestamp":561372068721267,"circlet_count":0,"master_deck":["Strike_B+1","Defend_B","Defend_B","Zap+1","Dualcast+1","Tempest+1","Self Repair+1","Ball Lightning","Sweeping Beam","Glacier","Echo Form+1","Conserve Battery","Ball Lightning","Coolheaded","Core Surge","Defragment+1","Glacier","Cold Snap+1","Defragment+1","Thunder Strike+1","Finesse","Storm+1","Defragment+1","Machine Learning+1","Capacitor+1"],"relics":["FrozenCore","Happy Flower","War Paint","Strawberry","Sozu","PreservedInsect","Prayer Wheel","Smiling Mask","Gambling Chip","FossilizedHelix"],"potions_floor_usage":[7,33,50,54],"damage_taken":[{"damage":2,"enemies":"2 Louse","floor":1,"turns":2},{"damage":1,"enemies":"Cultist","floor":3,"turns":3},{"damage":3,"enemies":"Jaw Worm","floor":5,"turns":3},{"damage":20,"enemies":"Gremlin Nob","floor":7,"turns":4},{"damage":5,"enemies":"Lagavulin","floor":10,"turns":6},{"damage":8,"enemies":"Red Slaver","floor":11,"turns":3},{"damage":7,"enemies":"Blue Slaver","floor":12,"turns":2},{"damage":4,"enemies":"3 Sentries","floor":13,"turns":4},{"damage":14,"enemies":"The Guardian","floor":16,"turns":9},{"damage":8,"enemies":"Shell Parasite","floor":18,"turns":5},{"damage":12,"enemies":"3 Byrds","floor":20,"turns":3},{"damage":10,"enemies":"Sentry and Sphere","floor":21,"turns":3},{"damage":10,"enemies":"Snake Plant","floor":22,"turns":4},{"damage":11,"enemies":"3 Cultists","floor":24,"turns":4},{"damage":10,"enemies":"Shelled Parasite and Fungi","floor":27,"turns":5},{"damage":5,"enemies":"Chosen and Byrds","floor":28,"turns":4},{"damage":0,"enemies":"Cultist and Chosen","floor":31,"turns":4},{"damage":17,"enemies":"Automaton","floor":33,"turns":9},{"damage":9,"enemies":"3 Shapes","floor":35,"turns":4},{"damage":13,"enemies":"Orb Walker","floor":38,"turns":4},{"damage":12,"enemies":"3 Darklings","floor":42,"turns":5},{"damage":8,"enemies":"Sphere and 2 Shapes","floor":44,"turns":4},{"damage":8,"enemies":"Writhing Mass","floor":46,"turns":5},{"damage":10,"enemies":"4 Shapes","floor":47,"turns":6},{"damage":21,"enemies":"Donu and Deca","floor":50,"turns":9},{"damage":60,"enemies":"Shield and Spear","floor":54,"turns":6},{"damage":55,"enemies":"The Heart","floor":55,"turns":9}],"seed_played":"-1095278038900770710","potions_obtained":[{"floor":1,"key":"GamblersBrew"},{"floor":4,"key":"Regen Potion"},{"floor":4,"key":"SkillPotion"},{"floor":7,"key":"SteroidPotion"},{"floor":13,"key":"EssenceOfSteel"},{"floor":16,"key":"PowerPotion"}],"is_trial":false,"path_per_floor":["M","$","M","?","M","R","E","?","T","E","M","M","E","?","R","B",null,"M","$","M","M","M","R","M","?","T","M","M","R","$","M","R","B",null,"M","?","?","M","?","R","$","M","T","M","$","M","M","$","R","B",null,"R","$","E","B"],"character_chosen":"DEFECT","items_purchased":["Self Repair","Ball Lightning","Defragment","PreservedInsect","Defragment","Defragment"],"campfire_rested":0,"item_purchase_floors":[2,2,19,19,30,41],"current_hp_per_floor":[73,73,75,75,75,75,65,65,65,70,72,65,68,52,52,48,82,82,82,82,72,82,82,82,82,82,82,77,77,77,82,82,75,82,73,73,73,70,70,70,70,78,78,78,78,78,68,68,68,57,78,78,78,52,0],"gold":30,"neow_bonus":"UPGRADE_CARD","is_prod":false,"is_daily":false,"chose_seed":false,"campfire_upgraded":7,"win_rate":0,"timestamp":1555436648,"path_taken":["M","$","M","?","?","R","E","?","T","E","?","M","E","?","R","BOSS","M","$","M","M","M","R","M","?","T","M","?","R","$","M","R","BOSS","M","?","?","M","?","R","$","M","T","?","$","M","M","?","R","BOSS","R","$","E","BOSS"],"build_version":"2019-01-23","purchased_purges":5,"victory":false,"max_hp_per_floor":[75,75,75,75,75,75,75,75,75,75,75,75,82,82,82,82,82,82,82,82,82,82,82,82,82,82,82,82,82,82,82,82,82,82,82,82,78,78,78,78,78,78,78,78,78,78,78,78,78,78,78,78,78,78,78],"card_choices":[{"not_picked":["Go for the Eyes","Genetic Algorithm"],"picked":"Tempest","floor":1},{"not_picked":["Hologram","Stack"],"picked":"Sweeping Beam","floor":3},{"not_picked":["Cold Snap","Compile Driver"],"picked":"Glacier","floor":5},{"not_picked":["Hologram","Steam"],"picked":"Echo Form","floor":7},{"not_picked":["Sweeping Beam","Barrage"],"picked":"Conserve Battery","floor":10},{"not_picked":["Aggregate","Hello World"],"picked":"Ball Lightning","floor":11},{"not_picked":["Go for the Eyes","Lockon"],"picked":"Coolheaded","floor":12},{"not_picked":["Genetic Algorithm","Fusion","Leap"],"picked":"SKIP","floor":13},{"not_picked":["Fission","Hyperbeam"],"picked":"Core Surge","floor":16},{"not_picked":["Sunder","Doom and Gloom","Storm"],"picked":"SKIP","floor":18},{"not_picked":["BootSequence","Compile Driver","Sweeping Beam+1"],"picked":"SKIP","floor":20},{"not_picked":["Gash","Loop","Rip and Tear"],"picked":"SKIP","floor":21},{"not_picked":["Self Repair","Stack"],"picked":"Glacier","floor":22},{"not_picked":["FTL","Coolheaded"],"picked":"Cold Snap+1","floor":24},{"not_picked":["Hello World","Redo","Aggregate"],"picked":"SKIP","floor":27},{"not_picked":["Go for the Eyes+1","Gash","Beam Cell"],"picked":"SKIP","floor":27},{"not_picked":["Steam+1","Double Energy","Sunder"],"picked":"SKIP","floor":28},{"not_picked":["Consume","Turbo","Hyperbeam"],"picked":"SKIP","floor":28},{"not_picked":["Cold Snap","Go for the Eyes","Compile Driver"],"picked":"SKIP","floor":31},{"not_picked":["Beam Cell","Cold Snap","Hologram"],"picked":"SKIP","floor":31},{"not_picked":["Machine Learning","Fission"],"picked":"Thunder Strike","floor":33},{"not_picked":["Streamline+1","Barrage","White Noise+1"],"picked":"SKIP","floor":35},{"not_picked":["Hologram","Reinforced Body","Force Field"],"picked":"SKIP","floor":35},{"not_picked":["Deep Breath","Forethought"],"picked":"Finesse","floor":36},{"not_picked":["Blizzard","Beam Cell+1"],"picked":"Storm+1","floor":38},{"not_picked":["Compile Driver+1","Streamline+1","Sweeping Beam+1"],"picked":"SKIP","floor":38},{"not_picked":["Beam Cell+1","Ball Lightning+1"],"picked":"Machine Learning","floor":42},{"not_picked":["Fusion+1","Rebound","Cold Snap"],"picked":"SKIP","floor":42},{"not_picked":["Barrage+1","Ball Lightning","Double Energy"],"picked":"SKIP","floor":44},{"not_picked":["Compile Driver+1","Consume+1","Multi-Cast"],"picked":"SKIP","floor":44},{"not_picked":["Recycle+1","BootSequence+1"],"picked":"Capacitor+1","floor":46},{"not_picked":["Rebound+1","Steam+1","Conserve Battery"],"picked":"SKIP","floor":46},{"not_picked":["Auto Shields+1","Loop+1","Ball Lightning"],"picked":"SKIP","floor":47},{"not_picked":["Melter","Barrage+1","Amplify"],"picked":"SKIP","floor":47},{"not_picked":["Auto Shields+1","Loop+1","Ball Lightning"],"picked":"SKIP","floor":47},{"not_picked":["Melter","Barrage+1","Amplify"],"picked":"SKIP","floor":47},{"not_picked":["Compile Driver+1","Coolheaded","Beam Cell+1"],"picked":"SKIP","floor":54}],"player_experience":601272,"relics_obtained":[{"floor":7,"key":"Happy Flower"},{"floor":10,"key":"War Paint"},{"floor":13,"key":"Strawberry"},{"floor":25,"key":"Prayer Wheel"},{"floor":26,"key":"Smiling Mask"},{"floor":43,"key":"Gambling Chip"},{"floor":54,"key":"FossilizedHelix"}],"event_choices":[{"damage_healed":0,"gold_gain":0,"player_choice":"Got Potions","damage_taken":0,"max_hp_gain":0,"max_hp_loss":0,"event_name":"Lab","floor":4,"gold_loss":0},{"damage_healed":0,"gold_gain":0,"player_choice":"Bought 0 Potions","damage_taken":0,"max_hp_gain":0,"max_hp_loss":0,"event_name":"The Woman in Blue","floor":8,"gold_loss":0},{"damage_healed":0,"gold_gain":0,"player_choice":"Entered Light","damage_taken":16,"max_hp_gain":0,"max_hp_loss":0,"event_name":"Shining Light","floor":14,"gold_loss":0,"cards_upgraded":["Strike_B","Strike_B"]},{"damage_healed":0,"gold_gain":0,"player_choice":"Relic","damage_taken":0,"max_hp_gain":0,"max_hp_loss":0,"event_name":"Wheel of Change","floor":25,"gold_loss":0},{"damage_healed":0,"gold_gain":0,"player_choice":"Memory 1","damage_taken":0,"max_hp_gain":0,"max_hp_loss":0,"event_name":"SensoryStone","floor":36,"gold_loss":0},{"damage_healed":0,"gold_gain":0,"player_choice":"Max HP","damage_taken":0,"max_hp_gain":0,"max_hp_loss":4,"event_name":"Winding Halls","floor":37,"gold_loss":0},{"damage_healed":0,"gold_gain":0,"player_choice":"Ignored","damage_taken":0,"max_hp_gain":0,"max_hp_loss":0,"event_name":"SecretPortal","floor":39,"gold_loss":0}],"is_beta":false,"boss_relics":[{"not_picked":["Tiny House","Fusion Hammer"],"picked":"Sozu"},{"not_picked":["Runic Pyramid","Black Star"],"picked":"FrozenCore"}],"items_purged_floors":[19,30,41,45,48],"is_endless":false,"potions_floor_spawned":[1,7,13,16,22,24,27,38,46,47],"killed_by":"The Heart","ascension_level":0}