{"gold_per_floor":[118,118,75,75,85,112,32,62,85,85,100,100,100,124,124,198,198,187,22,22,22],"floor_reached":21,"playtime":567,"items_purged":[],"score":374,"play_id":"ce038ba7-1387-49f3-b014-87564a484bad","local_time":"20190602152707","is_ascension_mode":true,"campfire_choices":[{"data":"Self Repair","floor":10,"key":"SMITH"},{"data":"Ball Lightning","floor":12,"key":"SMITH"},{"floor":15,"key":"REST"}],"neow_cost":"NONE","seed_source_timestamp":86714243559014,"circlet_count":0,"master_deck":["AscendersBane","Strike_B+1","Strike_B+1","Defend_B+1","Defend_B","Defend_B","Defend_B","Zap+1","Dualcast","Coolheaded","Self Repair+1","Rebound","FTL","Ball Lightning+1","Compile Driver","Creative AI+1","Self Repair+1"],"relics":["Cracked Core","NeowsBlessing","Oddly Smooth Stone","Ginger","Omamori","Frozen Egg 2","Odd Mushroom","Empty Cage","War Paint"],"potions_floor_usage":[8,16,16],"damage_taken":[{"damage":0,"enemies":"Cultist","floor":1,"turns":1},{"damage":0,"enemies":"Small Slimes","floor":5,"turns":1},{"damage":0,"enemies":"Lagavulin","floor":6,"turns":1},{"damage":30,"enemies":"Gremlin Nob","floor":8,"turns":4},{"damage":0,"enemies":"Jaw Worm","floor":11,"turns":5},{"damage":27,"enemies":"The Mushroom Lair","floor":14,"turns":4},{"damage":60,"enemies":"Slime Boss","floor":16,"turns":10},{"damage":42,"enemies":"2 Thieves","floor":18,"turns":4},{"damage":25,"enemies":"Spheric Guardian","floor":21,"turns":3}],"seed_played":"5200467886181320949","potions_obtained":[{"floor":1,"key":"Regen Potion"},{"floor":8,"key":"Swift Potion"},{"floor":14,"key":"Dexterity Potion"},{"floor":18,"key":"FearPotion"}],"is_trial":false,"path_per_floor":["M","?","$","?","M","E","$","E","T","R","M","R","T","?","R","B",null,"M","$","?","M"],"character_chosen":"DEFECT","items_purchased":["Self Repair","FTL","War Paint"],"campfire_rested":1,"item_purchase_floors":[3,7,19],"current_hp_per_floor":[64,43,43,66,66,71,71,52,52,52,62,62,62,45,66,6,55,23,23,23,0],"gold":22,"neow_bonus":"THREE_ENEMY_KILL","is_prod":false,"is_daily":false,"chose_seed":false,"campfire_upgraded":2,"win_rate":0,"timestamp":1559514427,"path_taken":["M","?","$","?","M","E","$","E","T","R","M","R","?","?","R","BOSS","M","$","?","M"],"build_version":"2019-01-23","purchased_purges":0,"victory":false,"max_hp_per_floor":[71,71,71,71,71,71,71,71,71,71,71,71,71,71,71,71,71,71,71,71,71],"card_choices":[{"not_picked":["Beam Cell","Barrage"],"picked":"Coolheaded","floor":1},{"not_picked":["Rebound","Sweeping Beam","Turbo"],"picked":"SKIP","floor":5},{"not_picked":["Stack","Barrage"],"picked":"Rebound","floor":6},{"not_picked":["Hologram","Sweeping Beam","Thunder Strike"],"picked":"SKIP","floor":8},{"not_picked":["Auto Shields","Barrage"],"picked":"Ball Lightning","floor":11},{"not_picked":["Go for the Eyes","Redo"],"picked":"Compile Driver","floor":14},{"not_picked":["Machine Learning+1","Meteor Strike"],"picked":"Creative AI+1","floor":16},{"not_picked":["Cold Snap","Gash","Static Discharge+1"],"picked":"SKIP","floor":18}],"player_experience":940076,"relics_obtained":[{"floor":6,"key":"Oddly Smooth Stone"},{"floor":8,"key":"Ginger"},{"floor":9,"key":"Omamori"},{"floor":13,"key":"Frozen Egg 2"},{"floor":14,"key":"Odd Mushroom"}],"event_choices":[{"damage_healed":0,"gold_gain":0,"player_choice":"Entered Light","damage_taken":21,"max_hp_gain":0,"max_hp_loss":0,"event_name":"Shining Light","floor":2,"gold_loss":0,"cards_upgraded":["Strike_B","Strike_B"]},{"damage_healed":23,"gold_gain":0,"player_choice":"Banana","damage_taken":0,"max_hp_gain":0,"max_hp_loss":0,"event_name":"Big Fish","floor":4,"gold_loss":0},{"damage_healed":0,"gold_gain":0,"player_choice":"Fought Mushrooms","damage_taken":0,"max_hp_gain":0,"max_hp_loss":0,"event_name":"Mushrooms","floor":14,"gold_loss":0},{"damage_healed":0,"gold_gain":0,"player_choice":"Copied","damage_taken":0,"max_hp_gain":0,"max_hp_loss":0,"event_name":"Duplicator","floor":20,"gold_loss":0,"cards_obtained":["Self Repair"]}],"is_beta":false,"boss_relics":[{"not_picked":["Lizard Tail","Eternal Feather"],"picked":"Empty Cage"}],"items_purged_floors":[],"is_endless":false,"potions_floor_spawned":[1,8,14,18],"killed_by":"Spheric Guardian","ascension_level":16}