{"gold_per_floor":[119,130,150,150,150,213,213,227,227,237,94,94,112,128,128,128],"floor_reached":16,"playtime":784,"items_purged":["Strike_G"],"score":151,"play_id":"7ed9ad5f-1498-47b0-b52f-973741958846","local_time":"20190625202748","is_ascension_mode":true,"campfire_choices":[{"data":"Noxious Fumes","floor":7,"key":"SMITH"},{"floor":12,"key":"REST"},{"data":"Burst","floor":15,"key":"SMITH"}],"neow_cost":"NONE","seed_source_timestamp":6120774720217215,"circlet_count":0,"master_deck":["Defend_G","Defend_G","Defend_G","Defend_G","Defend_G","Strike_G","Strike_G","Strike_G","Survivor","Neutralize","Dodge and Roll","Noxious Fumes+1","Backflip","Escape Plan","Burst+1","Escape Plan","Deflect"],"relics":["Ring of the Snake","Tiny Chest","Art of War"],"potions_floor_usage":[16],"damage_taken":[{"damage":0,"enemies":"Jaw Worm","floor":1,"turns":6},{"damage":0,"enemies":"2 Louse","floor":2,"turns":4},{"damage":4,"enemies":"Cultist","floor":3,"turns":6},{"damage":29,"enemies":"Lagavulin","floor":6,"turns":12},{"damage":0,"enemies":"2 Fungi Beasts","floor":8,"turns":6},{"damage":2,"enemies":"Looter","floor":10,"turns":4},{"damage":0,"enemies":"Blue Slaver","floor":13,"turns":5},{"damage":5,"enemies":"Lots of Slimes","floor":14,"turns":4},{"damage":56,"enemies":"Slime Boss","floor":16,"turns":8}],"seed_played":"-4055628891997353662","potions_obtained":[{"floor":1,"key":"SkillPotion"},{"floor":2,"key":"Fire Potion"},{"floor":13,"key":"LiquidBronze"}],"is_trial":false,"path_per_floor":["M","M","M","?","?","E","R","M","T","M","$","R","M","M","R","B"],"character_chosen":"THE_SILENT","items_purchased":["Escape Plan"],"campfire_rested":1,"item_purchase_floors":[11],"current_hp_per_floor":[70,70,66,66,66,37,37,37,37,35,35,58,58,53,53,0],"gold":128,"neow_bonus":"TEN_PERCENT_HP_BONUS","is_prod":false,"is_daily":false,"chose_seed":false,"campfire_upgraded":2,"win_rate":0,"timestamp":1561512468,"path_taken":["M","M","M","?","?","E","R","M","T","M","$","R","M","M","R","BOSS"],"build_version":"2019-01-23","purchased_purges":1,"victory":false,"max_hp_per_floor":[77,77,77,77,77,77,77,77,77,77,77,77,77,77,77,77],"card_choices":[{"not_picked":["Backstab","Bane"],"picked":"Dodge and Roll","floor":1},{"not_picked":["Outmaneuver","Eviscerate","Underhanded Strike"],"picked":"SKIP","floor":2},{"not_picked":["Outmaneuver","Leg Sweep"],"picked":"Noxious Fumes","floor":3},{"not_picked":["Prepared","Cloak And Dagger"],"picked":"Backflip","floor":6},{"not_picked":["Prepared","Deadly Poison"],"picked":"Escape Plan","floor":8},{"not_picked":["Flying Knee","Dagger Spray"],"picked":"Burst","floor":10},{"not_picked":["PiercingWail","Choke"],"picked":"Deflect","floor":13},{"not_picked":["Underhanded Strike","Tactician","Sucker Punch"],"picked":"SKIP","floor":14}],"player_experience":186280,"relics_obtained":[{"floor":6,"key":"Tiny Chest"},{"floor":9,"key":"Art of War"}],"event_choices":[{"damage_healed":0,"gold_gain":0,"player_choice":"Ignored","damage_taken":0,"max_hp_gain":0,"max_hp_loss":0,"event_name":"Liars Game","floor":4,"gold_loss":0},{"cards_removed":["Strike_G"],"damage_healed":0,"gold_gain":0,"player_choice":"Offered Basic","damage_taken":0,"max_hp_gain":0,"max_hp_loss":0,"event_name":"Bonfire Elementals","floor":5,"gold_loss":0}],"is_beta":false,"boss_relics":[],"items_purged_floors":[11],"is_endless":false,"potions_floor_spawned":[1,2,13],"killed_by":"Slime Boss","ascension_level":9}