{"gold_per_floor":[363,378,390,54,66,97,97,113,140,44,61,71,81,81,81,156,156,169,1,13,13,23,23,33,50,50,50,50],"floor_reached":28,"playtime":1243,"items_purged":[],"score":425,"play_id":"3a76b9d6-1f46-4732-ad5f-396ff64183dd","local_time":"20190405222341","is_ascension_mode":true,"campfire_choices":[{"floor":7,"key":"REST"},{"floor":15,"key":"REST"},{"floor":23,"key":"REST"}],"neow_cost":"TEN_PERCENT_HP_LOSS","seed_source_timestamp":15544933663478,"circlet_count":0,"master_deck":["AscendersBane","Defend_G","Defend_G","Defend_G","Defend_G","Defend_G","Strike_G","Strike_G","Strike_G","Strike_G","Strike_G","Survivor","Neutralize","Caltrops","Dagger Throw","Well Laid Plans","Sucker Punch","Poisoned Stab","Backflip","Envenom","Deflect","Corpse Explosion","Bane","Dodge and Roll","Bouncing Flask","Bouncing Flask"],"relics":["Ring of the Snake","The Specimen","Kunai","Lantern","Regal Pillow","Cursed Key","Omamori","MutagenicStrength","Meat on the Bone"],"potions_floor_usage":[5,6,14,16,24,28],"damage_taken":[{"damage":1,"enemies":"Cultist","floor":1,"turns":4},{"damage":0,"enemies":"2 Louse","floor":2,"turns":2},{"damage":4,"enemies":"Small Slimes","floor":3,"turns":4},{"damage":0,"enemies":"Exordium Wildlife","floor":5,"turns":4},{"damage":33,"enemies":"Lagavulin","floor":6,"turns":9},{"damage":4,"enemies":"Large Slime","floor":8,"turns":7},{"damage":0,"enemies":"2 Fungi Beasts","floor":11,"turns":3},{"damage":3,"enemies":"Red Slaver","floor":12,"turns":5},{"damage":10,"enemies":"3 Louse","floor":13,"turns":4},{"damage":27,"enemies":"3 Sentries","floor":14,"turns":5},{"damage":7,"enemies":"Hexaghost","floor":16,"turns":9},{"damage":18,"enemies":"Chosen","floor":18,"turns":5},{"damage":0,"enemies":"3 Byrds","floor":20,"turns":2},{"damage":22,"enemies":"Shelled Parasite and Fungi","floor":22,"turns":7},{"damage":11,"enemies":"Snake Plant","floor":24,"turns":5},{"damage":30,"enemies":"Snecko","floor":25,"turns":5},{"damage":9,"enemies":"Centurion and Healer","floor":28,"turns":2}],"seed_played":"-7212000906552025710","potions_obtained":[{"floor":3,"key":"Explosive Potion"},{"floor":5,"key":"SmokeBomb"},{"floor":6,"key":"Fruit Juice"},{"floor":12,"key":"LiquidBronze"},{"floor":20,"key":"PowerPotion"},{"floor":22,"key":"SteroidPotion"}],"is_trial":false,"path_per_floor":["M","M","M","$","M","E","R","M","T","?","M","M","M","E","R","B",null,"M","$","M","?","M","R","M","M","T","?","M"],"character_chosen":"THE_SILENT","items_purchased":["The Specimen","Omamori"],"campfire_rested":3,"item_purchase_floors":[4,19],"current_hp_per_floor":[58,58,54,54,54,26,45,41,41,41,41,38,28,1,35,28,56,38,38,38,38,16,50,39,9,9,9,0],"gold":50,"neow_bonus":"TWO_FIFTY_GOLD","is_prod":false,"is_daily":false,"chose_seed":false,"campfire_upgraded":0,"win_rate":0,"timestamp":1554517421,"path_taken":["M","M","M","$","?","E","R","M","T","?","?","M","?","E","R","BOSS","M","$","M","?","M","R","M","M","T","?","?"],"build_version":"2019-01-23","purchased_purges":0,"victory":false,"max_hp_per_floor":[60,60,60,60,60,65,65,65,65,65,65,65,65,65,65,65,65,65,65,65,65,65,65,65,65,65,65,65],"card_choices":[{"not_picked":["Outmaneuver","Escape Plan"],"picked":"Caltrops","floor":1},{"not_picked":["Acrobatics","PiercingWail"],"picked":"Dagger Throw","floor":2},{"not_picked":["Dodge and Roll","Blade Dance"],"picked":"Well Laid Plans","floor":3},{"not_picked":["Well Laid Plans","Escape Plan"],"picked":"Sucker Punch","floor":5},{"not_picked":["Flechettes","Sucker Punch"],"picked":"Poisoned Stab","floor":6},{"not_picked":["PiercingWail","Bane"],"picked":"Backflip","floor":8},{"not_picked":["Bouncing Flask","Outmaneuver"],"picked":"Envenom","floor":11},{"not_picked":["Dagger Spray","Outmaneuver"],"picked":"Deflect","floor":12},{"not_picked":["Sucker Punch","Masterful Stab","Expertise"],"picked":"SKIP","floor":13},{"not_picked":["Die Die Die","Bullet Time"],"picked":"Corpse Explosion","floor":16},{"not_picked":["Choke","Underhanded Strike","Quick Slash"],"picked":"SKIP","floor":18},{"not_picked":["PiercingWail","Reflex"],"picked":"Bane","floor":20},{"not_picked":["Flechettes","Acrobatics+1"],"picked":"Dodge and Roll","floor":22},{"not_picked":["Backstab","Backflip"],"picked":"Bouncing Flask","floor":24},{"not_picked":["Skewer","Sucker Punch"],"picked":"Bouncing Flask","floor":25}],"player_experience":523612,"relics_obtained":[{"floor":6,"key":"Kunai"},{"floor":9,"key":"Lantern"},{"floor":26,"key":"Meat on the Bone"}],"event_choices":[{"damage_healed":0,"gold_gain":0,"player_choice":"Paid Gold","damage_taken":0,"relics_obtained":["Regal Pillow"],"max_hp_gain":0,"max_hp_loss":0,"event_name":"WeMeetAgain","floor":10,"gold_loss":96},{"damage_healed":0,"gold_gain":0,"player_choice":"Inject Mutagens","damage_taken":0,"relics_obtained":["MutagenicStrength"],"max_hp_gain":0,"max_hp_loss":0,"event_name":"Drug Dealer","floor":21,"gold_loss":0},{"damage_healed":0,"gold_gain":0,"player_choice":"Smashed Altar","damage_taken":0,"max_hp_gain":0,"max_hp_loss":0,"event_name":"Forgotten Altar","floor":27,"gold_loss":0,"cards_obtained":["Decay"]}],"is_beta":false,"boss_relics":[{"not_picked":["Philosopher\u0027s Stone","Velvet Choker"],"picked":"Cursed Key"}],"items_purged_floors":[],"is_endless":false,"potions_floor_spawned":[3,5,6,12,13,20,22],"killed_by":"Centurion and Healer","ascension_level":16}