{"gold_per_floor":[217,217,232,29,42,73,148,148,196,196,196,196,209,240,240,341,341,361,361,378,378,392,392,408,333,333,345,357,372,397,424,424,527,527,546,546,562,364,378,378,397,397,397,410,429,454,454,88,88,88],"floor_reached":51,"playtime":1811,"items_purged":["Strike_R","Normality","Regret"],"score":679,"play_id":"2c9f9981-56b9-4c45-a4c9-4de0123b2445","local_time":"20190504111400","is_ascension_mode":false,"campfire_choices":[{"data":"Fiend Fire","floor":8,"key":"SMITH"},{"data":"Flame Barrier","floor":10,"key":"SMITH"},{"data":"Bash","floor":12,"key":"SMITH"},{"data":"True Grit","floor":15,"key":"SMITH"},{"data":"Uppercut","floor":23,"key":"SMITH"},{"data":"Flame Barrier","floor":32,"key":"SMITH"},{"data":"Feel No Pain","floor":40,"key":"SMITH"},{"data":"Carnage","floor":49,"key":"SMITH"}],"neow_cost":"NONE","seed_source_timestamp":485910225277275,"circlet_count":0,"master_deck":["Strike_R","Strike_R+1","Defend_R","Defend_R","Defend_R","Defend_R","Bash+1","Iron Wave+1","Cleave","Fiend Fire+1","True Grit+1","Flame Barrier+1","Carnage+1","Offering+1","Carnage+1","Uppercut+1","Feel No Pain+1","Flame Barrier+1","Exhume","Flash of Steel","Body Slam+1","Rampage+1","Entrench+1","Uppercut+1","Decay"],"relics":["Burning Blood","Omamori","Bronze Scales","PreservedInsect","Bag of Preparation","Cursed Key","Pear","Nunchaku","Red Mask","Black Star","Whetstone","Oddly Smooth Stone","Bottled Tornado"],"potions_floor_usage":[33,33,45,45,50],"damage_taken":[{"damage":1,"enemies":"2 Louse","floor":1,"turns":3},{"damage":8,"enemies":"Jaw Worm","floor":3,"turns":4},{"damage":15,"enemies":"Cultist","floor":5,"turns":6},{"damage":23,"enemies":"Gremlin Nob","floor":6,"turns":4},{"damage":1,"enemies":"Exordium Wildlife","floor":13,"turns":2},{"damage":6,"enemies":"3 Sentries","floor":14,"turns":4},{"damage":21,"enemies":"The Guardian","floor":16,"turns":10},{"damage":10,"enemies":"2 Thieves","floor":18,"turns":4},{"damage":7,"enemies":"3 Byrds","floor":20,"turns":3},{"damage":6,"enemies":"Cultist and Chosen","floor":22,"turns":4},{"damage":6,"enemies":"3 Cultists","floor":24,"turns":5},{"damage":0,"enemies":"Chosen and Byrds","floor":27,"turns":3},{"damage":0,"enemies":"Snake Plant","floor":28,"turns":2},{"damage":0,"enemies":"Snecko","floor":29,"turns":3},{"damage":14,"enemies":"Slavers","floor":30,"turns":5},{"damage":6,"enemies":"Masked Bandits","floor":31,"turns":3},{"damage":49,"enemies":"Champ","floor":33,"turns":16},{"damage":6,"enemies":"Orb Walker","floor":35,"turns":1},{"damage":12,"enemies":"3 Shapes","floor":37,"turns":4},{"damage":26,"enemies":"3 Darklings","floor":39,"turns":3},{"damage":26,"enemies":"Writhing Mass","floor":41,"turns":3},{"damage":21,"enemies":"Maw","floor":44,"turns":6},{"damage":52,"enemies":"Transient","floor":45,"turns":5},{"damage":53,"enemies":"Time Eater","floor":50,"turns":15}],"seed_played":"-1155043446410976172","potions_obtained":[{"floor":5,"key":"Block Potion"},{"floor":6,"key":"Regen Potion"},{"floor":16,"key":"Swift Potion"},{"floor":36,"key":"Weak Potion"},{"floor":36,"key":"Regen Potion"},{"floor":45,"key":"SkillPotion"}],"is_trial":false,"path_per_floor":["M","?","M","$","M","E","?","R","T","R","?","R","M","E","R","B",null,"M","?","M","?","M","R","M","$","T","M","M","M","E","?","R","B",null,"M","?","M","$","M","R","M","?","T","M","M","T","?","$","R","B",null],"character_chosen":"IRONCLAD","items_purchased":["Fiend Fire","True Grit","Flash of Steel","Bottled Tornado"],"campfire_rested":0,"item_purchase_floors":[4,4,38,48],"current_hp_per_floor":[80,73,71,71,62,45,34,34,34,34,34,34,39,39,39,24,80,76,76,75,75,75,75,75,75,85,90,90,90,82,82,82,39,90,90,90,84,84,64,64,44,44,44,29,17,17,79,79,79,32],"gold":88,"neow_bonus":"HUNDRED_GOLD","is_prod":false,"is_daily":false,"chose_seed":false,"campfire_upgraded":8,"win_rate":0,"timestamp":1556982840,"path_taken":["M","?","M","$","M","E","?","R","T","R","?","R","M","E","R","BOSS","M","?","M","?","?","R","M","$","T","M","M","M","E","?","R","BOSS","M","?","M","$","?","R","M","?","T","?","M","?","?","$","R","BOSS"],"build_version":"2019-01-23","purchased_purges":3,"victory":true,"max_hp_per_floor":[80,80,80,80,80,80,80,80,80,80,80,80,80,80,80,80,80,80,80,80,80,80,80,80,80,90,90,90,90,90,90,90,90,90,90,90,90,90,90,90,90,90,90,90,90,90,79,79,79,79],"card_choices":[{"not_picked":["Sword Boomerang","Flex"],"picked":"Iron Wave","floor":1},{"not_picked":["Blood for Blood","Inflame"],"picked":"Cleave","floor":3},{"not_picked":["Anger","Sever Soul"],"picked":"Flame Barrier","floor":5},{"not_picked":["Sentinel","Evolve","Seeing Red"],"picked":"SKIP","floor":6},{"not_picked":["Cleave","Wild Strike"],"picked":"Carnage","floor":13},{"not_picked":["Sword Boomerang","Wild Strike","Metallicize"],"picked":"SKIP","floor":14},{"not_picked":["Juggernaut","Berserk"],"picked":"Offering","floor":16},{"not_picked":["Heavy Blade","Dropkick+1"],"picked":"Carnage+1","floor":18},{"not_picked":["Twin Strike","Pommel Strike","Warcry"],"picked":"SKIP","floor":20},{"not_picked":["Havoc","Clash"],"picked":"Uppercut","floor":22},{"not_picked":["Twin Strike","Fire Breathing","Clash+1"],"picked":"SKIP","floor":24},{"not_picked":["Cleave","Pommel Strike","Headbutt"],"picked":"SKIP","floor":27},{"not_picked":["Fire Breathing","Perfected Strike"],"picked":"Feel No Pain","floor":28},{"not_picked":["Iron Wave","Sentinel","Pummel"],"picked":"SKIP","floor":29},{"not_picked":["Bloodletting","Immolate","Seeing Red"],"picked":"SKIP","floor":30},{"not_picked":["Sentinel","Thunderclap+1"],"picked":"Flame Barrier","floor":31},{"not_picked":["Impervious","Offering"],"picked":"Exhume","floor":33},{"not_picked":["Twin Strike","Headbutt","Corruption+1"],"picked":"SKIP","floor":35},{"not_picked":["Intimidate+1","Burning Pact","Evolve+1"],"picked":"SKIP","floor":37},{"not_picked":["True Grit","Body Slam+1","Warcry"],"picked":"SKIP","floor":39},{"not_picked":["True Grit","Warcry"],"picked":"Body Slam+1","floor":39},{"not_picked":["Wild Strike","Heavy Blade+1"],"picked":"Rampage+1","floor":41},{"not_picked":["Rage+1","Clothesline+1"],"picked":"Entrench+1","floor":44},{"not_picked":["Anger+1","Blood for Blood+1"],"picked":"Uppercut+1","floor":45}],"player_experience":655241,"relics_obtained":[{"floor":6,"key":"Omamori"},{"floor":9,"key":"Bronze Scales"},{"floor":14,"key":"Bag of Preparation"},{"floor":26,"key":"Pear"},{"floor":30,"key":"Nunchaku"},{"floor":31,"key":"Red Mask"},{"floor":43,"key":"Whetstone"},{"floor":46,"key":"Oddly Smooth Stone"}],"event_choices":[{"cards_removed":["Strike_R"],"damage_healed":0,"gold_gain":0,"player_choice":"Card Removal","damage_taken":7,"max_hp_gain":0,"max_hp_loss":0,"event_name":"Golden Wing","floor":2,"gold_loss":0},{"damage_healed":0,"gold_gain":75,"player_choice":"Gather Gold","damage_taken":11,"max_hp_gain":0,"max_hp_loss":0,"event_name":"World of Goop","floor":7,"gold_loss":0},{"damage_healed":0,"gold_gain":0,"player_choice":"Box","damage_taken":0,"relics_obtained":["PreservedInsect"],"max_hp_gain":0,"max_hp_loss":0,"event_name":"Big Fish","floor":11,"gold_loss":0,"cards_obtained":["Regret"]},{"damage_healed":0,"gold_gain":0,"player_choice":"Smashed Altar","damage_taken":0,"max_hp_gain":0,"max_hp_loss":0,"event_name":"Forgotten Altar","floor":19,"gold_loss":0,"cards_obtained":["Decay"]},{"damage_healed":0,"gold_gain":0,"player_choice":"Upgraded","damage_taken":0,"max_hp_gain":0,"max_hp_loss":0,"event_name":"Upgrade Shrine","floor":21,"gold_loss":0,"cards_upgraded":["Offering"]},{"damage_healed":0,"gold_gain":0,"player_choice":"Fought Bandits","damage_taken":0,"max_hp_gain":0,"max_hp_loss":0,"event_name":"Masked Bandits","floor":31,"gold_loss":0},{"damage_healed":0,"gold_gain":0,"player_choice":"Got Potions","damage_taken":0,"max_hp_gain":0,"max_hp_loss":0,"event_name":"Lab","floor":36,"gold_loss":0},{"cards_removed":["Strike_R"],"damage_healed":0,"gold_gain":0,"player_choice":"Purged","damage_taken":0,"max_hp_gain":0,"max_hp_loss":0,"event_name":"Purifier","floor":42,"gold_loss":0},{"damage_healed":79,"gold_gain":0,"player_choice":"Heal","damage_taken":0,"max_hp_gain":0,"max_hp_loss":11,"event_name":"The Moai Head","floor":47,"gold_loss":0}],"is_beta":false,"boss_relics":[{"not_picked":["Orrery","Runic Cube"],"picked":"Cursed Key"},{"not_picked":["Eternal Feather","Coffee Dripper"],"picked":"Black Star"}],"items_purged_floors":[25,38,48],"is_endless":false,"potions_floor_spawned":[5,6,16,18,20,24,30,39,45],"ascension_level":0}