{"gold_per_floor":[118,118,43,54,54,84,97,47,73,83,83,93,111,111,111,212,212,223,223,123,223,237,271,293,323,335,361,248,248,263,280,280,385,385,405,255,268,268,268,268,278,294,294,314,324,424,101,111,111,111],"floor_reached":51,"playtime":2206,"items_purged":["Strike_R","Strike_R","Strike_R","Defend_R","Defend_R"],"score":750,"play_id":"c08c3ec7-6339-436d-8b90-e1d263d54fef","local_time":"20190410204319","is_ascension_mode":false,"campfire_choices":[{"data":"Armaments","floor":15,"key":"SMITH"},{"floor":32,"key":"REST"},{"data":"Rampage","floor":40,"key":"SMITH"},{"data":"Flame Barrier","floor":49,"key":"SMITH"}],"neow_cost":"NONE","seed_source_timestamp":68310942915933,"circlet_count":0,"master_deck":["Bash+1","Flame Barrier","Armaments+1","Rampage+1","Flame Barrier+1"],"relics":["Burning Blood","Bag of Preparation","Red Skull","Busted Crown","Bird Faced Urn","Kunai","MawBank","Self Forming Clay","Velvet Choker","Molten Egg 2","Gremlin Horn","Peace Pipe","Oddly Smooth Stone"],"potions_floor_usage":[16,21,23,50],"damage_taken":[{"damage":5,"enemies":"Small Slimes","floor":1,"turns":3},{"damage":1,"enemies":"Cultist","floor":4,"turns":4},{"damage":54,"enemies":"Lagavulin","floor":6,"turns":9},{"damage":2,"enemies":"Jaw Worm","floor":7,"turns":4},{"damage":0,"enemies":"3 Louse","floor":10,"turns":4},{"damage":5,"enemies":"2 Fungi Beasts","floor":12,"turns":3},{"damage":6,"enemies":"Red Slaver","floor":13,"turns":6},{"damage":34,"enemies":"Hexaghost","floor":16,"turns":11},{"damage":0,"enemies":"Shell Parasite","floor":18,"turns":4},{"damage":12,"enemies":"Colosseum Slavers","floor":21,"turns":5},{"damage":44,"enemies":"Colosseum Nobs","floor":21,"turns":7},{"damage":10,"enemies":"2 Thieves","floor":22,"turns":4},{"damage":15,"enemies":"Slavers","floor":23,"turns":6},{"damage":2,"enemies":"Snecko","floor":24,"turns":4},{"damage":0,"enemies":"Centurion and Healer","floor":25,"turns":6},{"damage":9,"enemies":"Sentry and Sphere","floor":27,"turns":6},{"damage":0,"enemies":"Snake Plant","floor":30,"turns":3},{"damage":9,"enemies":"3 Cultists","floor":31,"turns":5},{"damage":32,"enemies":"Automaton","floor":33,"turns":12},{"damage":3,"enemies":"3 Shapes","floor":35,"turns":6},{"damage":13,"enemies":"3 Darklings","floor":37,"turns":6},{"damage":16,"enemies":"Writhing Mass","floor":41,"turns":5},{"damage":1,"enemies":"Maw","floor":42,"turns":8},{"damage":9,"enemies":"Sphere and 2 Shapes","floor":44,"turns":7},{"damage":1,"enemies":"4 Shapes","floor":45,"turns":6},{"damage":0,"enemies":"Mind Bloom Boss Battle","floor":46,"turns":6},{"damage":0,"enemies":"Transient","floor":48,"turns":5},{"damage":62,"enemies":"Donu and Deca","floor":50,"turns":11}],"seed_played":"-8498771243078325104","potions_obtained":[{"floor":7,"key":"BloodPotion"},{"floor":12,"key":"BloodPotion"},{"floor":13,"key":"Weak Potion"},{"floor":14,"key":"Block Potion"},{"floor":14,"key":"FairyPotion"},{"floor":21,"key":"SteroidPotion"},{"floor":27,"key":"SteroidPotion"},{"floor":33,"key":"GamblersBrew"},{"floor":44,"key":"Block Potion"}],"is_trial":false,"path_per_floor":["M","?","$","M","$","E","M","?","T","M","?","M","M","?","R","B",null,"M","?","$","?","M","E","M","M","T","M","$","?","M","M","R","B",null,"M","$","M","?","T","R","M","M","T","M","M","?","$","M","R","B",null],"character_chosen":"IRONCLAD","items_purchased":["Oddly Smooth Stone"],"campfire_rested":1,"item_purchase_floors":[47],"current_hp_per_floor":[80,80,80,80,80,32,36,36,36,42,42,43,43,43,43,15,80,80,80,80,36,32,23,27,33,33,30,30,30,36,33,57,31,80,80,80,73,73,73,73,63,68,68,65,70,76,76,80,80,24],"gold":111,"neow_bonus":"UPGRADE_CARD","is_prod":false,"is_daily":false,"chose_seed":false,"campfire_upgraded":3,"win_rate":0,"timestamp":1554943399,"path_taken":["M","?","?","M","$","E","M","?","T","M","?","M","M","?","R","BOSS","M","?","$","?","M","E","M","M","T","M","$","?","?","M","R","BOSS","M","$","M","?","?","R","M","M","T","M","M","?","$","M","R","BOSS"],"build_version":"2019-01-23","purchased_purges":5,"victory":true,"max_hp_per_floor":[80,80,80,80,80,80,80,80,80,80,80,80,80,80,80,80,80,80,80,80,80,80,80,80,80,80,80,80,80,80,80,80,80,80,80,80,80,80,80,80,80,80,80,80,80,80,80,80,80,80],"card_choices":[{"not_picked":["Warcry","True Grit"],"picked":"Flame Barrier","floor":1},{"not_picked":["Heavy Blade","Flex"],"picked":"Armaments","floor":4},{"not_picked":["Heavy Blade","Shrug It Off","Uppercut"],"picked":"SKIP","floor":6},{"not_picked":["Corruption","Burning Pact","Wild Strike"],"picked":"SKIP","floor":7},{"not_picked":["Sentinel","True Grit"],"picked":"Rampage","floor":10},{"not_picked":["Pommel Strike","Second Wind","Body Slam"],"picked":"SKIP","floor":12},{"not_picked":["Immolate","Warcry","Perfected Strike"],"picked":"SKIP","floor":13},{"not_picked":["Hemokinesis"],"picked":"SKIP","floor":18},{"not_picked":["Sever Soul+1"],"picked":"SKIP","floor":22},{"not_picked":["Shrug It Off"],"picked":"SKIP","floor":23},{"not_picked":["Armaments"],"picked":"SKIP","floor":24},{"not_picked":["Sword Boomerang"],"picked":"SKIP","floor":25},{"not_picked":["Sentinel+1"],"picked":"SKIP","floor":27},{"not_picked":["Thunderclap"],"picked":"SKIP","floor":30},{"not_picked":["Fire Breathing"],"picked":"SKIP","floor":31},{"not_picked":["Flex+1"],"picked":"SKIP","floor":35},{"not_picked":["Havoc+1"],"picked":"SKIP","floor":37},{"not_picked":["Flame Barrier"],"picked":"SKIP","floor":41},{"not_picked":[],"picked":"Flame Barrier","floor":41},{"not_picked":["Thunderclap+1"],"picked":"SKIP","floor":42},{"not_picked":["Clash+1"],"picked":"SKIP","floor":44},{"not_picked":["Twin Strike+1"],"picked":"SKIP","floor":45},{"not_picked":["Pommel Strike+1"],"picked":"SKIP","floor":48}],"player_experience":556989,"relics_obtained":[{"floor":6,"key":"Bag of Preparation"},{"floor":9,"key":"Red Skull"},{"floor":21,"key":"Bird Faced Urn"},{"floor":21,"key":"Kunai"},{"floor":23,"key":"MawBank"},{"floor":26,"key":"Self Forming Clay"},{"floor":39,"key":"Molten Egg 2"},{"floor":43,"key":"Gremlin Horn"},{"floor":46,"key":"Peace Pipe"}],"event_choices":[{"cards_removed":["Strike_R"],"damage_healed":0,"gold_gain":0,"player_choice":"Purged","damage_taken":0,"max_hp_gain":0,"max_hp_loss":0,"event_name":"Purifier","floor":2,"gold_loss":0},{"cards_removed":["Defend_R"],"damage_healed":0,"gold_gain":0,"player_choice":"Card Removal","damage_taken":0,"max_hp_gain":0,"max_hp_loss":0,"event_name":"The Cleric","floor":8,"gold_loss":50},{"cards_removed":["Strike_R"],"damage_healed":0,"gold_gain":0,"player_choice":"Forget","damage_taken":0,"max_hp_gain":0,"max_hp_loss":0,"event_name":"Living Wall","floor":11,"gold_loss":0},{"damage_healed":0,"gold_gain":0,"player_choice":"Got Potions","damage_taken":0,"max_hp_gain":0,"max_hp_loss":0,"event_name":"Lab","floor":14,"gold_loss":0},{"damage_healed":0,"gold_gain":0,"player_choice":"Ignored","damage_taken":0,"max_hp_gain":0,"max_hp_loss":0,"event_name":"The Mausoleum","floor":19,"gold_loss":0},{"damage_healed":0,"gold_gain":0,"player_choice":"Fight","damage_taken":0,"max_hp_gain":0,"max_hp_loss":0,"event_name":"Colosseum","floor":21,"gold_loss":0},{"damage_healed":0,"gold_gain":0,"player_choice":"Fought Nobs","damage_taken":0,"max_hp_gain":0,"max_hp_loss":0,"event_name":"Colosseum","floor":21,"gold_loss":0},{"damage_healed":0,"gold_gain":0,"player_choice":"Ignored","damage_taken":0,"max_hp_gain":0,"max_hp_loss":0,"event_name":"NoteForYourself","floor":29,"gold_loss":0},{"cards_removed":["Defend_R"],"damage_healed":0,"gold_gain":0,"player_choice":"Removed Skill","damage_taken":0,"max_hp_gain":0,"max_hp_loss":0,"event_name":"Falling","floor":38,"gold_loss":0},{"damage_healed":0,"gold_gain":0,"player_choice":"Fight","damage_taken":0,"max_hp_gain":0,"max_hp_loss":0,"event_name":"MindBloom","floor":46,"gold_loss":0}],"is_beta":false,"boss_relics":[{"not_picked":["Coffee Dripper","Pandora\u0027s Box"],"picked":"Busted Crown"},{"not_picked":["Runic Dome","Cursed Key"],"picked":"Velvet Choker"}],"items_purged_floors":[3,20,28,36,47],"is_endless":false,"potions_floor_spawned":[7,12,13,21,21,27,33,41,44,46],"ascension_level":0}