{"gold_per_floor":[117,132,132,147,147,182,182,197,197,209,209,226,8,43,43,142,142,157,176,31,45,74,74,74,74,101,101,118,118,43,43,43,141,141,159,176,226,226,226,226,257,257,257,257,274,304,12,32,32,32],"floor_reached":50,"playtime":1360,"items_purged":["Strike_R","Strike_R"],"score":508,"play_id":"41ac355c-2365-43ee-a958-6ab048813fd6","local_time":"20190512001420","is_ascension_mode":false,"campfire_choices":[{"data":"Hemokinesis","floor":7,"key":"SMITH"},{"data":"Whirlwind","floor":11,"key":"SMITH"},{"data":"Bludgeon","floor":15,"key":"SMITH"},{"data":"Bloodletting","floor":23,"key":"SMITH"},{"data":"Combust","floor":25,"key":"SMITH"},{"data":"Heavy Blade","floor":27,"key":"SMITH"},{"data":"Bludgeon","floor":29,"key":"SMITH"},{"floor":32,"key":"REST"},{"floor":40,"key":"DIG"},{"floor":42,"key":"DIG"},{"floor":49,"key":"REST"}],"neow_cost":"NONE","seed_source_timestamp":447749685502171,"circlet_count":0,"master_deck":["Defend_R","Defend_R+1","Defend_R+1","Defend_R+1","Bash+1","Hemokinesis+1","Whirlwind+1","Rupture","Bludgeon+1","Shrug It Off","Bludgeon+1","Feed","Combust+1","Bloodletting+1","Spot Weakness+1","Uppercut+1","Heavy Blade+1","Necronomicurse","Berserk","Pummel","Impervious","Panacea"],"relics":["Black Blood","Bronze Scales","Art of War","Bag of Marbles","Kunai","Orrery","War Paint","Red Mask","Necronomicon","Juzu Bracelet","Shovel","Bottled Flame","Vajra","Nunchaku","Boot","Dodecahedron"],"potions_floor_usage":[33,41,46,47,50,50],"damage_taken":[{"damage":8,"enemies":"Jaw Worm","floor":1,"turns":3},{"damage":6,"enemies":"Small Slimes","floor":2,"turns":3},{"damage":0,"enemies":"2 Louse","floor":4,"turns":3},{"damage":20,"enemies":"Gremlin Nob","floor":6,"turns":3},{"damage":4,"enemies":"Blue Slaver","floor":8,"turns":3},{"damage":7,"enemies":"3 Louse","floor":10,"turns":2},{"damage":2,"enemies":"Exordium Thugs","floor":12,"turns":2},{"damage":30,"enemies":"Lagavulin","floor":14,"turns":6},{"damage":23,"enemies":"Hexaghost","floor":16,"turns":8},{"damage":1,"enemies":"3 Byrds","floor":18,"turns":3},{"damage":12,"enemies":"Chosen","floor":19,"turns":4},{"damage":28,"enemies":"3 Cultists","floor":21,"turns":4},{"damage":0,"enemies":"Masked Bandits","floor":22,"turns":2},{"damage":0,"enemies":"Snake Plant","floor":28,"turns":1},{"damage":18,"enemies":"Champ","floor":33,"turns":6},{"damage":7,"enemies":"Orb Walker","floor":35,"turns":2},{"damage":8,"enemies":"3 Shapes","floor":36,"turns":4},{"damage":14,"enemies":"2 Orb Walkers","floor":37,"turns":3},{"damage":13,"enemies":"Nemesis","floor":41,"turns":3},{"damage":18,"enemies":"Maw","floor":45,"turns":4},{"damage":71,"enemies":"Reptomancer","floor":46,"turns":3},{"damage":0,"enemies":"Spire Growth","floor":48,"turns":2},{"damage":109,"enemies":"Awakened One","floor":50,"turns":7}],"seed_played":"5611647962712587935","potions_obtained":[{"floor":2,"key":"Swift Potion"},{"floor":6,"key":"SteroidPotion"},{"floor":8,"key":"SmokeBomb"},{"floor":16,"key":"Regen Potion"},{"floor":22,"key":"PowerPotion"},{"floor":33,"key":"Dexterity Potion"},{"floor":46,"key":"BloodPotion"}],"is_trial":false,"path_per_floor":["M","M","?","M","?","E","R","M","T","M","R","M","$","E","R","B",null,"M","M","$","M","?","R","?","R","T","R","M","R","$","?","R","B",null,"M","M","?","?","?","R","E","R","T","?","M","E","$","M","R","B"],"character_chosen":"IRONCLAD","items_purchased":["Rupture","Bludgeon","War Paint","Panacea","Fruit Juice"],"campfire_rested":2,"item_purchase_floors":[13,13,20,47,47],"current_hp_per_floor":[78,78,62,68,61,47,47,49,49,48,48,52,52,28,28,11,80,83,77,77,55,61,61,45,45,45,45,51,51,51,51,75,63,83,83,86,85,85,85,85,82,82,82,82,74,13,18,28,55,0],"gold":32,"neow_bonus":"RANDOM_COMMON_RELIC","is_prod":false,"is_daily":false,"chose_seed":false,"campfire_upgraded":7,"win_rate":0,"timestamp":1557634460,"path_taken":["M","M","?","M","?","E","R","M","T","M","R","M","$","E","R","BOSS","M","M","$","M","?","R","?","R","T","R","M","R","?","?","R","BOSS","M","M","?","?","?","R","E","R","T","?","M","E","$","M","R","BOSS"],"build_version":"2019-01-23","purchased_purges":2,"victory":false,"max_hp_per_floor":[80,80,80,80,80,80,80,80,80,80,80,80,80,80,80,80,80,83,83,83,83,83,83,83,83,83,83,83,83,83,83,83,83,83,83,86,89,89,85,85,85,85,85,85,85,85,90,90,90,90],"card_choices":[{"not_picked":["Wild Strike","Burning Pact","Iron Wave"],"picked":"SKIP","floor":1},{"not_picked":["Sword Boomerang","Corruption"],"picked":"Hemokinesis","floor":2},{"not_picked":["Wild Strike","Perfected Strike","Thunderclap"],"picked":"SKIP","floor":4},{"not_picked":["Fire Breathing","Headbutt"],"picked":"Whirlwind","floor":6},{"not_picked":["Wild Strike","Iron Wave","Rampage"],"picked":"SKIP","floor":8},{"not_picked":["Havoc","Rampage","Body Slam"],"picked":"SKIP","floor":10},{"not_picked":["Havoc","Headbutt","Perfected Strike"],"picked":"SKIP","floor":12},{"not_picked":["Pommel Strike","Metallicize"],"picked":"Shrug It Off","floor":14},{"not_picked":["Double Tap","Brutality"],"picked":"Bludgeon","floor":16},{"not_picked":["Carnage","Thunderclap"],"picked":"Feed","floor":17},{"not_picked":["Uppercut","Infernal Blade"],"picked":"Combust","floor":17},{"not_picked":["Feel No Pain","Headbutt"],"picked":"Bloodletting","floor":17},{"not_picked":["Cleave","Infernal Blade+1"],"picked":"Spot Weakness+1","floor":18},{"not_picked":["Headbutt","Clash","Rage"],"picked":"SKIP","floor":19},{"not_picked":["Pommel Strike","Disarm"],"picked":"Uppercut+1","floor":21},{"not_picked":["Iron Wave+1","Sentinel"],"picked":"Heavy Blade","floor":22},{"not_picked":["Warcry+1","Shockwave+1","Reckless Charge"],"picked":"SKIP","floor":28},{"not_picked":["Brutality","Dark Embrace"],"picked":"Berserk","floor":33},{"not_picked":["Disarm","Sentinel","Cleave+1"],"picked":"SKIP","floor":35},{"not_picked":["Wild Strike+1","Pommel Strike","Ghostly Armor+1"],"picked":"SKIP","floor":36},{"not_picked":["Whirlwind+1","Sword Boomerang"],"picked":"Impervious","floor":41},{"not_picked":["Armaments","Sever Soul","Thunderclap"],"picked":"SKIP","floor":45},{"not_picked":["Uppercut","Armaments","Brutality"],"picked":"SKIP","floor":46},{"not_picked":["Rage","Fire Breathing","True Grit+1"],"picked":"SKIP","floor":48}],"player_experience":681714,"relics_obtained":[{"floor":6,"key":"Art of War"},{"floor":9,"key":"Bag of Marbles"},{"floor":14,"key":"Kunai"},{"floor":22,"key":"Red Mask"},{"floor":24,"key":"Necronomicon"},{"floor":26,"key":"Juzu Bracelet"},{"floor":37,"key":"Shovel"},{"floor":40,"key":"Bottled Flame"},{"floor":41,"key":"Vajra"},{"floor":42,"key":"Nunchaku"},{"floor":43,"key":"Boot"},{"floor":46,"key":"Dodecahedron"}],"event_choices":[{"damage_healed":0,"gold_gain":0,"player_choice":"Entered Light","damage_taken":16,"max_hp_gain":0,"max_hp_loss":0,"event_name":"Shining Light","floor":3,"gold_loss":0,"cards_upgraded":["Bash","Defend_R"]},{"cards_removed":["Strike_R"],"damage_healed":0,"gold_gain":0,"player_choice":"Card Removal","damage_taken":7,"max_hp_gain":0,"max_hp_loss":0,"event_name":"Golden Wing","floor":5,"gold_loss":0},{"damage_healed":0,"gold_gain":0,"player_choice":"Fought Bandits","damage_taken":0,"max_hp_gain":0,"max_hp_loss":0,"event_name":"Masked Bandits","floor":22,"gold_loss":0},{"damage_healed":0,"gold_gain":0,"player_choice":"Obtained Book","damage_taken":16,"max_hp_gain":0,"max_hp_loss":0,"event_name":"Cursed Tome","floor":24,"gold_loss":0},{"damage_healed":0,"gold_gain":0,"player_choice":"Ignored","damage_taken":0,"max_hp_gain":0,"max_hp_loss":0,"event_name":"Beggar","floor":31,"gold_loss":0},{"damage_healed":0,"gold_gain":0,"player_choice":"Fight","damage_taken":0,"max_hp_gain":0,"max_hp_loss":0,"event_name":"Mysterious Sphere","floor":37,"gold_loss":0},{"damage_healed":0,"gold_gain":0,"cards_transformed":["Strike_R"],"player_choice":"Transformed","damage_taken":0,"max_hp_gain":0,"max_hp_loss":0,"event_name":"Transmorgrifier","floor":38,"gold_loss":0,"cards_obtained":["Pummel"]},{"damage_healed":0,"gold_gain":0,"player_choice":"Max HP","damage_taken":0,"max_hp_gain":0,"max_hp_loss":4,"event_name":"Winding Halls","floor":39,"gold_loss":0},{"cards_removed":["Strike_R"],"damage_healed":0,"gold_gain":0,"player_choice":"Removed Attack","damage_taken":0,"max_hp_gain":0,"max_hp_loss":0,"event_name":"Falling","floor":44,"gold_loss":0}],"is_beta":false,"boss_relics":[{"not_picked":["Pandora\u0027s Box","Lizard Tail"],"picked":"Orrery"},{"not_picked":["Runic Pyramid","Coffee Dripper"],"picked":"Black Blood"}],"items_purged_floors":[30,47],"is_endless":false,"potions_floor_spawned":[2,6,8,16,18,19,22,33,37,46],"killed_by":"Awakened One","ascension_level":0}