{"gold_per_floor":[116,23,23,33,33,33,65,77,89,126,151,163,201,226,238,329,341,367,379,94,104,123,123,135,72,95,112,112,112,112],"floor_reached":30,"playtime":847,"items_purged":[],"score":450,"play_id":"77a05d5f-beb9-445a-8a0f-56939f4b7d92","local_time":"20190321221208","is_ascension_mode":true,"campfire_choices":[{"data":"Defragment","floor":6,"key":"SMITH"},{"data":"Zap","floor":8,"key":"SMITH"},{"data":"Darkness","floor":15,"key":"SMITH"},{"floor":23,"key":"REST"},{"floor":29,"key":"REST"}],"neow_cost":"NONE","seed_source_timestamp":102484068318377,"circlet_count":0,"master_deck":["AscendersBane","Strike_B","Strike_B","Strike_B","Defend_B","Defend_B","Defend_B","Defend_B","Zap+1","Dualcast","Cold Snap","Defragment+1","Conserve Battery","Gash","Capacitor+1","Conserve Battery","Leap","Electrodynamics","Darkness+1","Echo Form","Cold Snap","Cold Snap","Gash","Leap","Amplify","Consume+1"],"relics":["Cracked Core","NeowsBlessing","MawBank","Pantograph","Strawberry","Ornamental Fan","Philosopher\u0027s Stone","Kunai","Bag of Marbles","Lantern"],"potions_floor_usage":[13,16,18,21,27,30],"damage_taken":[{"damage":0,"enemies":"Cultist","floor":1,"turns":1},{"damage":0,"enemies":"2 Louse","floor":4,"turns":1},{"damage":0,"enemies":"3 Sentries","floor":7,"turns":1},{"damage":31,"enemies":"Lagavulin","floor":10,"turns":7},{"damage":0,"enemies":"Jaw Worm","floor":11,"turns":3},{"damage":27,"enemies":"3 Sentries","floor":13,"turns":9},{"damage":0,"enemies":"Gremlin Gang","floor":14,"turns":2},{"damage":14,"enemies":"Hexaghost","floor":16,"turns":7},{"damage":18,"enemies":"Shell Parasite","floor":18,"turns":6},{"damage":18,"enemies":"3 Byrds","floor":21,"turns":3},{"damage":12,"enemies":"Cultist and Chosen","floor":22,"turns":4},{"damage":26,"enemies":"Shelled Parasite and Fungi","floor":24,"turns":4},{"damage":19,"enemies":"Sentry and Sphere","floor":27,"turns":6},{"damage":31,"enemies":"Chosen and Byrds","floor":30,"turns":6}],"seed_played":"13725918137144558","potions_obtained":[{"floor":1,"key":"Regen Potion"},{"floor":4,"key":"Block Potion"},{"floor":14,"key":"Poison Potion"},{"floor":16,"key":"SneckoOil"},{"floor":19,"key":"LiquidBronze"},{"floor":19,"key":"AttackPotion"},{"floor":21,"key":"Poison Potion"}],"is_trial":false,"path_per_floor":["M","$","?","M","$","R","E","R","T","E","M","?","E","M","R","B",null,"M","?","$","M","M","R","M","?","T","M","?","R","M"],"character_chosen":"DEFECT","items_purchased":["Defragment","Conserve Battery","Kunai","Cold Snap"],"campfire_rested":2,"item_purchase_floors":[2,2,20,20],"current_hp_per_floor":[68,68,68,68,68,68,68,68,68,44,44,44,32,32,32,43,72,54,54,54,36,24,48,22,22,22,3,3,27,0],"gold":112,"neow_bonus":"THREE_ENEMY_KILL","is_prod":false,"is_daily":false,"chose_seed":false,"campfire_upgraded":3,"win_rate":0,"timestamp":1553220728,"path_taken":["M","$","?","M","?","R","E","R","T","E","M","?","E","?","R","BOSS","M","?","$","?","M","R","M","?","T","?","?","R","?"],"build_version":"2019-01-23","purchased_purges":0,"victory":false,"max_hp_per_floor":[75,75,75,75,75,75,75,75,75,82,82,82,82,82,82,82,82,82,82,82,82,82,82,82,82,82,82,82,82,82],"card_choices":[{"not_picked":["Stack","Streamline"],"picked":"Cold Snap","floor":1},{"not_picked":["Static Discharge","Cold Snap"],"picked":"Gash","floor":4},{"not_picked":["Auto Shields","Ball Lightning"],"picked":"Capacitor","floor":7},{"not_picked":["Scrape","Genetic Algorithm"],"picked":"Conserve Battery","floor":10},{"not_picked":["Redo","Streamline"],"picked":"Leap","floor":11},{"not_picked":["Redo","Storm"],"picked":"Electrodynamics","floor":13},{"not_picked":["Conserve Battery","Recycle"],"picked":"Darkness","floor":14},{"not_picked":["Hyperbeam","Seek"],"picked":"Echo Form","floor":16},{"not_picked":["Beam Cell","Reprogram"],"picked":"Cold Snap","floor":18},{"not_picked":["Leap","Barrage+1"],"picked":"Gash","floor":21},{"not_picked":["Rebound+1","Cold Snap"],"picked":"Leap","floor":22},{"not_picked":["Hologram","Conserve Battery"],"picked":"Amplify","floor":24},{"not_picked":["Ball Lightning","Coolheaded"],"picked":"Consume","floor":27}],"player_experience":438730,"relics_obtained":[{"floor":7,"key":"MawBank"},{"floor":9,"key":"Pantograph"},{"floor":10,"key":"Strawberry"},{"floor":13,"key":"Ornamental Fan"},{"floor":26,"key":"Lantern"}],"event_choices":[{"cards_removed":["Strike_B"],"damage_healed":0,"gold_gain":0,"player_choice":"Offered Basic","damage_taken":0,"max_hp_gain":0,"max_hp_loss":0,"event_name":"Bonfire Elementals","floor":3,"gold_loss":0},{"damage_healed":0,"gold_gain":0,"player_choice":"Forge","damage_taken":0,"max_hp_gain":0,"max_hp_loss":0,"event_name":"Accursed Blacksmith","floor":12,"gold_loss":0,"cards_upgraded":["Capacitor"]},{"damage_healed":0,"gold_gain":0,"player_choice":"Got Potions","damage_taken":0,"max_hp_gain":0,"max_hp_loss":0,"event_name":"Lab","floor":19,"gold_loss":0},{"damage_healed":0,"gold_gain":0,"player_choice":"Paid Gold","damage_taken":0,"relics_obtained":["Bag of Marbles"],"max_hp_gain":0,"max_hp_loss":0,"event_name":"WeMeetAgain","floor":25,"gold_loss":63},{"damage_healed":0,"gold_gain":0,"player_choice":"Upgraded","damage_taken":0,"max_hp_gain":0,"max_hp_loss":0,"event_name":"Upgrade Shrine","floor":28,"gold_loss":0,"cards_upgraded":["Consume"]}],"is_beta":false,"boss_relics":[{"not_picked":["Tiny House","Inserter"],"picked":"Philosopher\u0027s Stone"}],"items_purged_floors":[],"is_endless":false,"potions_floor_spawned":[1,4,14,16,21,24],"killed_by":"Chosen and Byrds","ascension_level":13}