{"gold_per_floor":[117,128,128,144,169,212,212,212,212,232,202,236,236,255,255,384,384,403,428,453,477,500,500,500],"floor_reached":24,"playtime":2552,"items_purged":[],"score":237,"play_id":"07fdab0a-205c-48a1-bfc3-4ae510b28eb4","local_time":"20190526154801","is_ascension_mode":false,"campfire_choices":[{"floor":7,"key":"REST"},{"floor":13,"key":"REST"},{"floor":15,"key":"REST"},{"floor":23,"key":"REST"}],"neow_cost":"NONE","seed_source_timestamp":367536019516725,"circlet_count":0,"master_deck":["Defend_G+1","Defend_G","Defend_G","Defend_G","Defend_G","Strike_G","Strike_G","Strike_G","Strike_G","Strike_G","Survivor+1","Neutralize","Predator+1","Venomology","Backflip","Escape Plan","Footwork","Poisoned Stab","Leg Sweep","Adrenaline","Doubt","Decay","Decay","Well Laid Plans+1","Dagger Throw+1","PiercingWail","Caltrops+1"],"relics":["Ring of the Snake","Golden Idol","Pantograph","Darkstone Periapt","Vajra","Calling Bell","Centennial Puzzle","Meat on the Bone","Incense Burner"],"potions_floor_usage":[5,5,6,6,10,12,12,12,14,14,16,19,19,19,20,20,21,22,24],"damage_taken":[{"damage":4,"enemies":"Jaw Worm","floor":1,"turns":7},{"damage":0,"enemies":"Small Slimes","floor":2,"turns":3},{"damage":0,"enemies":"2 Louse","floor":4,"turns":3},{"damage":0,"enemies":"Gremlin Gang","floor":5,"turns":4},{"damage":20,"enemies":"3 Sentries","floor":6,"turns":10},{"damage":8,"enemies":"Red Slaver","floor":10,"turns":4},{"damage":32,"enemies":"Gremlin Nob","floor":12,"turns":5},{"damage":5,"enemies":"Exordium Thugs","floor":14,"turns":7},{"damage":35,"enemies":"Slime Boss","floor":16,"turns":15},{"damage":4,"enemies":"3 Byrds","floor":18,"turns":8},{"damage":6,"enemies":"Spheric Guardian","floor":19,"turns":6},{"damage":12,"enemies":"Snecko","floor":20,"turns":5},{"damage":42,"enemies":"Cultist and Chosen","floor":21,"turns":13},{"damage":15,"enemies":"Snake Plant","floor":22,"turns":4},{"damage":67,"enemies":"Gremlin Leader","floor":24,"turns":11}],"seed_played":"-6458199082574618884","potions_obtained":[{"floor":4,"key":"EssenceOfSteel"},{"floor":10,"key":"Swift Potion"},{"floor":11,"key":"LiquidBronze"},{"floor":11,"key":"Fruit Juice"},{"floor":12,"key":"Swift Potion"},{"floor":18,"key":"GamblersBrew"},{"floor":21,"key":"Explosive Potion"}],"is_trial":false,"path_per_floor":["M","M","?","M","M","E","R","?","T","M","?","E","R","M","R","B",null,"M","M","M","M","M","R","E"],"character_chosen":"THE_SILENT","items_purchased":[],"campfire_rested":4,"item_purchase_floors":[],"current_hp_per_floor":[66,66,65,65,65,45,64,51,51,43,43,16,37,32,53,35,88,84,78,66,36,33,59,0],"gold":500,"neow_bonus":"UPGRADE_CARD","is_prod":false,"is_daily":false,"chose_seed":false,"campfire_upgraded":0,"win_rate":0,"timestamp":1558910881,"path_taken":["M","M","?","M","M","E","R","?","T","M","?","E","R","M","R","BOSS","M","M","M","M","?","R","E"],"build_version":"2019-01-23","purchased_purges":0,"victory":false,"max_hp_per_floor":[70,70,65,65,65,65,65,65,65,65,65,70,70,70,70,70,88,88,88,88,88,88,88,88],"card_choices":[{"not_picked":["Blade Dance","Blur"],"picked":"Predator","floor":1},{"not_picked":["Underhanded Strike","Outmaneuver"],"picked":"Venomology","floor":2},{"not_picked":["Sucker Punch","Deflect"],"picked":"Backflip","floor":4},{"not_picked":["Riddle With Holes","Outmaneuver","Cloak And Dagger"],"picked":"SKIP","floor":5},{"not_picked":["Unload","Distraction"],"picked":"Escape Plan","floor":6},{"not_picked":["Deadly Poison","Outmaneuver"],"picked":"Footwork","floor":10},{"not_picked":["Deadly Poison","Cloak And Dagger"],"picked":"Poisoned Stab","floor":12},{"not_picked":["Blade Dance","Caltrops"],"picked":"Leg Sweep","floor":14},{"not_picked":["Night Terror","A Thousand Cuts"],"picked":"Adrenaline","floor":16},{"not_picked":["Dash","Caltrops"],"picked":"Well Laid Plans+1","floor":18},{"not_picked":["Blade Dance","Cloak And Dagger"],"picked":"Dagger Throw+1","floor":19},{"not_picked":["Leg Sweep+1","Predator+1"],"picked":"PiercingWail","floor":20},{"not_picked":["Cloak And Dagger","Dagger Throw"],"picked":"Caltrops+1","floor":21},{"not_picked":["Outmaneuver","Backflip","Deadly Poison"],"picked":"SKIP","floor":22}],"player_experience":242171,"relics_obtained":[{"floor":6,"key":"Pantograph"},{"floor":9,"key":"Darkstone Periapt"},{"floor":12,"key":"Vajra"},{"floor":17,"key":"Centennial Puzzle"},{"floor":17,"key":"Meat on the Bone"},{"floor":17,"key":"Incense Burner"}],"event_choices":[{"damage_healed":0,"gold_gain":0,"player_choice":"Lose Max HP","damage_taken":0,"relics_obtained":["Golden Idol"],"max_hp_gain":0,"max_hp_loss":5,"event_name":"Golden Idol","floor":3,"gold_loss":0},{"damage_healed":0,"gold_gain":0,"player_choice":"Entered Light","damage_taken":13,"max_hp_gain":0,"max_hp_loss":0,"event_name":"Shining Light","floor":8,"gold_loss":0,"cards_upgraded":["Defend_G","Predator"]},{"damage_healed":0,"gold_gain":0,"player_choice":"Bought 2 Potions","damage_taken":0,"max_hp_gain":0,"max_hp_loss":0,"event_name":"The Woman in Blue","floor":11,"gold_loss":0}],"is_beta":false,"boss_relics":[{"not_picked":["HoveringKite","Ectoplasm"],"picked":"Calling Bell"}],"items_purged_floors":[],"is_endless":false,"potions_floor_spawned":[4,10,12,18,21],"killed_by":"Gremlin Leader","ascension_level":0}