{"gold_per_floor":[116,134,59,59,76,76,110,123,123,62,62,62,62,81,81,81],"floor_reached":16,"playtime":457,"items_purged":["Regret"],"score":190,"play_id":"cc861600-a5b9-4eb1-982a-075d4d808ed3","local_time":"20190617223634","is_ascension_mode":true,"campfire_choices":[{"data":"Noxious Fumes","floor":6,"key":"SMITH"},{"floor":12,"key":"REST"},{"floor":15,"key":"REST"}],"neow_cost":"CURSE","seed_source_timestamp":431071018589219,"circlet_count":0,"master_deck":["AscendersBane","Defend_G","Defend_G","Defend_G","Defend_G","Defend_G","Strike_G","Strike_G","Strike_G","Strike_G","Strike_G","Survivor","Neutralize","Noxious Fumes+1","Dash","Dagger Spray","Bane","Sucker Punch+1","Footwork"],"relics":["Ring of the Snake","Ice Cream","Pocketwatch","Tough Bandages"],"potions_floor_usage":[2,16],"damage_taken":[{"damage":4,"enemies":"Cultist","floor":1,"turns":4},{"damage":14,"enemies":"Jaw Worm","floor":2,"turns":5},{"damage":0,"enemies":"2 Louse","floor":5,"turns":3},{"damage":43,"enemies":"Gremlin Nob","floor":7,"turns":5},{"damage":0,"enemies":"Looter","floor":8,"turns":3},{"damage":37,"enemies":"Exordium Thugs","floor":14,"turns":5},{"damage":23,"enemies":"Hexaghost","floor":16,"turns":10}],"seed_played":"-4170280928069339435","potions_obtained":[{"floor":1,"key":"Poison Potion"},{"floor":14,"key":"Weak Potion"}],"is_trial":false,"path_per_floor":["M","M","$","?","M","R","E","M","T","?","$","R","?","M","R","B"],"character_chosen":"THE_SILENT","items_purchased":[],"campfire_rested":2,"item_purchase_floors":[],"current_hp_per_floor":[55,41,41,63,63,63,20,20,20,20,20,39,39,2,21,0],"gold":81,"neow_bonus":"ONE_RARE_RELIC","is_prod":false,"is_daily":false,"chose_seed":false,"campfire_upgraded":1,"win_rate":0,"timestamp":1560836194,"path_taken":["M","M","$","?","M","R","E","M","T","?","$","R","?","M","R","BOSS"],"build_version":"2019-01-23","purchased_purges":1,"victory":false,"max_hp_per_floor":[66,66,66,66,66,66,66,66,66,66,66,66,66,66,66,66],"card_choices":[{"not_picked":["Finisher","Deadly Poison"],"picked":"Noxious Fumes","floor":1},{"not_picked":["Concentrate","Cloak And Dagger"],"picked":"Dash","floor":2},{"not_picked":["Blade Dance","Masterful Stab"],"picked":"Dagger Spray","floor":5},{"not_picked":["Dodge and Roll","Outmaneuver"],"picked":"Bane","floor":7},{"not_picked":["Bane","Dagger Throw"],"picked":"Sucker Punch","floor":8},{"not_picked":["Dagger Throw","Infinite Blades"],"picked":"Footwork","floor":14}],"player_experience":1032060,"relics_obtained":[{"floor":7,"key":"Pocketwatch"},{"floor":9,"key":"Tough Bandages"}],"event_choices":[{"damage_healed":22,"gold_gain":0,"player_choice":"Banana","damage_taken":0,"max_hp_gain":0,"max_hp_loss":0,"event_name":"Big Fish","floor":4,"gold_loss":0},{"damage_healed":0,"gold_gain":0,"player_choice":"Left Gold","damage_taken":0,"max_hp_gain":0,"max_hp_loss":0,"event_name":"World of Goop","floor":10,"gold_loss":61},{"damage_healed":0,"gold_gain":0,"player_choice":"Grow","damage_taken":0,"max_hp_gain":0,"max_hp_loss":0,"event_name":"Living Wall","floor":13,"gold_loss":0,"cards_upgraded":["Sucker Punch"]}],"is_beta":false,"boss_relics":[],"items_purged_floors":[3],"is_endless":false,"potions_floor_spawned":[1,14],"killed_by":"Hexaghost","ascension_level":18}