{"gold_per_floor":[12,29,29,47,62,62,90,90,90,90,101,101,125,165,165,290,290,308,308,321,321],"floor_reached":21,"playtime":999,"items_purged":[],"score":235,"play_id":"b8bc9d4c-94fa-4b94-894a-a102c169e5ca","local_time":"20190630121833","is_ascension_mode":true,"campfire_choices":[{"data":"Shrug It Off","floor":6,"key":"SMITH"},{"data":"Headbutt","floor":8,"key":"SMITH"},{"data":"Bash","floor":10,"key":"SMITH"},{"data":"Shockwave","floor":15,"key":"SMITH"}],"neow_cost":"NO_GOLD","seed_source_timestamp":1168533470850598,"circlet_count":0,"master_deck":["Strike_R","Strike_R","Strike_R","Defend_R","Defend_R+1","Defend_R+1","Defend_R","Bash+1","Evolve","Shrug It Off+1","Inflame","Headbutt+1","Thunderclap","Body Slam","Shockwave+1","Barricade","Metallicize","Power Through+1"],"relics":["Burning Blood","GremlinMask","War Paint","Red Skull","Golden Idol","Question Card","Empty Cage"],"potions_floor_usage":[7,16,16,18,20],"damage_taken":[{"damage":10,"enemies":"2 Louse","floor":1,"turns":3},{"damage":1,"enemies":"Cultist","floor":2,"turns":3},{"damage":4,"enemies":"Small Slimes","floor":4,"turns":5},{"damage":11,"enemies":"Looter","floor":5,"turns":3},{"damage":16,"enemies":"Gremlin Nob","floor":7,"turns":5},{"damage":6,"enemies":"Exordium Wildlife","floor":11,"turns":5},{"damage":17,"enemies":"Large Slime","floor":13,"turns":6},{"damage":17,"enemies":"3 Sentries","floor":14,"turns":6},{"damage":33,"enemies":"The Guardian","floor":16,"turns":13},{"damage":11,"enemies":"Chosen","floor":18,"turns":8},{"damage":33,"enemies":"Spheric Guardian","floor":20,"turns":12},{"damage":93,"enemies":"3 Cultists","floor":21,"turns":8}],"seed_played":"-4782619301403403285","potions_obtained":[{"floor":1,"key":"SpeedPotion"},{"floor":4,"key":"Weak Potion"},{"floor":13,"key":"Block Potion"},{"floor":14,"key":"GamblersBrew"},{"floor":16,"key":"Explosive Potion"}],"is_trial":false,"path_per_floor":["M","M","?","M","M","R","E","R","T","R","M","?","M","E","R","B",null,"M","?","M","M"],"character_chosen":"IRONCLAD","items_purchased":[],"campfire_rested":0,"item_purchase_floors":[],"current_hp_per_floor":[92,96,96,96,91,91,81,81,81,81,81,57,46,35,35,8,96,91,91,64,0],"gold":321,"neow_bonus":"TWENTY_PERCENT_HP_BONUS","is_prod":false,"is_daily":false,"chose_seed":false,"campfire_upgraded":4,"win_rate":0,"timestamp":1561922313,"path_taken":["M","M","?","?","M","R","E","R","T","R","M","?","M","E","R","BOSS","M","?","M","M"],"build_version":"2019-01-23","purchased_purges":0,"victory":false,"max_hp_per_floor":[96,96,96,96,96,96,96,96,96,96,96,96,96,96,96,96,96,96,96,96,96],"card_choices":[{"not_picked":["Reckless Charge","Twin Strike"],"picked":"Evolve","floor":1},{"not_picked":["Clothesline","Carnage"],"picked":"Shrug It Off","floor":2},{"not_picked":["Wild Strike","Cleave"],"picked":"Inflame","floor":4},{"not_picked":["Warcry","Intimidate"],"picked":"Headbutt","floor":5},{"not_picked":["Perfected Strike","Spot Weakness","Reckless Charge"],"picked":"SKIP","floor":7},{"not_picked":["Wild Strike","Clothesline"],"picked":"Thunderclap","floor":11},{"not_picked":["Twin Strike","Combust"],"picked":"Body Slam","floor":13},{"not_picked":["Impervious","Sword Boomerang"],"picked":"Shockwave","floor":14},{"not_picked":["Juggernaut","Brutality","Double Tap"],"picked":"Barricade","floor":16},{"not_picked":["Whirlwind+1","Warcry","Inflame"],"picked":"Metallicize","floor":18},{"not_picked":["Corruption","Sword Boomerang","Havoc"],"picked":"Power Through+1","floor":20}],"player_experience":55069,"relics_obtained":[{"floor":7,"key":"War Paint"},{"floor":9,"key":"Red Skull"},{"floor":14,"key":"Question Card"}],"event_choices":[{"damage_healed":0,"gold_gain":0,"player_choice":"Trade","damage_taken":0,"relics_obtained":["GremlinMask"],"max_hp_gain":0,"max_hp_loss":0,"event_name":"FaceTrader","floor":3,"gold_loss":0},{"damage_healed":0,"gold_gain":0,"player_choice":"Take Damage","damage_taken":24,"relics_obtained":["Golden Idol"],"max_hp_gain":0,"max_hp_loss":0,"event_name":"Golden Idol","floor":12,"gold_loss":0},{"damage_healed":0,"gold_gain":0,"player_choice":"Ignored","damage_taken":0,"max_hp_gain":0,"max_hp_loss":0,"event_name":"Cursed Tome","floor":19,"gold_loss":0}],"is_beta":false,"boss_relics":[{"not_picked":["Ectoplasm","Velvet Choker"],"picked":"Empty Cage"}],"items_purged_floors":[],"is_endless":false,"potions_floor_spawned":[1,4,13,14,16],"killed_by":"3 Cultists","ascension_level":2}