{"gold_per_floor":[110,127,50,61,71,71,106,123,123,187,205,205,216,227,227,328,328,253,25,25,0,0,0,0,0,0,0,0],"floor_reached":28,"playtime":1747,"items_purged":["Strike_R"],"score":305,"play_id":"6c17c765-38e2-404c-bc5c-8c5bed384eff","local_time":"20190629214153","is_ascension_mode":true,"campfire_choices":[{"data":"Rampage","floor":6,"key":"SMITH"},{"floor":12,"key":"REST"},{"floor":15,"key":"REST"},{"floor":23,"key":"REST"}],"neow_cost":"NONE","seed_source_timestamp":591748217849704,"circlet_count":0,"master_deck":["Strike_R","Strike_R","Strike_R","Strike_R","Defend_R","Defend_R","Defend_R","Defend_R","Bash","Thunderclap","Headbutt","Dropkick","Rampage+1","Whirlwind","Ghostly Armor","Shrug It Off","Double Tap","Shrug It Off","Pommel Strike"],"relics":["Burning Blood","Potion Belt","Darkstone Periapt","Tiny Chest","Ectoplasm","Blood Vial","Old Coin","Dodecahedron"],"potions_floor_usage":[5,7,10,11,14,22,27,28],"damage_taken":[{"damage":6,"enemies":"2 Louse","floor":1,"turns":2},{"damage":8,"enemies":"Small Slimes","floor":2,"turns":4},{"damage":6,"enemies":"Cultist","floor":4,"turns":3},{"damage":3,"enemies":"2 Fungi Beasts","floor":5,"turns":3},{"damage":35,"enemies":"3 Sentries","floor":7,"turns":7},{"damage":12,"enemies":"Looter","floor":8,"turns":3},{"damage":30,"enemies":"Lagavulin","floor":10,"turns":5},{"damage":18,"enemies":"Large Slime","floor":11,"turns":2},{"damage":9,"enemies":"Blue Slaver","floor":13,"turns":4},{"damage":3,"enemies":"2 Fungi Beasts","floor":14,"turns":3},{"damage":61,"enemies":"The Guardian","floor":16,"turns":12},{"damage":39,"enemies":"2 Thieves","floor":18,"turns":4},{"damage":17,"enemies":"Spheric Guardian","floor":20,"turns":4},{"damage":32,"enemies":"Shelled Parasite and Fungi","floor":22,"turns":6},{"damage":66,"enemies":"Book of Stabbing","floor":25,"turns":8},{"damage":19,"enemies":"Cultist and Chosen","floor":27,"turns":8},{"damage":10,"enemies":"Snecko","floor":28,"turns":4}],"seed_played":"-4752756838229994015","potions_obtained":[{"floor":2,"key":"SpeedPotion"},{"floor":5,"key":"SkillPotion"},{"floor":8,"key":"SteroidPotion"},{"floor":10,"key":"SteroidPotion"},{"floor":11,"key":"PowerPotion"},{"floor":20,"key":"Block Potion"},{"floor":25,"key":"Dexterity Potion"},{"floor":27,"key":"AttackPotion"}],"is_trial":false,"path_per_floor":["M","M","$","M","M","R","E","M","T","E","M","R","M","M","R","B",null,"M","$","M","?","M","R","?","E","T","M","M"],"character_chosen":"IRONCLAD","items_purchased":["Dropkick","Blood Vial"],"campfire_rested":3,"item_purchase_floors":[3,19],"current_hp_per_floor":[88,86,86,86,88,88,59,53,53,29,17,43,40,43,69,14,88,55,55,46,46,22,48,77,19,19,8,0],"gold":0,"neow_bonus":"TEN_PERCENT_HP_BONUS","is_prod":false,"is_daily":false,"chose_seed":false,"campfire_upgraded":1,"win_rate":0,"timestamp":1561869713,"path_taken":["M","M","$","M","M","R","E","M","T","E","M","R","M","M","R","BOSS","M","$","M","?","M","R","?","E","T","M","M"],"build_version":"2019-01-23","purchased_purges":1,"victory":false,"max_hp_per_floor":[88,88,88,88,88,88,88,88,88,88,88,88,88,88,88,88,88,88,88,88,88,88,88,88,88,88,88,88],"card_choices":[{"not_picked":["Warcry","Heavy Blade"],"picked":"Thunderclap","floor":1},{"not_picked":["Thunderclap","Warcry"],"picked":"Headbutt","floor":2},{"not_picked":["Pummel","Perfected Strike","Corruption"],"picked":"SKIP","floor":4},{"not_picked":["Sever Soul","Armaments"],"picked":"Rampage","floor":5},{"not_picked":["Hemokinesis","Pommel Strike"],"picked":"Whirlwind","floor":7},{"not_picked":["Pommel Strike","Perfected Strike"],"picked":"Ghostly Armor","floor":8},{"not_picked":["Havoc","Metallicize","Limit Break"],"picked":"SKIP","floor":10},{"not_picked":["Power Through","Twin Strike","Hemokinesis"],"picked":"SKIP","floor":11},{"not_picked":["Flex","Flame Barrier","Heavy Blade"],"picked":"SKIP","floor":13},{"not_picked":["Anger","Perfected Strike"],"picked":"Shrug It Off","floor":14},{"not_picked":["Offering","Bludgeon"],"picked":"Double Tap","floor":16},{"not_picked":["Wild Strike+1","Rage","Perfected Strike"],"picked":"SKIP","floor":18},{"not_picked":["Anger","Disarm","Cleave"],"picked":"SKIP","floor":20},{"not_picked":["Perfected Strike+1","Feel No Pain+1"],"picked":"Shrug It Off","floor":22},{"not_picked":["Headbutt","True Grit"],"picked":"Pommel Strike","floor":25},{"not_picked":["Wild Strike","Clash","Sword Boomerang"],"picked":"SKIP","floor":27}],"player_experience":533759,"relics_obtained":[{"floor":7,"key":"Potion Belt"},{"floor":9,"key":"Darkstone Periapt"},{"floor":10,"key":"Tiny Chest"},{"floor":25,"key":"Old Coin"},{"floor":26,"key":"Dodecahedron"}],"event_choices":[{"damage_healed":0,"gold_gain":0,"player_choice":"Paid Fearfully","damage_taken":0,"max_hp_gain":0,"max_hp_loss":0,"event_name":"Masked Bandits","floor":21,"gold_loss":25},{"damage_healed":29,"gold_gain":0,"player_choice":"Heal","damage_taken":0,"max_hp_gain":0,"max_hp_loss":0,"event_name":"The Library","floor":24,"gold_loss":0}],"is_beta":false,"boss_relics":[{"not_picked":["Astrolabe","White Beast Statue"],"picked":"Ectoplasm"}],"items_purged_floors":[19],"is_endless":false,"potions_floor_spawned":[2,5,8,10,11,20,25,27],"killed_by":"Snecko","ascension_level":4}