{"gold_per_floor":[110,185,185,204,220,220,249,249,273,335,369,369,396,429,429,506,506,520,520,25,38,38,38,38,48,118,118,64,64,64,64,64,141,141,159,559,73,91,116,116,26,26,50,63,81,110,129,129,129,129],"floor_reached":51,"playtime":2142,"items_purged":["Strike_B"],"score":1267,"play_id":"61d067ef-1edf-4fd7-908e-92aa164932eb","local_time":"20190402230507","is_ascension_mode":true,"campfire_choices":[{"data":"Defragment","floor":6,"key":"SMITH"},{"floor":8,"key":"REST"},{"floor":12,"key":"REST"},{"floor":15,"key":"REST"},{"floor":23,"key":"REST"},{"data":"Buffer","floor":27,"key":"SMITH"},{"data":"Self Repair","floor":29,"key":"SMITH"},{"floor":32,"key":"REST"},{"data":"Multi-Cast","floor":40,"key":"SMITH"},{"data":"Multi-Cast","floor":42,"key":"SMITH"},{"floor":49,"key":"REST"}],"neow_cost":"NONE","seed_source_timestamp":1141177717344952,"circlet_count":0,"master_deck":["AscendersBane","Strike_B","Strike_B","Strike_B","Defend_B","Defend_B","Defend_B","Defend_B","Zap","Dualcast","Doom and Gloom","Ball Lightning","Defragment+1","Sweeping Beam","Redo","Multi-Cast+1","Cold Snap","Go for the Eyes","Multi-Cast+1","Self Repair+1","Ball Lightning+1","Tempest","Buffer+1","Cold Snap+1","Machine Learning+1","Blizzard+1","Storm+1","FTL+1","Cold Snap+1","Stack","Go for the Eyes+1"],"relics":["FrozenCore","NeowsBlessing","Orichalcum","Lantern","WingedGreaves","Bag of Marbles","Dream Catcher","Pen Nib","Philosopher\u0027s Stone","Molten Egg 2","Chemical X","Omamori","Frozen Egg 2","Nilry\u0027s Codex","Old Coin","Runic Capacitor","Gremlin Horn","Smiling Mask","Boot","Potion Belt"],"potions_floor_usage":[7,11,16,33,33,45,50],"damage_taken":[{"damage":0,"enemies":"Jaw Worm","floor":1,"turns":1},{"damage":0,"enemies":"Small Slimes","floor":4,"turns":1},{"damage":0,"enemies":"Cultist","floor":5,"turns":1},{"damage":25,"enemies":"3 Sentries","floor":7,"turns":5},{"damage":19,"enemies":"3 Sentries","floor":10,"turns":4},{"damage":20,"enemies":"Gremlin Nob","floor":11,"turns":4},{"damage":28,"enemies":"Lagavulin","floor":14,"turns":5},{"damage":18,"enemies":"The Guardian","floor":16,"turns":8},{"damage":6,"enemies":"Chosen","floor":18,"turns":4},{"damage":14,"enemies":"3 Byrds","floor":21,"turns":2},{"damage":3,"enemies":"Snecko","floor":25,"turns":3},{"damage":9,"enemies":"Champ","floor":33,"turns":9},{"damage":0,"enemies":"Orb Walker","floor":35,"turns":2},{"damage":9,"enemies":"Mind Bloom Boss Battle","floor":36,"turns":6},{"damage":23,"enemies":"3 Darklings","floor":38,"turns":5},{"damage":11,"enemies":"Spire Growth","floor":44,"turns":3},{"damage":19,"enemies":"Maw","floor":45,"turns":6},{"damage":0,"enemies":"Reptomancer","floor":46,"turns":5},{"damage":39,"enemies":"Sphere and 2 Shapes","floor":47,"turns":5},{"damage":33,"enemies":"Donu and Deca","floor":50,"turns":12}],"seed_played":"7562506756946008462","potions_obtained":[{"floor":1,"key":"Poison Potion"},{"floor":4,"key":"Fire Potion"},{"floor":10,"key":"SteroidPotion"},{"floor":14,"key":"Regen Potion"},{"floor":18,"key":"FearPotion"},{"floor":25,"key":"Swift Potion"},{"floor":38,"key":"SpeedPotion"},{"floor":44,"key":"PowerPotion"},{"floor":46,"key":"EssenceOfSteel"}],"is_trial":false,"path_per_floor":["M","?","?","M","M","R","E","R","T","?","E","R","T","E","R","B",null,"M","?","$","M","$","R","?","M","T","R","$","R","?","?","R","B",null,"M","?","$","M","T","R","$","R","T","M","M","E","M","?","R","B",null],"character_chosen":"DEFECT","items_purchased":["Molten Egg 2","Chemical X","Cold Snap+1","Runic Capacitor","Gremlin Horn","Storm+1"],"campfire_rested":6,"item_purchase_floors":[20,20,28,37,37,41],"current_hp_per_floor":[64,53,53,53,53,53,28,49,49,30,10,31,31,3,24,21,59,53,53,53,39,39,60,60,57,57,57,57,57,57,36,57,58,68,68,69,69,56,56,56,56,56,56,45,36,46,17,31,52,29],"gold":129,"neow_bonus":"THREE_ENEMY_KILL","is_prod":false,"is_daily":false,"chose_seed":false,"campfire_upgraded":5,"win_rate":0,"timestamp":1554260707,"path_taken":["M","?","?","?","M","R","E","R","T","?","E","R","?","E","R","BOSS","M","?","$","M","$","R","?","?","T","R","?","R","?","?","R","BOSS","M","?","$","M","?","R","$","R","T","M","M","E","M","?","R","BOSS"],"build_version":"2019-01-23","purchased_purges":1,"victory":true,"max_hp_per_floor":[71,71,71,71,71,71,71,71,71,71,71,71,71,71,71,71,71,71,71,71,71,71,71,71,71,71,71,71,71,71,71,71,71,71,71,71,71,71,71,71,71,71,71,71,71,71,71,71,71,71],"card_choices":[{"not_picked":["Storm","Chill"],"picked":"Doom and Gloom","floor":1},{"not_picked":["Doom and Gloom","Coolheaded"],"picked":"Defragment","floor":4},{"not_picked":["Compile Driver","Blizzard"],"picked":"Sweeping Beam","floor":5},{"not_picked":["Cold Snap","Rip and Tear"],"picked":"Redo","floor":7},{"not_picked":["Blizzard","Streamline"],"picked":"Multi-Cast","floor":11},{"not_picked":["Reinforced Body","Rebound"],"picked":"Cold Snap","floor":14},{"not_picked":["Sweeping Beam","Barrage"],"picked":"Go for the Eyes","floor":15},{"not_picked":["Thunder Strike","Amplify"],"picked":"Multi-Cast","floor":16},{"not_picked":["Stack","Sweeping Beam","Sunder"],"picked":"SKIP","floor":18},{"not_picked":["Beam Cell+1","Hologram"],"picked":"Ball Lightning+1","floor":21},{"not_picked":["Barrage+1","Streamline+1"],"picked":"Tempest","floor":23},{"not_picked":["Stack","Ball Lightning+1"],"picked":"Buffer","floor":25},{"not_picked":["Rainbow","Amplify"],"picked":"Machine Learning+1","floor":33},{"not_picked":["Barrage+1","Ball Lightning+1","Reprogram"],"picked":"SKIP","floor":35},{"not_picked":["Sweeping Beam+1","Conserve Battery"],"picked":"Blizzard+1","floor":38},{"not_picked":["Streamline+1","Sunder+1"],"picked":"FTL+1","floor":44},{"not_picked":["Leap","Turbo"],"picked":"Cold Snap+1","floor":45},{"not_picked":["Leap","Cold Snap+1"],"picked":"Stack","floor":46},{"not_picked":["Redo","Hello World+1","Gash+1"],"picked":"SKIP","floor":47},{"not_picked":["Doom and Gloom+1","Aggregate+1"],"picked":"Go for the Eyes+1","floor":49}],"player_experience":495176,"relics_obtained":[{"floor":7,"key":"Orichalcum"},{"floor":9,"key":"Lantern"},{"floor":11,"key":"Bag of Marbles"},{"floor":13,"key":"Dream Catcher"},{"floor":14,"key":"Pen Nib"},{"floor":26,"key":"Frozen Egg 2"},{"floor":31,"key":"Nilry\u0027s Codex"},{"floor":36,"key":"Old Coin"},{"floor":39,"key":"Smiling Mask"},{"floor":43,"key":"Boot"},{"floor":46,"key":"Potion Belt"}],"event_choices":[{"damage_healed":0,"gold_gain":75,"player_choice":"Gather Gold","damage_taken":11,"max_hp_gain":0,"max_hp_loss":0,"event_name":"World of Goop","floor":2,"gold_loss":0},{"damage_healed":0,"gold_gain":0,"player_choice":"1 cards matched","damage_taken":0,"max_hp_gain":0,"max_hp_loss":0,"event_name":"Match and Keep!","floor":3,"gold_loss":0,"cards_obtained":["Ball Lightning"]},{"damage_healed":0,"gold_gain":30,"player_choice":"Searched \u00273\u0027 times","damage_taken":0,"relics_obtained":["WingedGreaves"],"max_hp_gain":0,"max_hp_loss":0,"event_name":"Dead Adventurer","floor":10,"gold_loss":0},{"damage_healed":0,"gold_gain":0,"player_choice":"Read","damage_taken":0,"max_hp_gain":0,"max_hp_loss":0,"event_name":"The Library","floor":19,"gold_loss":0,"cards_obtained":["Self Repair"]},{"damage_healed":0,"gold_gain":0,"player_choice":"Gave Potion","damage_taken":0,"relics_obtained":["Omamori"],"max_hp_gain":0,"max_hp_loss":0,"event_name":"WeMeetAgain","floor":24,"gold_loss":0},{"damage_healed":0,"gold_gain":0,"player_choice":"Ignored","damage_taken":0,"max_hp_gain":0,"max_hp_loss":0,"event_name":"Ghosts","floor":30,"gold_loss":0},{"damage_healed":0,"gold_gain":0,"player_choice":"Obtained Book","damage_taken":21,"max_hp_gain":0,"max_hp_loss":0,"event_name":"Cursed Tome","floor":31,"gold_loss":0},{"damage_healed":0,"gold_gain":0,"player_choice":"Fight","damage_taken":0,"max_hp_gain":0,"max_hp_loss":0,"event_name":"MindBloom","floor":36,"gold_loss":0},{"damage_healed":14,"gold_gain":0,"player_choice":"Writhe","damage_taken":0,"max_hp_gain":0,"max_hp_loss":0,"event_name":"Winding Halls","floor":48,"gold_loss":0,"cards_obtained":["Writhe"]}],"is_beta":false,"boss_relics":[{"not_picked":["Astrolabe","Coffee Dripper"],"picked":"Philosopher\u0027s Stone"},{"not_picked":["Snecko Eye","Eternal Feather"],"picked":"FrozenCore"}],"items_purged_floors":[41],"is_endless":false,"potions_floor_spawned":[1,4,10,14,18,25,38,44,46],"ascension_level":16}