{"gold_per_floor":[116,136,149,149,149,149,179,189,213,243,256,271,281,300,300,300],"floor_reached":16,"playtime":838,"items_purged":[],"score":232,"play_id":"22e26014-88b9-4a47-ba28-7aeb7f3d3b01","local_time":"20190628100641","is_ascension_mode":true,"campfire_choices":[{"data":"Dagger Spray","floor":6,"key":"SMITH"},{"data":"Footwork","floor":15,"key":"SMITH"}],"neow_cost":"NONE","seed_source_timestamp":571107620040357,"circlet_count":0,"master_deck":["AscendersBane","Defend_G","Defend_G","Defend_G","Defend_G","Defend_G","Strike_G","Strike_G","Strike_G","Strike_G","Strike_G","Survivor","Neutralize+1","Deadly Poison+1","Dagger Spray+1","Flying Knee","Burst","Dodge and Roll","Footwork+1","Backstab","Dash"],"relics":["Ring of the Snake","Strawberry","Oddly Smooth Stone","Happy Flower","Bag of Preparation"],"potions_floor_usage":[7,7,16,16],"damage_taken":[{"damage":5,"enemies":"Cultist","floor":1,"turns":5},{"damage":4,"enemies":"Jaw Worm","floor":2,"turns":5},{"damage":0,"enemies":"2 Louse","floor":3,"turns":2},{"damage":6,"enemies":"Gremlin Nob","floor":7,"turns":3},{"damage":0,"enemies":"2 Fungi Beasts","floor":8,"turns":3},{"damage":13,"enemies":"3 Sentries","floor":10,"turns":10},{"damage":0,"enemies":"Large Slime","floor":11,"turns":6},{"damage":10,"enemies":"Exordium Thugs","floor":12,"turns":4},{"damage":0,"enemies":"Blue Slaver","floor":13,"turns":3},{"damage":0,"enemies":"Large Slime","floor":14,"turns":6},{"damage":33,"enemies":"Slime Boss","floor":16,"turns":10}],"seed_played":"-1761200161188618804","potions_obtained":[{"floor":2,"key":"SteroidPotion"},{"floor":3,"key":"Poison Potion"},{"floor":10,"key":"Block Potion"},{"floor":12,"key":"Strength Potion"}],"is_trial":false,"path_per_floor":["M","M","M","?","?","R","E","M","T","E","M","M","M","M","R","B"],"character_chosen":"THE_SILENT","items_purchased":[],"campfire_rested":0,"item_purchase_floors":[],"current_hp_per_floor":[61,57,57,57,57,57,51,51,51,38,38,28,28,28,28,0],"gold":300,"neow_bonus":"RANDOM_COMMON_RELIC","is_prod":false,"is_daily":false,"chose_seed":false,"campfire_upgraded":2,"win_rate":0,"timestamp":1561730801,"path_taken":["M","M","M","?","?","R","E","?","T","E","M","M","M","M","R","BOSS"],"build_version":"2019-01-23","purchased_purges":0,"victory":false,"max_hp_per_floor":[73,73,73,73,73,73,73,73,73,73,73,73,73,73,73,73],"card_choices":[{"not_picked":["Outmaneuver","Terror"],"picked":"Deadly Poison","floor":1},{"not_picked":["Underhanded Strike","Bane"],"picked":"Dagger Spray","floor":2},{"not_picked":["Outmaneuver","Blade Dance"],"picked":"Flying Knee","floor":3},{"not_picked":["Masterful Stab","Venomology"],"picked":"Burst","floor":7},{"not_picked":["Quick Slash","PiercingWail"],"picked":"Dodge and Roll","floor":8},{"not_picked":["Slice","Underhanded Strike"],"picked":"Footwork","floor":10},{"not_picked":["Dodge and Roll","Acrobatics"],"picked":"Backstab","floor":11},{"not_picked":["Sucker Punch","Finisher","Quick Slash"],"picked":"SKIP","floor":12},{"not_picked":["Blade Dance","Prepared"],"picked":"Dash","floor":13},{"not_picked":["Caltrops","Tactician","Cloak And Dagger"],"picked":"SKIP","floor":14}],"player_experience":984050,"relics_obtained":[{"floor":7,"key":"Oddly Smooth Stone"},{"floor":9,"key":"Happy Flower"},{"floor":10,"key":"Bag of Preparation"}],"event_choices":[{"damage_healed":0,"gold_gain":0,"player_choice":"Grow","damage_taken":0,"max_hp_gain":0,"max_hp_loss":0,"event_name":"Living Wall","floor":4,"gold_loss":0,"cards_upgraded":["Deadly Poison"]},{"damage_healed":0,"gold_gain":0,"player_choice":"Upgraded","damage_taken":0,"max_hp_gain":0,"max_hp_loss":0,"event_name":"Upgrade Shrine","floor":5,"gold_loss":0,"cards_upgraded":["Neutralize"]}],"is_beta":false,"boss_relics":[],"items_purged_floors":[],"is_endless":false,"potions_floor_spawned":[2,3,10,12,13],"killed_by":"Slime Boss","ascension_level":20}