{"gold_per_floor":[118,130,130,44,61,61,77,104,153,217,217,5,33,45,45,118,118,130,130,142,142,192,192,204,230,283,283],"floor_reached":27,"playtime":1051,"items_purged":[],"score":434,"play_id":"fccbe89f-bd14-48e8-ac7f-e0718da470ce","local_time":"20190412190350","is_ascension_mode":true,"campfire_choices":[{"data":"Deadly Poison","floor":6,"key":"SMITH"},{"floor":11,"key":"REST"},{"data":"Noxious Fumes","floor":15,"key":"SMITH"},{"floor":23,"key":"REST"}],"neow_cost":"NONE","seed_source_timestamp":236303886667565,"circlet_count":0,"master_deck":["AscendersBane","Defend_G","Defend_G","Defend_G","Defend_G","Defend_G","Strike_G","Strike_G","Strike_G","Strike_G","Survivor","Neutralize+1","Caltrops","Deadly Poison+1","Footwork","Choke","Corpse Explosion","Noxious Fumes+1","Quick Slash+1","Bullet Time","Backstab+1","Leg Sweep","Decay","Catalyst","Injury"],"relics":["Ring of the Snake","Molten Egg 2","Oddly Smooth Stone","Snake Skull","Lee\u0027s Waffle","Juzu Bracelet","Cursed Key","Ice Cream","Strawberry"],"potions_floor_usage":[16],"damage_taken":[{"damage":0,"enemies":"Small Slimes","floor":1,"turns":5},{"damage":2,"enemies":"Cultist","floor":2,"turns":5},{"damage":1,"enemies":"Jaw Worm","floor":5,"turns":5},{"damage":0,"enemies":"Blue Slaver","floor":7,"turns":5},{"damage":21,"enemies":"Gremlin Nob","floor":8,"turns":5},{"damage":23,"enemies":"3 Sentries","floor":10,"turns":4},{"damage":15,"enemies":"3 Sentries","floor":13,"turns":3},{"damage":3,"enemies":"Large Slime","floor":14,"turns":7},{"damage":11,"enemies":"Slime Boss","floor":16,"turns":10},{"damage":16,"enemies":"Spheric Guardian","floor":18,"turns":5},{"damage":6,"enemies":"Shell Parasite","floor":20,"turns":5},{"damage":11,"enemies":"Snecko","floor":24,"turns":5},{"damage":34,"enemies":"Slavers","floor":25,"turns":3},{"damage":34,"enemies":"Chosen and Byrds","floor":27,"turns":6}],"seed_played":"3220839673065028361","potions_obtained":[{"floor":2,"key":"SpeedPotion"},{"floor":7,"key":"Dexterity Potion"},{"floor":13,"key":"Dexterity Potion"},{"floor":24,"key":"LiquidBronze"},{"floor":25,"key":"Ancient Potion"}],"is_trial":false,"path_per_floor":["M","M","?","$","M","R","M","E","T","?","R","$","E","M","R","B",null,"M","?","M","?","?","R","M","E","T","M"],"character_chosen":"THE_SILENT","items_purchased":["Footwork","Lee\u0027s Waffle"],"campfire_rested":2,"item_purchase_floors":[4,12],"current_hp_per_floor":[59,57,57,57,56,56,56,35,35,12,31,73,58,55,55,44,66,50,50,44,44,44,65,54,20,27,0],"gold":283,"neow_bonus":"REMOVE_CARD","is_prod":false,"is_daily":false,"chose_seed":false,"campfire_upgraded":2,"win_rate":0,"timestamp":1555110230,"path_taken":["M","M","?","$","M","R","?","E","T","?","R","$","E","M","R","BOSS","M","?","M","?","?","R","M","E","T","M"],"build_version":"2019-01-23","purchased_purges":0,"victory":false,"max_hp_per_floor":[66,66,66,66,66,66,66,66,66,66,66,73,73,73,73,73,73,73,73,73,73,73,73,73,73,80,80],"card_choices":[{"not_picked":["Bane","Endless Agony"],"picked":"Caltrops","floor":1},{"not_picked":["Outmaneuver","Deflect"],"picked":"Deadly Poison","floor":2},{"not_picked":["Backflip","Bane"],"picked":"Choke","floor":5},{"not_picked":["Acrobatics","PiercingWail","Sucker Punch"],"picked":"SKIP","floor":7},{"not_picked":["Tactician","Infinite Blades"],"picked":"Corpse Explosion","floor":8},{"not_picked":["Slice+1","Flying Knee+1"],"picked":"Noxious Fumes","floor":10},{"not_picked":["Slice+1","Unload+1"],"picked":"Quick Slash+1","floor":13},{"not_picked":["Underhanded Strike+1","Dagger Throw+1","Outmaneuver"],"picked":"SKIP","floor":14},{"not_picked":["Tools of the Trade","Envenom"],"picked":"Bullet Time","floor":16},{"not_picked":["Choke+1","Finisher+1"],"picked":"Backstab+1","floor":18},{"not_picked":["Dagger Spray+1","PiercingWail"],"picked":"Leg Sweep","floor":20},{"not_picked":["PiercingWail","Flying Knee+1","Poisoned Stab+1"],"picked":"SKIP","floor":24},{"not_picked":["Deflect","Quick Slash+1"],"picked":"Catalyst","floor":25}],"player_experience":567750,"relics_obtained":[{"floor":8,"key":"Molten Egg 2"},{"floor":9,"key":"Oddly Smooth Stone"},{"floor":10,"key":"Snake Skull"},{"floor":13,"key":"Juzu Bracelet"},{"floor":25,"key":"Ice Cream"},{"floor":26,"key":"Strawberry"}],"event_choices":[{"damage_healed":0,"gold_gain":0,"player_choice":"Upgraded","damage_taken":0,"max_hp_gain":0,"max_hp_loss":0,"event_name":"Upgrade Shrine","floor":3,"gold_loss":0,"cards_upgraded":["Neutralize"]},{"damage_healed":0,"gold_gain":0,"player_choice":"Searched \u00271\u0027 times","damage_taken":0,"max_hp_gain":0,"max_hp_loss":0,"event_name":"Dead Adventurer","floor":10,"gold_loss":0},{"damage_healed":0,"gold_gain":0,"player_choice":"Ignored","damage_taken":0,"max_hp_gain":0,"max_hp_loss":0,"event_name":"Ghosts","floor":19,"gold_loss":0},{"damage_healed":0,"gold_gain":0,"player_choice":"Smashed Altar","damage_taken":0,"max_hp_gain":0,"max_hp_loss":0,"event_name":"Forgotten Altar","floor":21,"gold_loss":0,"cards_obtained":["Decay"]},{"damage_healed":0,"gold_gain":50,"player_choice":"Stole From Cult","damage_taken":0,"max_hp_gain":0,"max_hp_loss":0,"event_name":"Nest","floor":22,"gold_loss":0}],"is_beta":false,"boss_relics":[{"not_picked":["Tiny House","Empty Cage"],"picked":"Cursed Key"}],"items_purged_floors":[],"is_endless":false,"potions_floor_spawned":[2,7,10,13,24,25],"killed_by":"Chosen and Byrds","ascension_level":16}