{"gold_per_floor":[368,348,362,512,400,400,433,449,520,593,610,610,621,635,635,635],"floor_reached":16,"playtime":433,"items_purged":["Doubt"],"score":189,"play_id":"dc5b3730-0a48-421c-8de8-9bd91fa95bfe","local_time":"20190613185511","is_ascension_mode":true,"campfire_choices":[{"data":"Sunder","floor":6,"key":"SMITH"},{"floor":12,"key":"REST"},{"floor":15,"key":"REST"}],"neow_cost":"CURSE","seed_source_timestamp":72214193994908,"circlet_count":0,"master_deck":["AscendersBane","Strike_B","Strike_B","Strike_B","Strike_B","Defend_B","Defend_B","Defend_B","Defend_B","Zap","Dualcast","Decay","Rip and Tear","Sunder+1","Conserve Battery","Coolheaded","Streamline+1","Chaos","Compile Driver+1"],"relics":["Cracked Core","Orichalcum","Molten Egg 2"],"potions_floor_usage":[7,8,13,14],"damage_taken":[{"damage":2,"enemies":"2 Louse","floor":1,"turns":2},{"damage":0,"enemies":"Cultist","floor":3,"turns":2},{"damage":27,"enemies":"Lagavulin","floor":7,"turns":5},{"damage":5,"enemies":"Small Slimes","floor":8,"turns":3},{"damage":20,"enemies":"Red Slaver","floor":11,"turns":4},{"damage":11,"enemies":"Exordium Thugs","floor":13,"turns":3},{"damage":0,"enemies":"2 Fungi Beasts","floor":14,"turns":1},{"damage":46,"enemies":"Slime Boss","floor":16,"turns":6}],"seed_played":"-4225722472318493696","potions_obtained":[{"floor":2,"key":"FocusPotion"},{"floor":7,"key":"SpeedPotion"},{"floor":11,"key":"Energy Potion"},{"floor":13,"key":"AttackPotion"}],"is_trial":false,"path_per_floor":["M","?","M","?","$","R","E","M","T","?","M","R","M","M","R","B"],"character_chosen":"DEFECT","items_purchased":["Sunder"],"campfire_rested":2,"item_purchase_floors":[5],"current_hp_per_floor":[62,62,62,62,62,62,35,30,30,30,10,31,20,20,41,0],"gold":635,"neow_bonus":"TWO_FIFTY_GOLD","is_prod":false,"is_daily":false,"chose_seed":false,"campfire_upgraded":1,"win_rate":0,"timestamp":1560477311,"path_taken":["M","?","?","?","$","R","E","M","T","?","M","R","M","M","R","BOSS"],"build_version":"2019-01-23","purchased_purges":1,"victory":false,"max_hp_per_floor":[71,71,71,71,71,71,71,71,71,71,71,71,71,71,71,71],"card_choices":[{"not_picked":["Barrage","Recycle"],"picked":"Rip and Tear","floor":1},{"not_picked":["Chill","Turbo","Fusion"],"picked":"SKIP","floor":3},{"not_picked":["Redo","Lockon"],"picked":"Conserve Battery","floor":7},{"not_picked":["Sweeping Beam","Barrage"],"picked":"Coolheaded","floor":8},{"not_picked":["Scrape+1","Force Field"],"picked":"Streamline+1","floor":11},{"not_picked":["Skim","Heatsinks"],"picked":"Chaos","floor":13},{"not_picked":["Gash+1","Consume"],"picked":"Compile Driver+1","floor":14}],"player_experience":999834,"relics_obtained":[{"floor":7,"key":"Orichalcum"},{"floor":9,"key":"Molten Egg 2"}],"event_choices":[{"damage_healed":0,"gold_gain":0,"player_choice":"Bought 1 Potion","damage_taken":0,"max_hp_gain":0,"max_hp_loss":0,"event_name":"The Woman in Blue","floor":2,"gold_loss":0},{"damage_healed":0,"gold_gain":150,"player_choice":"AGREE","damage_taken":0,"max_hp_gain":0,"max_hp_loss":0,"event_name":"Liars Game","floor":4,"gold_loss":0,"cards_obtained":["Doubt"]},{"damage_healed":0,"gold_gain":73,"player_choice":"Gained Gold","damage_taken":0,"max_hp_gain":0,"max_hp_loss":0,"event_name":"Golden Wing","floor":10,"gold_loss":0}],"is_beta":false,"boss_relics":[],"items_purged_floors":[5],"is_endless":false,"potions_floor_spawned":[7,11,13],"killed_by":"Slime Boss","ascension_level":17}