{"gold_per_floor":[116,43,60,60,25,25,39,67,67,67,67,87,87,122,122,225,225,242,256,109,128,142,142],"floor_reached":23,"playtime":1126,"items_purged":["Strike_B"],"score":231,"play_id":"977f0d62-1209-4b4f-ad6c-c1cfb698e0ee","local_time":"20190202231904","is_ascension_mode":true,"campfire_choices":[{"floor":6,"key":"REST"},{"floor":13,"key":"REST"},{"floor":15,"key":"REST"}],"neow_cost":"PERCENT_DAMAGE","seed_source_timestamp":224841834031833,"circlet_count":0,"master_deck":["Strike_B","Strike_B","Strike_B","Defend_B","Defend_B","Defend_B","Zap","Dualcast","Creative AI+1","Auto Shields","Defragment+1","Self Repair+1","Cold Snap","Rainbow","Coolheaded","Echo Form","Electrodynamics","BootSequence","Defragment","Ball Lightning+1"],"relics":["Cracked Core","Pantograph","Letter Opener","Turnip","Busted Crown"],"potions_floor_usage":[8,23],"damage_taken":[{"damage":6,"enemies":"Cultist","floor":1,"turns":4},{"damage":11,"enemies":"2 Louse","floor":3,"turns":3},{"damage":0,"enemies":"Small Slimes","floor":7,"turns":3},{"damage":20,"enemies":"3 Sentries","floor":8,"turns":8},{"damage":10,"enemies":"3 Louse","floor":12,"turns":3},{"damage":15,"enemies":"Gremlin Nob","floor":14,"turns":4},{"damage":17,"enemies":"The Guardian","floor":16,"turns":12},{"damage":18,"enemies":"3 Byrds","floor":18,"turns":3},{"damage":28,"enemies":"Shell Parasite","floor":19,"turns":6},{"damage":48,"enemies":"3 Cultists","floor":21,"turns":4},{"damage":13,"enemies":"Centurion and Healer","floor":22,"turns":5},{"damage":18,"enemies":"Gremlin Leader","floor":23,"turns":1}],"seed_played":"4035761169564359459","potions_obtained":[{"floor":1,"key":"LiquidBronze"},{"floor":14,"key":"Ancient Potion"},{"floor":21,"key":"SmokeBomb"}],"is_trial":false,"path_per_floor":["M","$","M","?","?","R","M","E","T","?","?","M","R","E","R","B",null,"M","M","$","M","M","E"],"character_chosen":"DEFECT","items_purchased":["Defragment","Defragment"],"campfire_rested":3,"item_purchase_floors":[2,20],"current_hp_per_floor":[48,48,37,22,22,44,54,44,44,44,37,37,59,54,75,75,75,75,67,67,19,16,0],"gold":142,"neow_bonus":"THREE_RARE_CARDS","is_prod":false,"is_daily":false,"chose_seed":false,"campfire_upgraded":0,"win_rate":0,"timestamp":1549167544,"path_taken":["M","$","M","?","?","R","M","E","T","?","?","?","R","E","R","BOSS","M","M","$","M","?","E"],"build_version":"2019-01-23","purchased_purges":1,"victory":false,"max_hp_per_floor":[75,75,75,75,75,75,75,75,75,75,75,75,75,75,75,75,75,75,75,75,75,75,75],"card_choices":[{"not_picked":["Amplify","Meteor Strike"],"picked":"Creative AI","floor":0},{"not_picked":["Stack","Go for the Eyes"],"picked":"Auto Shields","floor":1},{"not_picked":["Turbo","Steam"],"picked":"Self Repair","floor":3},{"not_picked":["Stack","Sunder"],"picked":"Cold Snap","floor":7},{"not_picked":["Scrape","Streamline"],"picked":"Rainbow","floor":8},{"not_picked":["Turbo","Hello World"],"picked":"Coolheaded","floor":12},{"not_picked":["Loop","Darkness"],"picked":"Echo Form","floor":14},{"not_picked":["Machine Learning","Buffer"],"picked":"Electrodynamics","floor":16},{"not_picked":[],"picked":"BootSequence","floor":18},{"not_picked":["Steam"],"picked":"SKIP","floor":19},{"not_picked":["Turbo"],"picked":"SKIP","floor":21},{"not_picked":[],"picked":"Ball Lightning+1","floor":22}],"player_experience":139648,"relics_obtained":[{"floor":8,"key":"Pantograph"},{"floor":9,"key":"Letter Opener"},{"floor":14,"key":"Turnip"}],"event_choices":[{"damage_healed":0,"gold_gain":0,"player_choice":"Entered Light","damage_taken":15,"max_hp_gain":0,"max_hp_loss":0,"event_name":"Shining Light","floor":4,"gold_loss":0,"cards_upgraded":["Self Repair","Defragment"]},{"damage_healed":0,"gold_gain":0,"player_choice":"Left Gold","damage_taken":0,"max_hp_gain":0,"max_hp_loss":0,"event_name":"World of Goop","floor":5,"gold_loss":35},{"damage_healed":0,"gold_gain":0,"player_choice":"Grow","damage_taken":0,"max_hp_gain":0,"max_hp_loss":0,"event_name":"Living Wall","floor":10,"gold_loss":0,"cards_upgraded":["Creative AI"]},{"cards_removed":["Defend_B"],"damage_healed":0,"gold_gain":0,"player_choice":"Card Removal","damage_taken":7,"max_hp_gain":0,"max_hp_loss":0,"event_name":"Golden Wing","floor":11,"gold_loss":0}],"is_beta":false,"boss_relics":[{"not_picked":["Calling Bell","Runic Pyramid"],"picked":"Busted Crown"}],"items_purged_floors":[20],"is_endless":false,"potions_floor_spawned":[1,14,21],"killed_by":"Gremlin Leader","ascension_level":3}