{"gold_per_floor":[119,119,44,57,67,102,102,102,102,113,113,128,128,144,144,249,249,263,274,274,274],"floor_reached":21,"playtime":1075,"items_purged":["Decay"],"score":235,"play_id":"1e09f8ed-b93d-4a93-a314-f91f4b1cc436","local_time":"20190619212558","is_ascension_mode":true,"campfire_choices":[{"data":"Burst","floor":7,"key":"SMITH"},{"floor":13,"key":"REST"},{"data":"Bouncing Flask","floor":15,"key":"SMITH"}],"neow_cost":"NONE","seed_source_timestamp":5605570154314769,"circlet_count":0,"master_deck":["Defend_G","Defend_G","Defend_G","Defend_G","Defend_G","Strike_G","Strike_G","Strike_G","Strike_G","Survivor","Neutralize","Deadly Poison","Deadly Poison","Bouncing Flask+1","Burst+1","Backflip","Acrobatics","Bane"],"relics":["Ring of the Snake","NeowsBlessing","Boot","Mercury Hourglass","Black Star"],"potions_floor_usage":[19,21],"damage_taken":[{"damage":0,"enemies":"Cultist","floor":1,"turns":1},{"damage":0,"enemies":"Jaw Worm","floor":4,"turns":1},{"damage":0,"enemies":"Small Slimes","floor":5,"turns":1},{"damage":22,"enemies":"Lagavulin","floor":6,"turns":6},{"damage":1,"enemies":"Red Slaver","floor":10,"turns":3},{"damage":11,"enemies":"3 Louse","floor":12,"turns":3},{"damage":0,"enemies":"Exordium Wildlife","floor":14,"turns":3},{"damage":1,"enemies":"The Guardian","floor":16,"turns":8},{"damage":29,"enemies":"Spheric Guardian","floor":18,"turns":6},{"damage":23,"enemies":"3 Byrds","floor":19,"turns":4},{"damage":18,"enemies":"Centurion and Healer","floor":21,"turns":7}],"seed_played":"7491290682254363719","potions_obtained":[{"floor":1,"key":"Swift Potion"},{"floor":4,"key":"Ancient Potion"},{"floor":5,"key":"Ancient Potion"},{"floor":18,"key":"EssenceOfSteel"},{"floor":19,"key":"Strength Potion"}],"is_trial":false,"path_per_floor":["M","?","$","M","M","E","R","$","T","M","?","M","R","M","R","B",null,"M","M","?","M"],"character_chosen":"THE_SILENT","items_purchased":[],"campfire_rested":1,"item_purchase_floors":[],"current_hp_per_floor":[63,63,63,63,63,41,41,41,41,40,40,29,50,50,50,49,65,36,13,13,0],"gold":274,"neow_bonus":"THREE_ENEMY_KILL","is_prod":false,"is_daily":false,"chose_seed":false,"campfire_upgraded":2,"win_rate":0,"timestamp":1560997558,"path_taken":["M","?","?","M","?","E","R","$","T","M","?","M","R","M","R","BOSS","M","M","?","?"],"build_version":"2019-01-23","purchased_purges":1,"victory":false,"max_hp_per_floor":[70,70,70,70,70,70,70,70,70,70,70,70,70,70,70,70,70,70,70,70,70],"card_choices":[{"not_picked":["Underhanded Strike","Eviscerate"],"picked":"Deadly Poison","floor":1},{"not_picked":["Blade Dance","Poisoned Stab"],"picked":"Deadly Poison","floor":4},{"not_picked":["Sucker Punch","Expertise"],"picked":"Bouncing Flask","floor":5},{"not_picked":["Crippling Poison","Outmaneuver"],"picked":"Burst","floor":6},{"not_picked":["Cloak And Dagger","Concentrate","Skewer"],"picked":"SKIP","floor":10},{"not_picked":["Leg Sweep","Acrobatics"],"picked":"Backflip","floor":12},{"not_picked":["Sucker Punch","All Out Attack"],"picked":"Acrobatics","floor":14},{"not_picked":["Slice+1","PiercingWail","Blade Dance"],"picked":"SKIP","floor":18},{"not_picked":["Blade Dance","Cloak And Dagger"],"picked":"Bane","floor":19}],"player_experience":135178,"relics_obtained":[{"floor":6,"key":"Boot"},{"floor":9,"key":"Mercury Hourglass"}],"event_choices":[{"damage_healed":0,"gold_gain":0,"player_choice":"Cursed","damage_taken":0,"max_hp_gain":0,"max_hp_loss":0,"event_name":"Wheel of Change","floor":2,"gold_loss":0,"cards_obtained":["Decay"]},{"cards_removed":["Strike_G"],"damage_healed":0,"gold_gain":0,"player_choice":"Forget","damage_taken":0,"max_hp_gain":0,"max_hp_loss":0,"event_name":"Living Wall","floor":11,"gold_loss":0},{"damage_healed":0,"gold_gain":0,"player_choice":"Got Potions","damage_taken":0,"max_hp_gain":0,"max_hp_loss":0,"event_name":"Lab","floor":20,"gold_loss":0}],"is_beta":false,"boss_relics":[{"not_picked":["HoveringKite","Snecko Eye"],"picked":"Black Star"}],"items_purged_floors":[3],"is_endless":false,"potions_floor_spawned":[1,4,5,12,18,19],"killed_by":"Centurion and Healer","ascension_level":6}