{"gold_per_floor":[109,109,119,138,153,153,188,204,231,76,76,102,27,40,40,40],"floor_reached":16,"playtime":656,"items_purged":["Defend_R"],"score":218,"play_id":"b34d7678-898f-4ea2-b623-39f5cf913d61","local_time":"20190701190223","is_ascension_mode":true,"campfire_choices":[{"data":"Seeing Red","floor":6,"key":"SMITH"},{"data":"Berserk","floor":11,"key":"SMITH"},{"data":"Whirlwind","floor":15,"key":"SMITH"}],"neow_cost":"NONE","seed_source_timestamp":1627610337161610,"circlet_count":0,"master_deck":["AscendersBane","Strike_R","Strike_R","Strike_R","Strike_R","Strike_R","Defend_R","Defend_R","Defend_R","Bash","Perfected Strike","Seeing Red+1","Berserk+1","Ghostly Armor","Seeing Red","Shrug It Off","Iron Wave","Pommel Strike","Immolate","Whirlwind+1"],"relics":["Burning Blood","Omamori","Bronze Scales","Centennial Puzzle"],"potions_floor_usage":[5,7,8,16,16],"damage_taken":[{"damage":6,"enemies":"2 Louse","floor":1,"turns":3},{"damage":1,"enemies":"Cultist","floor":3,"turns":3},{"damage":9,"enemies":"Jaw Worm","floor":4,"turns":4},{"damage":10,"enemies":"3 Louse","floor":5,"turns":3},{"damage":7,"enemies":"Lagavulin","floor":7,"turns":7},{"damage":22,"enemies":"Large Slime","floor":8,"turns":7},{"damage":20,"enemies":"3 Sentries","floor":12,"turns":5},{"damage":0,"enemies":"2 Fungi Beasts","floor":14,"turns":2},{"damage":44,"enemies":"Hexaghost","floor":16,"turns":7}],"seed_played":"-7010158699095954330","potions_obtained":[{"floor":1,"key":"FearPotion"},{"floor":4,"key":"SteroidPotion"},{"floor":7,"key":"Ancient Potion"},{"floor":8,"key":"FearPotion"},{"floor":12,"key":"Swift Potion"}],"is_trial":false,"path_per_floor":["M","?","M","M","M","R","E","M","T","$","R","E","$","M","R","B"],"character_chosen":"IRONCLAD","items_purchased":["Immolate"],"campfire_rested":0,"item_purchase_floors":[10],"current_hp_per_floor":[68,68,73,70,66,66,65,49,49,49,49,35,35,41,41,0],"gold":40,"neow_bonus":"THREE_CARDS","is_prod":false,"is_daily":false,"chose_seed":false,"campfire_upgraded":3,"win_rate":0,"timestamp":1562032943,"path_taken":["M","?","M","M","M","R","E","M","T","$","R","E","?","M","R","BOSS"],"build_version":"2019-07-01","purchased_purges":1,"victory":false,"max_hp_per_floor":[75,75,75,75,75,75,75,75,75,75,75,75,75,75,75,75],"card_choices":[{"not_picked":["Pommel Strike","Havoc"],"picked":"Perfected Strike","floor":0},{"not_picked":["Anger","Twin Strike"],"picked":"Seeing Red","floor":1},{"not_picked":["Reckless Charge","Warcry"],"picked":"Ghostly Armor","floor":3},{"not_picked":["Blood for Blood","Feel No Pain"],"picked":"Seeing Red","floor":4},{"not_picked":["Armaments","Intimidate"],"picked":"Shrug It Off","floor":5},{"not_picked":["Sword Boomerang","Reckless Charge"],"picked":"Iron Wave","floor":7},{"not_picked":["Clothesline","Flex"],"picked":"Pommel Strike","floor":8},{"not_picked":["Flex","Sword Boomerang"],"picked":"Whirlwind","floor":12},{"not_picked":["Clash","Iron Wave","Fire Breathing"],"picked":"SKIP","floor":14}],"player_experience":1107772,"relics_obtained":[{"floor":7,"key":"Omamori"},{"floor":9,"key":"Bronze Scales"},{"floor":12,"key":"Centennial Puzzle"}],"event_choices":[{"damage_healed":0,"gold_gain":0,"player_choice":"1 cards matched","damage_taken":0,"max_hp_gain":0,"max_hp_loss":0,"event_name":"Match and Keep!","floor":2,"gold_loss":0,"cards_obtained":["Berserk"]}],"is_beta":false,"boss_relics":[],"items_purged_floors":[13],"is_endless":false,"potions_floor_spawned":[1,4,7,8,12],"killed_by":"Hexaghost","ascension_level":19}