{"gold_per_floor":[113,130,142,67,67,98,114,114,114,148,165,178,205,220,220,321,321,336,336,336,80,98,98,128,144,195,195,226,226,236,36,36,139,139,150,150,160,160,179,179,211,211,234,234,59,70,86,137,137,137],"floor_reached":51,"playtime":2644,"items_purged":["Strike_R","Strike_R","Strike_R"],"score":812,"play_id":"9428700e-fc3e-4d14-a687-be9feae12ca8","local_time":"20190516110944","is_ascension_mode":false,"campfire_choices":[{"data":"Feed","floor":8,"key":"SMITH"},{"data":"Disarm","floor":15,"key":"SMITH"},{"data":"Inflame","floor":23,"key":"SMITH"},{"data":"Double Tap","floor":27,"key":"SMITH"},{"data":"Demon Form","floor":32,"key":"SMITH"},{"data":"Panacea","floor":40,"key":"SMITH"},{"data":"Heavy Blade","floor":42,"key":"SMITH"},{"data":"Metallicize","floor":44,"key":"SMITH"},{"data":"True Grit","floor":49,"key":"SMITH"}],"neow_cost":"PERCENT_DAMAGE","seed_source_timestamp":55318063501599,"circlet_count":0,"master_deck":["Strike_R","Defend_R","Defend_R","Defend_R","Defend_R","Bash","Inflame+1","Sword Boomerang","Shrug It Off","Pommel Strike","Feed+1","Spot Weakness","Double Tap+1","Shrug It Off","Disarm+1","Metallicize+1","Demon Form+1","Heavy Blade+1","Exhume","Metallicize+1","Panacea+1","Finesse","Cleave+1","Parasite","Sword Boomerang","Clothesline+1","True Grit+1","Flex+1","Shockwave+1"],"relics":["Burning Blood","Prayer Wheel","Question Card","Mummified Hand","Shuriken","Bottled Tornado","Busted Crown","MutagenicStrength","PreservedInsect","Regal Pillow","Centennial Puzzle","Bird Faced Urn","OrangePellets","Orrery","Pen Nib","Champion Belt","Bag of Preparation","Gambling Chip"],"potions_floor_usage":[16,16,28,33,50,50],"damage_taken":[{"damage":1,"enemies":"Cultist","floor":1,"turns":3},{"damage":3,"enemies":"Small Slimes","floor":2,"turns":3},{"damage":9,"enemies":"Jaw Worm","floor":3,"turns":4},{"damage":23,"enemies":"3 Sentries","floor":6,"turns":8},{"damage":4,"enemies":"Blue Slaver","floor":7,"turns":4},{"damage":8,"enemies":"Gremlin Nob","floor":10,"turns":3},{"damage":6,"enemies":"Exordium Thugs","floor":11,"turns":3},{"damage":10,"enemies":"Exordium Wildlife","floor":12,"turns":4},{"damage":23,"enemies":"3 Sentries","floor":13,"turns":6},{"damage":7,"enemies":"3 Louse","floor":14,"turns":4},{"damage":26,"enemies":"The Guardian","floor":16,"turns":11},{"damage":4,"enemies":"Shell Parasite","floor":18,"turns":4},{"damage":17,"enemies":"2 Thieves","floor":22,"turns":4},{"damage":34,"enemies":"Gremlin Leader","floor":24,"turns":4},{"damage":5,"enemies":"Shelled Parasite and Fungi","floor":25,"turns":6},{"damage":9,"enemies":"Book of Stabbing","floor":28,"turns":4},{"damage":17,"enemies":"Centurion and Healer","floor":30,"turns":6},{"damage":40,"enemies":"Champ","floor":33,"turns":9},{"damage":17,"enemies":"3 Shapes","floor":35,"turns":7},{"damage":15,"enemies":"3 Darklings","floor":37,"turns":10},{"damage":12,"enemies":"Writhing Mass","floor":39,"turns":8},{"damage":3,"enemies":"Nemesis","floor":41,"turns":7},{"damage":14,"enemies":"Sphere and 2 Shapes","floor":46,"turns":5},{"damage":6,"enemies":"Jaw Worm Horde","floor":47,"turns":6},{"damage":27,"enemies":"2 Orb Walkers","floor":48,"turns":5},{"damage":37,"enemies":"Donu and Deca","floor":50,"turns":8}],"seed_played":"4567171261167670872","potions_obtained":[{"floor":2,"key":"FairyPotion"},{"floor":10,"key":"BloodPotion"},{"floor":12,"key":"LiquidBronze"},{"floor":14,"key":"BloodPotion"},{"floor":22,"key":"GamblersBrew"},{"floor":24,"key":"Explosive Potion"},{"floor":30,"key":"Dexterity Potion"},{"floor":37,"key":"Fire Potion"},{"floor":48,"key":"PowerPotion"}],"is_trial":false,"path_per_floor":["M","M","M","$","?","E","M","R","T","E","M","M","E","M","R","B",null,"M","?","?","$","M","R","E","M","T","R","E","?","M","$","R","B",null,"M","?","M","T","M","R","E","R","T","R","$","M","M","?","R","B",null],"character_chosen":"IRONCLAD","items_purchased":["PreservedInsect","OrangePellets","PowerPotion"],"campfire_rested":0,"item_purchase_floors":[21,31,45],"current_hp_per_floor":[61,64,61,61,54,40,45,45,45,43,43,43,30,33,33,26,102,106,106,106,106,95,95,71,76,76,76,77,77,76,76,76,52,126,127,117,120,120,126,126,141,141,141,141,141,149,158,139,139,124],"gold":137,"neow_bonus":"ONE_RARE_RELIC","is_prod":false,"is_daily":false,"chose_seed":false,"campfire_upgraded":9,"win_rate":0,"timestamp":1558019384,"path_taken":["M","M","M","?","?","E","M","R","T","E","M","M","E","M","R","BOSS","M","?","?","$","M","R","E","M","T","R","E","?","M","$","R","BOSS","M","?","M","?","?","R","E","R","T","R","$","M","M","?","R","BOSS"],"build_version":"2019-01-23","purchased_purges":3,"victory":true,"max_hp_per_floor":[80,80,80,80,80,83,86,86,86,86,86,90,94,98,98,102,102,106,106,106,106,106,106,110,114,114,114,118,118,122,122,122,126,126,134,134,138,138,142,142,146,146,146,146,146,154,158,158,158,162],"card_choices":[{"not_picked":["Anger","Sword Boomerang"],"picked":"Inflame","floor":1},{"not_picked":["Flex","True Grit"],"picked":"Sword Boomerang","floor":1},{"not_picked":["Searing Blow","Flex"],"picked":"Shrug It Off","floor":2},{"not_picked":["Infernal Blade","Burning Pact"],"picked":"Pommel Strike","floor":2},{"not_picked":["Sever Soul","Bloodletting"],"picked":"Feed","floor":3},{"not_picked":["Flex","Metallicize","Perfected Strike"],"picked":"SKIP","floor":3},{"not_picked":["Thunderclap","Sword Boomerang","Wild Strike"],"picked":"SKIP","floor":6},{"not_picked":["Rage","Sword Boomerang","Flex"],"picked":"Spot Weakness","floor":7},{"not_picked":["Thunderclap","Hemokinesis","Warcry","Dropkick"],"picked":"SKIP","floor":7},{"not_picked":["Flex","Headbutt","Evolve"],"picked":"Double Tap","floor":10},{"not_picked":["Carnage","Intimidate","Flex"],"picked":"Shrug It Off","floor":11},{"not_picked":["Warcry","Pommel Strike","True Grit","Thunderclap"],"picked":"SKIP","floor":11},{"not_picked":["Sword Boomerang","Anger","Clash"],"picked":"Disarm","floor":12},{"not_picked":["Corruption","Seeing Red","Anger","Clash"],"picked":"SKIP","floor":12},{"not_picked":["Ghostly Armor","Dark Embrace","Iron Wave","Headbutt"],"picked":"SKIP","floor":13},{"not_picked":["Spot Weakness","Flex","Havoc"],"picked":"Metallicize","floor":14},{"not_picked":["Headbutt","True Grit","Flex","Thunderclap"],"picked":"SKIP","floor":14},{"not_picked":["Juggernaut","Double Tap","Dark Embrace"],"picked":"Demon Form","floor":16},{"not_picked":["Entrench","Anger+1"],"picked":"SKIP","floor":18},{"not_picked":["Rampage","Body Slam+1"],"picked":"SKIP","floor":18},{"not_picked":["Whirlwind"],"picked":"Heavy Blade","floor":22},{"not_picked":["Sever Soul","Anger+1"],"picked":"SKIP","floor":22},{"not_picked":["Dual Wield+1","Power Through"],"picked":"SKIP","floor":24},{"not_picked":["Carnage","Hemokinesis+1"],"picked":"SKIP","floor":25},{"not_picked":["Battle Trance","Havoc"],"picked":"SKIP","floor":25},{"not_picked":["Sentinel","Wild Strike+1"],"picked":"SKIP","floor":28},{"not_picked":["Warcry+1","Dropkick+1"],"picked":"SKIP","floor":30},{"not_picked":["Fire Breathing","Battle Trance"],"picked":"SKIP","floor":30},{"not_picked":["Dark Embrace"],"picked":"Exhume","floor":33},{"not_picked":["Clash"],"picked":"Metallicize+1","floor":34},{"not_picked":["Iron Wave+1","Anger+1"],"picked":"SKIP","floor":35},{"not_picked":["Blood for Blood+1","Combust+1"],"picked":"SKIP","floor":35},{"not_picked":["Swift Strike"],"picked":"Panacea","floor":36},{"not_picked":["Madness"],"picked":"Finesse","floor":36},{"not_picked":["Fire Breathing"],"picked":"Cleave+1","floor":37},{"not_picked":["Rage+1","Perfected Strike"],"picked":"SKIP","floor":37},{"not_picked":["Spot Weakness+1"],"picked":"Sword Boomerang","floor":39},{"not_picked":["Heavy Blade"],"picked":"Clothesline+1","floor":39},{"not_picked":["Dark Embrace"],"picked":"True Grit","floor":41},{"not_picked":["Anger","Headbutt"],"picked":"SKIP","floor":46},{"not_picked":["Anger+1","Clash+1"],"picked":"SKIP","floor":46},{"not_picked":["Pommel Strike+1"],"picked":"Flex+1","floor":47},{"not_picked":["Clothesline+1","Inflame"],"picked":"SKIP","floor":47},{"not_picked":["Rupture+1"],"picked":"Shockwave+1","floor":48}],"player_experience":711035,"relics_obtained":[{"floor":6,"key":"Question Card"},{"floor":9,"key":"Mummified Hand"},{"floor":10,"key":"Shuriken"},{"floor":13,"key":"Bottled Tornado"},{"floor":24,"key":"Regal Pillow"},{"floor":26,"key":"Centennial Puzzle"},{"floor":28,"key":"Bird Faced Urn"},{"floor":38,"key":"Pen Nib"},{"floor":41,"key":"Champion Belt"},{"floor":43,"key":"Bag of Preparation"},{"floor":48,"key":"Gambling Chip"}],"event_choices":[{"cards_removed":["Strike_R"],"damage_healed":0,"gold_gain":0,"player_choice":"Card Removal","damage_taken":7,"max_hp_gain":0,"max_hp_loss":0,"event_name":"Golden Wing","floor":5,"gold_loss":0},{"damage_healed":0,"gold_gain":0,"player_choice":"Inject Mutagens","damage_taken":0,"relics_obtained":["MutagenicStrength"],"max_hp_gain":0,"max_hp_loss":0,"event_name":"Drug Dealer","floor":19,"gold_loss":0},{"damage_healed":0,"gold_gain":0,"player_choice":"Ignored","damage_taken":0,"max_hp_gain":0,"max_hp_loss":0,"event_name":"Vampires","floor":20,"gold_loss":0},{"damage_healed":0,"gold_gain":0,"player_choice":"Ignored","damage_taken":0,"max_hp_gain":0,"max_hp_loss":0,"event_name":"NoteForYourself","floor":29,"gold_loss":0},{"damage_healed":0,"gold_gain":0,"player_choice":"Memory 3","damage_taken":10,"max_hp_gain":0,"max_hp_loss":0,"event_name":"SensoryStone","floor":36,"gold_loss":0},{"damage_healed":0,"gold_gain":0,"player_choice":"Fight","damage_taken":0,"max_hp_gain":0,"max_hp_loss":0,"event_name":"Mysterious Sphere","floor":48,"gold_loss":0}],"is_beta":false,"boss_relics":[{"not_picked":["Coffee Dripper","Empty Cage"],"picked":"Busted Crown"},{"not_picked":["Eternal Feather","Fusion Hammer"],"picked":"Orrery"}],"items_purged_floors":[4,21,45],"is_endless":false,"potions_floor_spawned":[2,10,12,14,22,24,30,37,46,47,48],"ascension_level":0}