{"gold_per_floor":[117,117,37,47,47,79,44,44,67,93,93,126,401,411,411,489,489,507,519,64,164,174,187,237,270,315,343,356,95,95,10,10,84,84,101,101,115,115,135,135,146,146,169,185,205,205,223,273,273,273],"floor_reached":50,"playtime":1677,"items_purged":["Regret"],"score":1038,"play_id":"e8181104-4a07-4f26-939f-329786ceca44","local_time":"20190503011809","is_ascension_mode":true,"campfire_choices":[{"data":"Whirlwind","floor":8,"key":"SMITH"},{"data":"Inflame","floor":11,"key":"SMITH"},{"floor":15,"key":"REST"},{"floor":30,"key":"REST"},{"floor":32,"key":"REST"},{"floor":40,"key":"REST"},{"data":"Strike_R","floor":42,"key":"PURGE"},{"floor":49,"key":"REST"}],"neow_cost":"NONE","seed_source_timestamp":535839982128169,"circlet_count":0,"master_deck":["AscendersBane","Strike_R","Strike_R","Strike_R","Strike_R","Defend_R","Defend_R","Defend_R","Defend_R","Bash","Shockwave+1","Inflame+1","Headbutt","Whirlwind+1","Flex","Carnage","Reaper","Disarm","Apotheosis+1","Inflame","Flame Barrier","Limit Break","Battle Trance","Disarm","Whirlwind+1","Flex","Flame Barrier"],"relics":["Burning Blood","NeowsBlessing","Dodecahedron","Bird Faced Urn","Pen Nib","Incense Burner","Peace Pipe","Fusion Hammer","Lee\u0027s Waffle","Mango","Letter Opener","Ancient Tea Set","Blood Vial","Strawberry","Pantograph","Art of War","Mark of Pain","Smiling Mask"],"potions_floor_usage":[10,19,21,27,35,41,45,50],"damage_taken":[{"damage":0,"enemies":"Small Slimes","floor":1,"turns":2},{"damage":0,"enemies":"Cultist","floor":4,"turns":1},{"damage":0,"enemies":"Gremlin Nob","floor":6,"turns":1},{"damage":30,"enemies":"Lagavulin","floor":10,"turns":4},{"damage":30,"enemies":"3 Sentries","floor":12,"turns":6},{"damage":11,"enemies":"Jaw Worm","floor":14,"turns":3},{"damage":47,"enemies":"Slime Boss","floor":16,"turns":10},{"damage":30,"enemies":"Shell Parasite","floor":18,"turns":4},{"damage":11,"enemies":"Spheric Guardian","floor":19,"turns":3},{"damage":27,"enemies":"Colosseum Slavers","floor":21,"turns":3},{"damage":13,"enemies":"Colosseum Nobs","floor":21,"turns":3},{"damage":11,"enemies":"3 Cultists","floor":22,"turns":3},{"damage":18,"enemies":"Shelled Parasite and Fungi","floor":23,"turns":5},{"damage":34,"enemies":"Book of Stabbing","floor":25,"turns":5},{"damage":44,"enemies":"Slavers","floor":27,"turns":6},{"damage":20,"enemies":"Cultist and Chosen","floor":28,"turns":5},{"damage":75,"enemies":"Champ","floor":33,"turns":10},{"damage":30,"enemies":"3 Darklings","floor":35,"turns":3},{"damage":20,"enemies":"Orb Walker","floor":37,"turns":4},{"damage":10,"enemies":"Transient","floor":39,"turns":5},{"damage":0,"enemies":"Sphere and 2 Shapes","floor":41,"turns":1},{"damage":20,"enemies":"4 Shapes","floor":44,"turns":1},{"damage":0,"enemies":"Jaw Worm Horde","floor":45,"turns":1},{"damage":22,"enemies":"3 Darklings","floor":47,"turns":3},{"damage":118,"enemies":"Awakened One","floor":50,"turns":11}],"seed_played":"452541882145408817","potions_obtained":[{"floor":1,"key":"Poison Potion"},{"floor":10,"key":"BloodPotion"},{"floor":16,"key":"AttackPotion"},{"floor":19,"key":"SpeedPotion"},{"floor":25,"key":"PowerPotion"},{"floor":28,"key":"Explosive Potion"},{"floor":35,"key":"SteroidPotion"},{"floor":37,"key":"SkillPotion"},{"floor":45,"key":"Poison Potion"}],"is_trial":false,"path_per_floor":["M","?","$","M","?","E","?","R","T","E","R","E","?","M","R","B",null,"M","M","$","?","M","M","?","E","T","E","M","$","R","?","R","B",null,"M","?","M","?","M","R","M","R","T","M","M","?","M","?","R","B"],"character_chosen":"IRONCLAD","items_purchased":["Inflame","Lee\u0027s Waffle","Apotheosis","Pantograph"],"campfire_rested":5,"item_purchase_floors":[3,20,20,29],"current_hp_per_floor":[74,74,74,75,57,63,75,75,75,51,51,29,29,24,46,7,58,36,31,82,78,75,65,65,39,39,40,30,30,60,60,90,51,90,68,68,56,61,78,103,103,103,103,89,97,97,87,87,103,0],"gold":273,"neow_bonus":"THREE_ENEMY_KILL","is_prod":false,"is_daily":false,"chose_seed":false,"campfire_upgraded":2,"win_rate":0,"timestamp":1556871489,"path_taken":["M","?","?","M","?","E","?","R","T","E","R","E","?","?","R","BOSS","M","M","$","?","M","M","?","E","T","E","?","$","R","?","R","BOSS","M","?","M","?","M","R","?","R","T","M","M","?","?","?","R","BOSS"],"build_version":"2019-01-23","purchased_purges":1,"victory":false,"max_hp_per_floor":[75,75,75,75,75,75,75,75,75,75,75,75,75,75,75,75,75,75,75,82,96,96,96,96,96,96,103,103,103,103,103,103,103,103,103,103,103,103,103,103,103,103,103,103,103,103,103,103,103,103],"card_choices":[{"not_picked":["Uppercut","Warcry"],"picked":"Shockwave","floor":1},{"not_picked":["Hemokinesis","Sword Boomerang"],"picked":"Headbutt","floor":4},{"not_picked":["Iron Wave","Twin Strike"],"picked":"Whirlwind","floor":6},{"not_picked":["Whirlwind","Wild Strike"],"picked":"Flex","floor":10},{"not_picked":["Corruption","Searing Blow"],"picked":"Cleave","floor":12},{"not_picked":["Cleave","Havoc"],"picked":"Carnage","floor":14},{"not_picked":["Dark Embrace","Brutality"],"picked":"Reaper","floor":16},{"not_picked":["Thunderclap","Reckless Charge","Armaments"],"picked":"SKIP","floor":18},{"not_picked":["Dual Wield","Body Slam"],"picked":"Disarm","floor":19},{"not_picked":["Twin Strike","Body Slam","Brutality"],"picked":"SKIP","floor":22},{"not_picked":["Thunderclap","Dropkick","Intimidate"],"picked":"SKIP","floor":23},{"not_picked":["Carnage","Wild Strike"],"picked":"Inflame","floor":25},{"not_picked":["Whirlwind","Reckless Charge"],"picked":"Flame Barrier","floor":27},{"not_picked":["Clothesline","Body Slam+1","Clash+1"],"picked":"SKIP","floor":28},{"not_picked":["Offering","Bludgeon"],"picked":"Limit Break","floor":33},{"not_picked":["Twin Strike","Intimidate+1"],"picked":"Battle Trance","floor":35},{"not_picked":["Clash","Entrench"],"picked":"Disarm","floor":37},{"not_picked":["Twin Strike","Iron Wave","Clash"],"picked":"SKIP","floor":39},{"not_picked":["Hemokinesis","Spot Weakness"],"picked":"Whirlwind+1","floor":41},{"not_picked":["Perfected Strike","Wild Strike+1","Rampage"],"picked":"SKIP","floor":44},{"not_picked":["Perfected Strike","Pommel Strike"],"picked":"Flex","floor":45},{"not_picked":["Pummel","Cleave"],"picked":"Flame Barrier","floor":47}],"player_experience":869825,"relics_obtained":[{"floor":6,"key":"Bird Faced Urn"},{"floor":9,"key":"Pen Nib"},{"floor":10,"key":"Incense Burner"},{"floor":12,"key":"Peace Pipe"},{"floor":21,"key":"Mango"},{"floor":21,"key":"Letter Opener"},{"floor":25,"key":"Ancient Tea Set"},{"floor":26,"key":"Blood Vial"},{"floor":27,"key":"Strawberry"},{"floor":43,"key":"Smiling Mask"}],"event_choices":[{"damage_healed":0,"gold_gain":0,"player_choice":"Upgraded","damage_taken":0,"max_hp_gain":0,"max_hp_loss":0,"event_name":"Upgrade Shrine","floor":2,"gold_loss":0,"cards_upgraded":["Shockwave"]},{"damage_healed":0,"gold_gain":0,"player_choice":"Success","damage_taken":18,"relics_obtained":["Dodecahedron"],"max_hp_gain":0,"max_hp_loss":0,"event_name":"Scrap Ooze","floor":5,"gold_loss":0},{"damage_healed":18,"gold_gain":0,"player_choice":"Healed","damage_taken":0,"max_hp_gain":0,"max_hp_loss":0,"event_name":"The Cleric","floor":7,"gold_loss":35},{"damage_healed":0,"gold_gain":275,"player_choice":"Desecrate","damage_taken":0,"max_hp_gain":0,"max_hp_loss":0,"event_name":"Golden Shrine","floor":13,"gold_loss":0,"cards_obtained":["Regret"]},{"damage_healed":0,"gold_gain":0,"player_choice":"Fight","damage_taken":0,"max_hp_gain":0,"max_hp_loss":0,"event_name":"Colosseum","floor":21,"gold_loss":0},{"damage_healed":0,"gold_gain":0,"player_choice":"Fought Nobs","damage_taken":0,"max_hp_gain":0,"max_hp_loss":0,"event_name":"Colosseum","floor":21,"gold_loss":0},{"damage_healed":0,"gold_gain":50,"player_choice":"Stole From Cult","damage_taken":0,"max_hp_gain":0,"max_hp_loss":0,"event_name":"Nest","floor":24,"gold_loss":0},{"damage_healed":0,"gold_gain":0,"player_choice":"Obtained Relic","damage_taken":0,"relics_obtained":["Art of War"],"max_hp_gain":0,"max_hp_loss":0,"event_name":"Addict","floor":31,"gold_loss":85},{"damage_healed":0,"gold_gain":0,"player_choice":"Memory 1","damage_taken":0,"max_hp_gain":0,"max_hp_loss":0,"event_name":"SensoryStone","floor":36,"gold_loss":0},{"cards_removed":["Cleave"],"damage_healed":5,"gold_gain":0,"player_choice":"Offered Common","damage_taken":0,"max_hp_gain":0,"max_hp_loss":0,"event_name":"Bonfire Elementals","floor":38,"gold_loss":0},{"cards_removed":["Cleave"],"damage_healed":5,"gold_gain":0,"player_choice":"Offered Special","damage_taken":0,"max_hp_gain":0,"max_hp_loss":0,"event_name":"Bonfire Elementals","floor":38,"gold_loss":0},{"damage_healed":0,"gold_gain":0,"player_choice":"Upgraded","damage_taken":0,"max_hp_gain":0,"max_hp_loss":0,"event_name":"Upgrade Shrine","floor":46,"gold_loss":0,"cards_upgraded":["Apotheosis"]},{"damage_healed":0,"gold_gain":50,"player_choice":"Pray","damage_taken":0,"max_hp_gain":0,"max_hp_loss":0,"event_name":"Golden Shrine","floor":48,"gold_loss":0}],"is_beta":false,"boss_relics":[{"not_picked":["Empty Cage","Ectoplasm"],"picked":"Fusion Hammer"},{"not_picked":["Coffee Dripper","Black Blood"],"picked":"Mark of Pain"}],"items_purged_floors":[20],"is_endless":false,"potions_floor_spawned":[1,10,16,19,25,28,33,35,37,45],"killed_by":"Awakened One","ascension_level":15}