{"gold_per_floor":[114,133,153,153,172,202,202,1,1,1,1,36,52,80,80,80],"floor_reached":16,"playtime":1797,"items_purged":[],"score":156,"play_id":"95c5bfab-91a1-4d52-a080-71e96dcafcfa","local_time":"20190629145832","is_ascension_mode":true,"campfire_choices":[{"data":"Armaments","floor":7,"key":"SMITH"},{"floor":10,"key":"REST"},{"floor":15,"key":"REST"}],"neow_cost":"NONE","seed_source_timestamp":3860880832000,"circlet_count":0,"master_deck":["Strike_R","Strike_R","Strike_R","Strike_R","Strike_R","Defend_R","Defend_R","Defend_R","Defend_R","Bash","Offering","Armaments+1","Sword Boomerang","Perfected Strike","Inflame","Ghostly Armor","Uppercut","Rampage","Shrug It Off"],"relics":["Burning Blood","Peace Pipe","ClockworkSouvenir","Bottled Flame","Ornamental Fan","Boot"],"potions_floor_usage":[13,13,13],"damage_taken":[{"damage":6,"enemies":"Cultist","floor":1,"turns":4},{"damage":0,"enemies":"Small Slimes","floor":2,"turns":3},{"damage":2,"enemies":"2 Louse","floor":3,"turns":3},{"damage":12,"enemies":"Exordium Wildlife","floor":5,"turns":3},{"damage":46,"enemies":"3 Sentries","floor":6,"turns":8},{"damage":28,"enemies":"Lagavulin","floor":12,"turns":5},{"damage":0,"enemies":"2 Fungi Beasts","floor":13,"turns":2},{"damage":24,"enemies":"Gremlin Nob","floor":14,"turns":4},{"damage":48,"enemies":"Slime Boss","floor":16,"turns":8}],"seed_played":"5770396592190275336","potions_obtained":[{"floor":2,"key":"LiquidBronze"},{"floor":3,"key":"LiquidBronze"},{"floor":4,"key":"SkillPotion"},{"floor":4,"key":"EssenceOfSteel"},{"floor":4,"key":"AttackPotion"}],"is_trial":false,"path_per_floor":["M","M","M","?","M","E","R","$","T","R","$","E","M","E","R","B"],"character_chosen":"IRONCLAD","items_purchased":["ClockworkSouvenir"],"campfire_rested":2,"item_purchase_floors":[8],"current_hp_per_floor":[72,78,80,80,74,34,34,34,34,58,58,36,42,24,48,0],"gold":80,"neow_bonus":"ONE_RANDOM_RARE_CARD","is_prod":false,"is_daily":false,"chose_seed":false,"campfire_upgraded":1,"win_rate":0,"timestamp":1561816712,"path_taken":["M","?","M","?","M","E","R","$","T","R","$","E","M","E","R","BOSS"],"build_version":"2019-01-23","purchased_purges":0,"victory":false,"max_hp_per_floor":[80,80,80,80,80,80,80,80,80,80,80,80,80,80,80,80],"card_choices":[{"not_picked":["Warcry","Thunderclap"],"picked":"Armaments","floor":1},{"not_picked":["True Grit","Limit Break"],"picked":"Sword Boomerang","floor":2},{"not_picked":["Power Through","Clash"],"picked":"Perfected Strike","floor":3},{"not_picked":["Entrench","Clash"],"picked":"Inflame","floor":5},{"not_picked":["Hemokinesis","Headbutt"],"picked":"Ghostly Armor","floor":6},{"not_picked":["Corruption","Sword Boomerang"],"picked":"Uppercut","floor":12},{"not_picked":["Power Through","Flex"],"picked":"Rampage","floor":13},{"not_picked":["Wild Strike","Armaments"],"picked":"Shrug It Off","floor":14}],"player_experience":859108,"relics_obtained":[{"floor":6,"key":"Peace Pipe"},{"floor":9,"key":"Bottled Flame"},{"floor":12,"key":"Ornamental Fan"},{"floor":14,"key":"Boot"}],"event_choices":[{"damage_healed":0,"gold_gain":0,"player_choice":"Got Potions","damage_taken":0,"max_hp_gain":0,"max_hp_loss":0,"event_name":"Lab","floor":4,"gold_loss":0}],"is_beta":false,"boss_relics":[],"items_purged_floors":[],"is_endless":false,"potions_floor_spawned":[2,3,5,6],"killed_by":"Slime Boss","ascension_level":6}