{"gold_per_floor":[112,262,162,177,196,196,224,224,249,268,282,282,302,72,72,143,143,155,171,93,93],"floor_reached":21,"playtime":919,"items_purged":["Doubt"],"score":344,"play_id":"c4ea8ad4-a06b-479d-aa15-b38d1f7e3c03","local_time":"20190613221141","is_ascension_mode":true,"campfire_choices":[{"data":"Fiend Fire","floor":6,"key":"SMITH"},{"data":"Carnage","floor":8,"key":"SMITH"},{"data":"Metamorphosis","floor":15,"key":"SMITH"}],"neow_cost":"NONE","seed_source_timestamp":83517731965051,"circlet_count":0,"master_deck":["AscendersBane","Strike_R","Strike_R","Strike_R","Defend_R","Defend_R","Defend_R","Defend_R","Bash","Fiend Fire+1","Carnage+1","Shrug It Off","Shrug It Off","Pommel Strike","Wild Strike","Second Wind","Metamorphosis+1","Shrug It Off","Double Tap","Combust+1","Normality","Juggernaut+1","Headbutt+1","Pommel Strike+1","Metallicize"],"relics":["Burning Blood","Dream Catcher","Pen Nib","Vajra","Astrolabe"],"potions_floor_usage":[7,16,19],"damage_taken":[{"damage":10,"enemies":"2 Louse","floor":1,"turns":3},{"damage":7,"enemies":"Jaw Worm","floor":4,"turns":3},{"damage":0,"enemies":"Cultist","floor":5,"turns":2},{"damage":25,"enemies":"3 Sentries","floor":7,"turns":5},{"damage":6,"enemies":"Looter","floor":10,"turns":2},{"damage":5,"enemies":"Blue Slaver","floor":11,"turns":2},{"damage":4,"enemies":"2 Fungi Beasts","floor":13,"turns":3},{"damage":43,"enemies":"Hexaghost","floor":16,"turns":8},{"damage":34,"enemies":"Chosen","floor":18,"turns":6},{"damage":22,"enemies":"2 Thieves","floor":19,"turns":3},{"damage":33,"enemies":"3 Cultists","floor":21,"turns":4}],"seed_played":"6873975015167397833","potions_obtained":[{"floor":4,"key":"AttackPotion"},{"floor":11,"key":"Regen Potion"},{"floor":13,"key":"Ancient Potion"},{"floor":18,"key":"Fire Potion"}],"is_trial":false,"path_per_floor":["M","?","$","M","M","R","E","R","T","M","M","?","M","$","R","B",null,"M","M","$","M"],"character_chosen":"IRONCLAD","items_purchased":["Shrug It Off","Metamorphosis","Shrug It Off","Metallicize"],"campfire_rested":0,"item_purchase_floors":[3,14,14,20],"current_hp_per_floor":[64,64,64,63,69,69,50,50,50,50,51,51,53,53,53,31,64,36,20,20,0],"gold":93,"neow_bonus":"ONE_RANDOM_RARE_CARD","is_prod":false,"is_daily":false,"chose_seed":false,"campfire_upgraded":3,"win_rate":0,"timestamp":1560489101,"path_taken":["M","?","$","M","M","R","E","R","T","M","M","?","M","$","R","BOSS","M","M","$","M"],"build_version":"2019-01-23","purchased_purges":1,"victory":false,"max_hp_per_floor":[75,75,75,75,75,75,75,75,75,75,75,75,75,75,75,75,75,75,75,75,75],"card_choices":[{"not_picked":["Shrug It Off","Bloodletting"],"picked":"Carnage","floor":1},{"not_picked":["Clothesline","Warcry"],"picked":"Shrug It Off","floor":4},{"not_picked":["Armaments","Sword Boomerang","Pommel Strike"],"picked":"SKIP","floor":5},{"not_picked":["Intimidate","Reckless Charge"],"picked":"Pommel Strike","floor":7},{"not_picked":["Intimidate","Reckless Charge","Clothesline"],"picked":"SKIP","floor":10},{"not_picked":["Reaper","Rage"],"picked":"Wild Strike","floor":11},{"not_picked":["Reckless Charge","Clothesline"],"picked":"Second Wind","floor":13},{"not_picked":["Immolate","Brutality"],"picked":"Double Tap","floor":16},{"not_picked":["Flex","Dropkick"],"picked":"Headbutt+1","floor":18},{"not_picked":["Armaments","Heavy Blade"],"picked":"Pommel Strike+1","floor":19}],"player_experience":1005411,"relics_obtained":[{"floor":7,"key":"Dream Catcher"},{"floor":9,"key":"Pen Nib"}],"event_choices":[{"damage_healed":0,"gold_gain":150,"player_choice":"AGREE","damage_taken":0,"max_hp_gain":0,"max_hp_loss":0,"event_name":"Liars Game","floor":2,"gold_loss":0,"cards_obtained":["Doubt"]},{"damage_healed":0,"gold_gain":0,"player_choice":"Box","damage_taken":0,"relics_obtained":["Vajra"],"max_hp_gain":0,"max_hp_loss":0,"event_name":"Big Fish","floor":12,"gold_loss":0,"cards_obtained":["Regret"]}],"is_beta":false,"boss_relics":[{"not_picked":["Runic Cube","White Beast Statue"],"picked":"Astrolabe"}],"items_purged_floors":[3],"is_endless":false,"potions_floor_spawned":[4,11,13,18],"killed_by":"3 Cultists","ascension_level":18}