{"gold_per_floor":[111,127,202,222,172,205,205,205,205,205,222,232,267,281,281,383,383,395,64,64,83,83,95,62,62,62,75,75,75,75,85,85,85],"floor_reached":33,"playtime":1295,"items_purged":[],"score":408,"play_id":"a44e0c23-9276-46af-b8a0-32af610fce5c","local_time":"20190313120653","is_ascension_mode":true,"campfire_choices":[{"data":"Armaments","floor":7,"key":"SMITH"},{"data":"Limit Break","floor":10,"key":"SMITH"},{"data":"Body Slam","floor":15,"key":"SMITH"},{"floor":23,"key":"REST"},{"data":"Body Slam","floor":25,"key":"SMITH"},{"data":"Spot Weakness","floor":30,"key":"SMITH"},{"floor":32,"key":"REST"}],"neow_cost":"NONE","seed_source_timestamp":2216428684617760,"circlet_count":0,"master_deck":["AscendersBane","Strike_R","Strike_R","Strike_R","Strike_R","Defend_R","Defend_R","Defend_R","Defend_R","Bash","Clothesline","Armaments+1","Thunderclap","Clash","Limit Break+1","Body Slam+1","Body Slam+1","Immolate","Reaper","Armaments","Spot Weakness+1","Iron Wave","Shrug It Off","Metallicize+1","Limit Break+1","Clash"],"relics":["Burning Blood","Calipers","Shuriken","Anchor","Eternal Feather","Frozen Egg 2","MawBank","Ginger","Nilry\u0027s Codex"],"potions_floor_usage":[6,13,16,16,16,21,27,31],"damage_taken":[{"damage":8,"enemies":"2 Louse","floor":1,"turns":3},{"damage":0,"enemies":"Cultist","floor":2,"turns":4},{"damage":2,"enemies":"Small Slimes","floor":4,"turns":4},{"damage":20,"enemies":"3 Sentries","floor":6,"turns":10},{"damage":0,"enemies":"Exordium Wildlife","floor":11,"turns":3},{"damage":5,"enemies":"Blue Slaver","floor":12,"turns":4},{"damage":36,"enemies":"Lagavulin","floor":13,"turns":6},{"damage":3,"enemies":"Looter","floor":14,"turns":3},{"damage":30,"enemies":"Hexaghost","floor":16,"turns":9},{"damage":45,"enemies":"Shell Parasite","floor":18,"turns":8},{"damage":18,"enemies":"Spheric Guardian","floor":21,"turns":4},{"damage":15,"enemies":"Snake Plant","floor":27,"turns":4},{"damage":21,"enemies":"Cultist and Chosen","floor":31,"turns":5},{"damage":85,"enemies":"Automaton","floor":33,"turns":6}],"seed_played":"9145405332358618091","potions_obtained":[{"floor":1,"key":"EssenceOfSteel"},{"floor":4,"key":"Weak Potion"},{"floor":8,"key":"EntropicBrew"},{"floor":8,"key":"FairyPotion"},{"floor":11,"key":"Regen Potion"},{"floor":18,"key":"Dexterity Potion"},{"floor":21,"key":"Energy Potion"},{"floor":27,"key":"Poison Potion"}],"is_trial":false,"path_per_floor":["M","M","?","M","?","E","R","?","T","R","M","M","E","M","R","B",null,"M","$","?","M","?","R","$","R","T","M","?","?","R","M","R","B"],"character_chosen":"IRONCLAD","items_purchased":["Frozen Egg 2","Spot Weakness","Shrug It Off"],"campfire_rested":2,"item_purchase_floors":[19,19,24],"current_hp_per_floor":[70,76,65,69,69,55,55,55,55,55,61,62,41,44,44,20,65,26,26,26,14,14,50,50,62,62,53,37,37,52,49,80,0],"gold":85,"neow_bonus":"THREE_CARDS","is_prod":false,"is_daily":false,"chose_seed":false,"campfire_upgraded":5,"win_rate":0,"timestamp":1552493213,"path_taken":["M","M","?","M","?","E","R","?","T","R","?","M","E","?","R","BOSS","M","$","?","M","?","R","$","R","T","M","?","?","R","?","R","BOSS"],"build_version":"2019-01-23","purchased_purges":0,"victory":false,"max_hp_per_floor":[80,80,80,80,80,80,80,80,80,80,80,80,80,80,80,80,80,80,80,80,80,80,80,80,80,80,80,80,80,80,80,80,80],"card_choices":[{"not_picked":["Warcry","Ghostly Armor"],"picked":"Clothesline","floor":0},{"not_picked":["Warcry","Shrug It Off"],"picked":"Armaments","floor":1},{"not_picked":["Ghostly Armor","Sword Boomerang"],"picked":"Thunderclap","floor":2},{"not_picked":["Sword Boomerang","Iron Wave"],"picked":"Clash","floor":4},{"not_picked":["True Grit","Rampage"],"picked":"Limit Break","floor":6},{"not_picked":["Iron Wave","Anger"],"picked":"Body Slam","floor":11},{"not_picked":["Battle Trance","Infernal Blade"],"picked":"Body Slam","floor":12},{"not_picked":["Thunderclap","Flex"],"picked":"Immolate","floor":13},{"not_picked":["Wild Strike","Armaments","Headbutt"],"picked":"SKIP","floor":14},{"not_picked":["Immolate","Bludgeon"],"picked":"Reaper","floor":16},{"not_picked":["Pommel Strike","Twin Strike"],"picked":"Armaments","floor":18},{"not_picked":["Warcry","Wild Strike"],"picked":"Iron Wave","floor":21},{"not_picked":["Pommel Strike","Clothesline"],"picked":"Metallicize+1","floor":27},{"not_picked":["Clothesline+1","Twin Strike"],"picked":"Clash","floor":31}],"player_experience":380295,"relics_obtained":[{"floor":6,"key":"Calipers"},{"floor":9,"key":"Shuriken"},{"floor":13,"key":"Anchor"},{"floor":26,"key":"Ginger"},{"floor":28,"key":"Nilry\u0027s Codex"}],"event_choices":[{"damage_healed":0,"gold_gain":75,"player_choice":"Gather Gold","damage_taken":11,"max_hp_gain":0,"max_hp_loss":0,"event_name":"World of Goop","floor":3,"gold_loss":0},{"cards_removed":["Strike_R"],"damage_healed":0,"gold_gain":0,"player_choice":"Card Removal","damage_taken":0,"max_hp_gain":0,"max_hp_loss":0,"event_name":"The Cleric","floor":5,"gold_loss":50},{"damage_healed":0,"gold_gain":0,"player_choice":"Got Potions","damage_taken":0,"max_hp_gain":0,"max_hp_loss":0,"event_name":"Lab","floor":8,"gold_loss":0},{"damage_healed":0,"gold_gain":0,"player_choice":"Ignored","damage_taken":0,"max_hp_gain":0,"max_hp_loss":0,"event_name":"Ghosts","floor":20,"gold_loss":0},{"damage_healed":0,"gold_gain":0,"player_choice":"Opened","damage_taken":0,"relics_obtained":["MawBank"],"max_hp_gain":0,"max_hp_loss":0,"event_name":"The Mausoleum","floor":22,"gold_loss":0},{"damage_healed":0,"gold_gain":0,"player_choice":"Obtained Book","damage_taken":16,"max_hp_gain":0,"max_hp_loss":0,"event_name":"Cursed Tome","floor":28,"gold_loss":0},{"damage_healed":0,"gold_gain":0,"player_choice":"Copied","damage_taken":0,"max_hp_gain":0,"max_hp_loss":0,"event_name":"Duplicator","floor":29,"gold_loss":0,"cards_obtained":["Limit Break"]}],"is_beta":false,"boss_relics":[{"not_picked":["Pandora\u0027s Box","Astrolabe"],"picked":"Eternal Feather"}],"items_purged_floors":[],"is_endless":false,"potions_floor_spawned":[1,4,11,12,18,21,27],"killed_by":"Automaton","ascension_level":12}