{"gold_per_floor":[118,118,118,36,56,56,92,92,92,110,133,168,182,182,182,311,374,399,399,419,419,419,419,448,460,487,487,502,502,512,532,532,631,631,647,99,114,127,127,161,0,0,0,0,100,133,145,157,169,181],"floor_reached":51,"playtime":2868,"items_purged":["Scrape"],"score":733,"play_id":"98d796ba-82ce-43a8-8e97-9ff275195e54","local_time":"20190510231439","is_ascension_mode":false,"campfire_choices":[{"data":"Redo","floor":6,"key":"SMITH"},{"data":"Dualcast","floor":8,"key":"SMITH"},{"floor":15,"key":"REST"},{"data":"Double Energy","floor":23,"key":"SMITH"},{"floor":27,"key":"REST"},{"data":"Redo","floor":32,"key":"SMITH"},{"data":"Self Repair","floor":42,"key":"SMITH"},{"floor":44,"key":"REST"},{"data":"Redo","floor":47,"key":"SMITH"},{"data":"Electrodynamics","floor":49,"key":"SMITH"}],"neow_cost":"NONE","seed_source_timestamp":1084569765594424,"circlet_count":0,"master_deck":["Strike_B","Strike_B+1","Defend_B","Defend_B","Defend_B","Zap","Dualcast+1","Electrodynamics+1","Redo+1","FTL","Rebound+1","Undo","Reprogram","Defragment+1","Storm+1","Thunder Strike","Double Energy+1","Defragment","Turbo","Hologram","Seek","Redo+1","Static Discharge+1","Static Discharge","Self Repair+1","Storm+1","Conserve Battery+1","Redo+1"],"relics":["Cracked Core","Bloody Idol","Question Card","Darkstone Periapt","Meat on the Bone","Tiny House","Bottled Tornado","Whetstone","Busted Crown","Centennial Puzzle","Frozen Egg 2","Art of War","Red Mask","Letter Opener","Pocketwatch","MawBank"],"potions_floor_usage":[12,12,16,18,18,28,30,31,33,46,46],"damage_taken":[{"damage":6,"enemies":"Jaw Worm","floor":1,"turns":3},{"damage":0,"enemies":"Small Slimes","floor":5,"turns":3},{"damage":9,"enemies":"3 Sentries","floor":7,"turns":3},{"damage":0,"enemies":"Cultist","floor":10,"turns":2},{"damage":3,"enemies":"Large Slime","floor":11,"turns":3},{"damage":3,"enemies":"Gremlin Nob","floor":12,"turns":4},{"damage":5,"enemies":"Looter","floor":13,"turns":2},{"damage":30,"enemies":"The Guardian","floor":16,"turns":10},{"damage":14,"enemies":"Shell Parasite","floor":18,"turns":4},{"damage":30,"enemies":"2 Thieves","floor":20,"turns":3},{"damage":42,"enemies":"Book of Stabbing","floor":24,"turns":5},{"damage":0,"enemies":"3 Cultists","floor":25,"turns":2},{"damage":0,"enemies":"Cultist and Chosen","floor":28,"turns":3},{"damage":15,"enemies":"Centurion and Healer","floor":30,"turns":2},{"damage":8,"enemies":"Snake Plant","floor":31,"turns":3},{"damage":34,"enemies":"Collector","floor":33,"turns":7},{"damage":27,"enemies":"3 Shapes","floor":35,"turns":2},{"damage":5,"enemies":"Orb Walker","floor":37,"turns":3},{"damage":30,"enemies":"Spire Growth","floor":38,"turns":3},{"damage":20,"enemies":"Reptomancer","floor":40,"turns":3},{"damage":27,"enemies":"Mind Bloom Boss Battle","floor":45,"turns":3},{"damage":32,"enemies":"Giant Head","floor":46,"turns":6},{"damage":33,"enemies":"Donu and Deca","floor":50,"turns":3}],"seed_played":"4567867124508226181","potions_obtained":[{"floor":7,"key":"Block Potion"},{"floor":10,"key":"SteroidPotion"},{"floor":11,"key":"Block Potion"},{"floor":16,"key":"Energy Potion"},{"floor":17,"key":"Swift Potion"},{"floor":24,"key":"Block Potion"},{"floor":25,"key":"Energy Potion"},{"floor":30,"key":"Swift Potion"},{"floor":31,"key":"EssenceOfSteel"},{"floor":40,"key":"Regen Potion"},{"floor":45,"key":"Swift Potion"}],"is_trial":false,"path_per_floor":["M","?","?","$","M","R","E","R","T","M","M","E","M","?","R","B",null,"M","?","M","?","?","R","E","M","T","R","M","?","M","M","R","B",null,"M","$","M","M","?","E","?","R","T","R","?","E","R","?","R","B",null],"character_chosen":"DEFECT","items_purchased":["FTL","Self Repair","Centennial Puzzle","Frozen Egg 2"],"campfire_rested":3,"item_purchase_floors":[4,36,36,36],"current_hp_per_floor":[69,69,69,69,69,69,60,60,60,60,57,54,49,49,69,39,74,60,60,52,52,52,52,27,44,49,71,74,74,64,61,61,44,74,52,52,59,53,53,50,50,50,50,72,50,60,65,70,70,47],"gold":193,"neow_bonus":"TRANSFORM_CARD","is_prod":false,"is_daily":false,"chose_seed":false,"campfire_upgraded":7,"win_rate":0,"timestamp":1557555279,"path_taken":["M","?","?","?","M","R","E","R","T","?","M","E","M","?","R","BOSS","M","?","M","?","?","R","E","?","T","R","?","?","M","M","R","BOSS","M","$","M","M","?","E","?","R","T","R","?","E","R","?","R","BOSS"],"build_version":"2019-01-23","purchased_purges":1,"victory":true,"max_hp_per_floor":[75,75,69,69,69,69,69,69,69,69,69,69,69,69,69,69,74,74,74,74,74,74,74,74,74,74,74,74,74,74,74,74,74,74,74,74,74,74,74,74,74,74,74,74,74,74,74,70,70,70],"card_choices":[{"not_picked":["Cold Snap","Compile Driver"],"picked":"Redo","floor":1},{"not_picked":["Leap","Melter"],"picked":"Rebound","floor":5},{"not_picked":["Barrage","Buffer"],"picked":"Undo","floor":7},{"not_picked":["Sweeping Beam","Beam Cell","White Noise","Stack"],"picked":"SKIP","floor":10},{"not_picked":["Beam Cell","Rip and Tear","Rebound"],"picked":"Reprogram","floor":11},{"not_picked":["Rebound","Melter","Barrage"],"picked":"Defragment","floor":12},{"not_picked":["Leap","Undo","Coolheaded"],"picked":"Storm","floor":13},{"not_picked":["Core Surge","Fission","Echo Form"],"picked":"Thunder Strike","floor":16},{"not_picked":["Coolheaded","Leap","Sweeping Beam"],"picked":"Double Energy","floor":17},{"not_picked":["BootSequence+1","Leap+1","Steam"],"picked":"Defragment","floor":18},{"not_picked":["Cold Snap","Rip and Tear","Skim"],"picked":"Turbo","floor":20},{"not_picked":["Buffer","Scrape+1","BootSequence"],"picked":"Seek","floor":24},{"not_picked":["Sweeping Beam","Compile Driver","Go for the Eyes+1"],"picked":"Redo","floor":25},{"not_picked":["Chaos","Steam Power+1","Compile Driver"],"picked":"Aggregate","floor":28},{"not_picked":["Beam Cell","Steam Power","Consume"],"picked":"Static Discharge+1","floor":30},{"not_picked":["Stack","Melter","Coolheaded","Beam Cell"],"picked":"SKIP","floor":31},{"not_picked":["BootSequence"],"picked":"Static Discharge","floor":35},{"not_picked":["Go for the Eyes","Recycle"],"picked":"SKIP","floor":37},{"not_picked":["Coolheaded+1"],"picked":"Storm+1","floor":38},{"not_picked":["Rip and Tear+1"],"picked":"Conserve Battery+1","floor":40},{"not_picked":["BootSequence"],"picked":"Redo","floor":46}],"player_experience":160766,"relics_obtained":[{"floor":7,"key":"Question Card"},{"floor":9,"key":"Darkstone Periapt"},{"floor":12,"key":"Meat on the Bone"},{"floor":24,"key":"Bottled Tornado"},{"floor":26,"key":"Whetstone"},{"floor":40,"key":"Art of War"},{"floor":43,"key":"Letter Opener"},{"floor":45,"key":"Pocketwatch"},{"floor":46,"key":"MawBank"}],"event_choices":[{"damage_healed":0,"gold_gain":0,"player_choice":"Ignored","damage_taken":0,"max_hp_gain":0,"max_hp_loss":0,"event_name":"Liars Game","floor":2,"gold_loss":0},{"damage_healed":0,"gold_gain":0,"player_choice":"Lose Max HP","damage_taken":0,"relics_obtained":["Golden Idol"],"max_hp_gain":0,"max_hp_loss":6,"event_name":"Golden Idol","floor":3,"gold_loss":0},{"damage_healed":0,"gold_gain":0,"player_choice":"Grow","damage_taken":0,"max_hp_gain":0,"max_hp_loss":0,"event_name":"Living Wall","floor":14,"gold_loss":0,"cards_upgraded":["Storm"]},{"damage_healed":0,"gold_gain":0,"player_choice":"Gave Idol","damage_taken":0,"relics_obtained":["Bloody Idol"],"max_hp_gain":0,"max_hp_loss":0,"event_name":"Forgotten Altar","floor":19,"relics_lost":["Golden Idol"],"gold_loss":0},{"damage_healed":0,"gold_gain":0,"cards_transformed":["Defend_B","Strike_B"],"player_choice":"Became Test Subject","damage_taken":0,"max_hp_gain":0,"max_hp_loss":0,"event_name":"Drug Dealer","floor":21,"gold_loss":0,"cards_obtained":["Hologram","Scrape"]},{"damage_healed":0,"gold_gain":0,"player_choice":"Ignored","damage_taken":0,"max_hp_gain":0,"max_hp_loss":0,"event_name":"Vampires","floor":22,"gold_loss":0},{"damage_healed":0,"gold_gain":0,"player_choice":"Ignored","damage_taken":0,"max_hp_gain":0,"max_hp_loss":0,"event_name":"The Mausoleum","floor":29,"gold_loss":0},{"cards_removed":["Aggregate"],"damage_healed":0,"gold_gain":0,"player_choice":"Removed Skill","damage_taken":0,"max_hp_gain":0,"max_hp_loss":0,"event_name":"Falling","floor":39,"gold_loss":0},{"damage_healed":0,"gold_gain":0,"player_choice":"Paid","damage_taken":0,"relics_obtained":["Red Mask"],"max_hp_gain":0,"max_hp_loss":0,"event_name":"Tomb of Lord Red Mask","floor":41,"gold_loss":161},{"damage_healed":0,"gold_gain":0,"player_choice":"Fight","damage_taken":0,"max_hp_gain":0,"max_hp_loss":0,"event_name":"MindBloom","floor":45,"gold_loss":0},{"damage_healed":0,"gold_gain":0,"player_choice":"Max HP","damage_taken":0,"max_hp_gain":0,"max_hp_loss":4,"event_name":"Winding Halls","floor":48,"gold_loss":0}],"is_beta":false,"boss_relics":[{"not_picked":["Calling Bell","FrozenCore"],"picked":"Tiny House"},{"not_picked":["Lizard Tail","Cursed Key"],"picked":"Busted Crown"}],"items_purged_floors":[36],"is_endless":false,"potions_floor_spawned":[7,10,11,16,24,25,30,31,40,45],"ascension_level":0}