{"gold_per_floor":[114,114,133,18,28,28,48,48,48,76,90,102,127,302,302,407,407,426,129,129,129,145,173,173,185,265,278,294,294,309,309,309,309],"floor_reached":33,"playtime":1708,"items_purged":["Parasite","Doubt"],"score":349,"play_id":"2832ac4a-4a91-4597-968d-edde043ac797","local_time":"20190210223806","is_ascension_mode":true,"campfire_choices":[{"data":"Zap","floor":6,"key":"SMITH"},{"data":"Dualcast","floor":8,"key":"SMITH"},{"floor":15,"key":"REST"},{"floor":24,"key":"REST"},{"floor":29,"key":"REST"},{"floor":32,"key":"REST"}],"neow_cost":"CURSE","seed_source_timestamp":913028760879001,"circlet_count":0,"master_deck":["Strike_B","Strike_B","Strike_B","Defend_B","Defend_B","Defend_B","Defend_B","Zap+1","Dualcast+1","Sweeping Beam","FTL","Static Discharge","BootSequence","Cold Snap","Coolheaded","Sweeping Beam+1","Leap","Capacitor","Electrodynamics","Go for the Eyes+1","Beam Cell+1","Creative AI","Genetic Algorithm","Glacier","Loop","Stack+1"],"relics":["Cracked Core","Ginger","Molten Egg 2","Darkstone Periapt","Boot","MutagenicStrength","DataDisk","Bottled Tornado"],"potions_floor_usage":[7,16,16,16,25,31,31],"damage_taken":[{"damage":10,"enemies":"Small Slimes","floor":1,"turns":3},{"damage":0,"enemies":"2 Louse","floor":3,"turns":2},{"damage":2,"enemies":"Jaw Worm","floor":5,"turns":2},{"damage":0,"enemies":"2 Fungi Beasts","floor":7,"turns":2},{"damage":23,"enemies":"3 Sentries","floor":10,"turns":6},{"damage":0,"enemies":"Large Slime","floor":11,"turns":3},{"damage":0,"enemies":"Looter","floor":12,"turns":2},{"damage":24,"enemies":"Gremlin Nob","floor":13,"turns":5},{"damage":5,"enemies":"Slime Boss","floor":16,"turns":10},{"damage":0,"enemies":"3 Byrds","floor":18,"turns":2},{"damage":36,"enemies":"Shell Parasite","floor":22,"turns":9},{"damage":29,"enemies":"Gremlin Leader","floor":23,"turns":6},{"damage":18,"enemies":"Snake Plant","floor":25,"turns":4},{"damage":13,"enemies":"Sentry and Sphere","floor":27,"turns":4},{"damage":6,"enemies":"Cultist and Chosen","floor":28,"turns":3},{"damage":4,"enemies":"Snecko","floor":30,"turns":6},{"damage":0,"enemies":"Colosseum Slavers","floor":31,"turns":4},{"damage":86,"enemies":"Champ","floor":33,"turns":14}],"seed_played":"-3796498784424038217","potions_obtained":[{"floor":1,"key":"Explosive Potion"},{"floor":5,"key":"SteroidPotion"},{"floor":7,"key":"Regen Potion"},{"floor":11,"key":"FocusPotion"},{"floor":18,"key":"GamblersBrew"},{"floor":22,"key":"FairyPotion"},{"floor":25,"key":"Regen Potion"},{"floor":27,"key":"SkillPotion"}],"is_trial":false,"path_per_floor":["M","?","M","$","M","R","M","R","T","E","M","M","E","?","R","B",null,"M","$","?","?","M","E","R","M","T","M","M","R","M","?","R","B"],"character_chosen":"DEFECT","items_purchased":["BootSequence","Beam Cell+1","Creative AI"],"campfire_rested":4,"item_purchase_floors":[4,19,19],"current_hp_per_floor":[65,65,65,65,63,63,63,63,63,40,40,40,16,22,45,55,72,72,72,72,72,36,7,30,12,12,7,1,24,20,32,55,0],"gold":309,"neow_bonus":"ONE_RARE_RELIC","is_prod":false,"is_daily":false,"chose_seed":false,"campfire_upgraded":2,"win_rate":0,"timestamp":1549856286,"path_taken":["M","?","M","$","M","R","M","R","T","E","M","M","E","?","R","BOSS","M","$","?","?","M","E","R","M","T","M","M","R","M","?","R","BOSS"],"build_version":"2019-01-23","purchased_purges":2,"victory":false,"max_hp_per_floor":[75,75,75,72,72,72,72,72,72,72,72,72,72,78,78,78,78,78,78,78,78,78,78,78,78,78,78,78,78,78,78,78,78],"card_choices":[{"not_picked":["Stack","Hologram"],"picked":"Sweeping Beam","floor":1},{"not_picked":["Gash","Stack"],"picked":"Static Discharge","floor":3},{"not_picked":["Stack","Streamline"],"picked":"Cold Snap","floor":5},{"not_picked":["Beam Cell","Reinforced Body","Hologram"],"picked":"SKIP","floor":7},{"not_picked":["Aggregate","Fission"],"picked":"Coolheaded","floor":10},{"not_picked":["Redo","Coolheaded"],"picked":"Sweeping Beam+1","floor":11},{"not_picked":["Scrape+1","Stack"],"picked":"Leap","floor":12},{"not_picked":["Hologram","Genetic Algorithm"],"picked":"Capacitor","floor":13},{"not_picked":["Fission","Thunder Strike+1"],"picked":"Electrodynamics","floor":16},{"not_picked":["Leap","Beam Cell+1"],"picked":"Go for the Eyes+1","floor":18},{"not_picked":["Chaos","Sweeping Beam+1"],"picked":"Genetic Algorithm","floor":22},{"not_picked":["Sweeping Beam+1","Gash+1"],"picked":"Glacier","floor":23},{"not_picked":["Hello World","Stack"],"picked":"Loop","floor":25},{"not_picked":["Gash+1","Aggregate","Coolheaded"],"picked":"SKIP","floor":27},{"not_picked":["Loop","Sunder+1"],"picked":"Stack+1","floor":28},{"not_picked":["Loop","Conserve Battery","Go for the Eyes+1"],"picked":"SKIP","floor":30}],"player_experience":208018,"relics_obtained":[{"floor":9,"key":"Molten Egg 2"},{"floor":10,"key":"Darkstone Periapt"},{"floor":13,"key":"Boot"},{"floor":23,"key":"DataDisk"},{"floor":26,"key":"Bottled Tornado"}],"event_choices":[{"damage_healed":0,"gold_gain":0,"cards_transformed":["Strike_B"],"player_choice":"Change","damage_taken":0,"max_hp_gain":0,"max_hp_loss":0,"event_name":"Living Wall","floor":2,"gold_loss":0,"cards_obtained":["FTL"]},{"damage_healed":0,"gold_gain":175,"player_choice":"AGREE","damage_taken":0,"max_hp_gain":0,"max_hp_loss":0,"event_name":"Liars Game","floor":14,"gold_loss":0,"cards_obtained":["Doubt"]},{"damage_healed":0,"gold_gain":0,"player_choice":"Ignored","damage_taken":0,"max_hp_gain":0,"max_hp_loss":0,"event_name":"Vampires","floor":20,"gold_loss":0},{"damage_healed":0,"gold_gain":0,"player_choice":"Inject Mutagens","damage_taken":0,"relics_obtained":["MutagenicStrength"],"max_hp_gain":0,"max_hp_loss":0,"event_name":"Drug Dealer","floor":21,"gold_loss":0},{"damage_healed":0,"gold_gain":0,"player_choice":"Fight","damage_taken":0,"max_hp_gain":0,"max_hp_loss":0,"event_name":"Colosseum","floor":31,"gold_loss":0},{"damage_healed":0,"gold_gain":0,"player_choice":"Fled From Nobs","damage_taken":0,"max_hp_gain":0,"max_hp_loss":0,"event_name":"Colosseum","floor":31,"gold_loss":0}],"is_beta":false,"boss_relics":[{"not_picked":["Coffee Dripper","Snecko Eye","Runic Dome"]}],"items_purged_floors":[4,19],"is_endless":false,"potions_floor_spawned":[1,5,7,11,13,18,22,25,27],"killed_by":"Champ","ascension_level":5}