{"gold_per_floor":[109,119,136,156,170,170,195,195,218,236,262,276,276,288,288,393,393,409,398,413,433,433],"floor_reached":22,"playtime":1255,"items_purged":[],"score":204,"play_id":"e97043bc-f314-49e4-ad51-d5c426be1172","local_time":"20190429110440","is_ascension_mode":false,"campfire_choices":[{"data":"Noxious Fumes","floor":6,"key":"SMITH"},{"floor":8,"key":"REST"},{"floor":15,"key":"REST"}],"neow_cost":"NONE","seed_source_timestamp":91989925949007,"circlet_count":0,"master_deck":["Defend_G","Defend_G","Defend_G","Defend_G","Defend_G","Strike_G","Strike_G","Strike_G","Strike_G","Strike_G","Survivor","Neutralize","Noxious Fumes+1","Terror","Poisoned Stab","Deadly Poison","Dash","Bane","Bane","Slice","Dash","Quick Slash+1","Poisoned Stab","Predator+1"],"relics":["Ring of the Snake","Happy Flower","Juzu Bracelet","Vajra","GremlinMask","Black Star"],"potions_floor_usage":[7,11,12,16,19,20],"damage_taken":[{"damage":1,"enemies":"2 Louse","floor":1,"turns":3},{"damage":0,"enemies":"Cultist","floor":2,"turns":4},{"damage":0,"enemies":"Small Slimes","floor":3,"turns":3},{"damage":6,"enemies":"3 Louse","floor":4,"turns":3},{"damage":6,"enemies":"Red Slaver","floor":5,"turns":4},{"damage":2,"enemies":"Gremlin Nob","floor":7,"turns":3},{"damage":2,"enemies":"Blue Slaver","floor":10,"turns":4},{"damage":8,"enemies":"Lagavulin","floor":11,"turns":5},{"damage":1,"enemies":"3 Louse","floor":12,"turns":4},{"damage":6,"enemies":"Exordium Thugs","floor":14,"turns":4},{"damage":29,"enemies":"Hexaghost","floor":16,"turns":8},{"damage":1,"enemies":"Chosen","floor":18,"turns":4},{"damage":4,"enemies":"2 Thieves","floor":19,"turns":4},{"damage":29,"enemies":"Snake Plant","floor":20,"turns":3},{"damage":6,"enemies":"Chosen and Byrds","floor":21,"turns":5},{"damage":41,"enemies":"Shelled Parasite and Fungi","floor":22,"turns":3}],"seed_played":"4274498854429362700","potions_obtained":[{"floor":2,"key":"Dexterity Potion"},{"floor":3,"key":"Strength Potion"},{"floor":5,"key":"GhostInAJar"},{"floor":10,"key":"AttackPotion"},{"floor":18,"key":"Weak Potion"},{"floor":19,"key":"LiquidBronze"}],"is_trial":false,"path_per_floor":["M","M","M","M","M","R","E","R","T","M","E","M","?","M","R","B",null,"M","M","M","M","M"],"character_chosen":"THE_SILENT","items_purchased":[],"campfire_rested":2,"item_purchase_floors":[],"current_hp_per_floor":[69,69,69,63,57,57,55,70,70,68,60,59,59,53,70,41,70,69,65,36,30,0],"gold":433,"neow_bonus":"THREE_CARDS","is_prod":false,"is_daily":false,"chose_seed":false,"campfire_upgraded":1,"win_rate":0.0,"timestamp":1556561080,"path_taken":["M","M","M","M","M","R","E","R","T","M","E","M","?","M","R","BOSS","M","M","M","M","M"],"build_version":"2019-01-23","purchased_purges":0,"victory":false,"max_hp_per_floor":[70,70,70,70,70,70,70,70,70,70,70,70,70,70,70,70,70,70,70,70,70,70],"card_choices":[{"not_picked":["Deflect","Poisoned Stab"],"picked":"Noxious Fumes","floor":0},{"not_picked":["PiercingWail","Cloak And Dagger"],"picked":"Terror","floor":1},{"not_picked":["Infinite Blades","Sucker Punch"],"picked":"Poisoned Stab","floor":2},{"not_picked":["Dagger Spray","Bouncing Flask"],"picked":"Deadly Poison","floor":3},{"not_picked":["Acrobatics","Outmaneuver"],"picked":"Dash","floor":4},{"not_picked":["Bouncing Flask","Dagger Throw"],"picked":"Bane","floor":5},{"not_picked":["Acrobatics","Choke","Reflex"],"picked":"SKIP","floor":7},{"not_picked":["Blade Dance","Underhanded Strike"],"picked":"Bane","floor":10},{"not_picked":["Backstab","Deflect","Skewer"],"picked":"SKIP","floor":11},{"not_picked":["Heel Hook","Riddle With Holes"],"picked":"Slice","floor":12},{"not_picked":["Skewer","Riddle With Holes"],"picked":"Dash","floor":14},{"not_picked":["Backflip+1","Dodge and Roll","Dagger Spray"],"picked":"SKIP","floor":18},{"not_picked":["Predator+1","Masterful Stab+1"],"picked":"Quick Slash+1","floor":19},{"not_picked":["Underhanded Strike","Unload"],"picked":"Poisoned Stab","floor":20},{"not_picked":["Masterful Stab","Flechettes"],"picked":"Predator+1","floor":21}],"player_experience":63799,"relics_obtained":[{"floor":7,"key":"Happy Flower"},{"floor":9,"key":"Juzu Bracelet"},{"floor":11,"key":"Vajra"}],"event_choices":[{"damage_healed":0,"gold_gain":0,"player_choice":"Trade","damage_taken":0,"relics_obtained":["GremlinMask"],"max_hp_gain":0,"max_hp_loss":0,"event_name":"FaceTrader","floor":13,"gold_loss":0}],"is_beta":false,"boss_relics":[{"not_picked":["Snecko Eye","Coffee Dripper"],"picked":"Black Star"}],"items_purged_floors":[],"is_endless":false,"potions_floor_spawned":[2,3,5,10,18,19],"killed_by":"Shelled Parasite and Fungi","ascension_level":0}