{"gold_per_floor":[117,117,133,133,42,42,57,57,106,116,116,116,135,164,164,265,265,205,127,127,127,127,127,127,127,127,127,127],"floor_reached":28,"playtime":1505,"items_purged":[],"score":236,"play_id":"9c5dc211-f5ec-4b60-b7e8-533bbdcd26e2","local_time":"20190508215658","is_ascension_mode":false,"campfire_choices":[{"data":"Ball Lightning","floor":6,"key":"SMITH"},{"data":"Redo","floor":8,"key":"SMITH"},{"floor":12,"key":"REST"},{"floor":15,"key":"REST"},{"data":"Redo","floor":24,"key":"SMITH"},{"floor":27,"key":"REST"}],"neow_cost":"NONE","seed_source_timestamp":908481886170397,"circlet_count":0,"master_deck":["Strike_B","Strike_B","Defend_B","Defend_B","Defend_B","Defend_B","Zap+1","Dualcast","Redo+1","Cold Snap+1","Ball Lightning+1","Rip and Tear+1","Redo+1","Streamline","Machine Learning","Consume","Redo+1","Cold Snap"],"relics":["Empty Cage","Whetstone","Gremlin Horn","Ectoplasm","MutagenicStrength","Shovel","Bottled Flame"],"potions_floor_usage":[10,16,16,18,22],"damage_taken":[{"damage":0,"enemies":"2 Louse","floor":1,"turns":4},{"damage":2,"enemies":"Small Slimes","floor":3,"turns":4},{"damage":0,"enemies":"Jaw Worm","floor":7,"turns":3},{"damage":3,"enemies":"3 Louse","floor":10,"turns":3},{"damage":0,"enemies":"Exordium Wildlife","floor":13,"turns":2},{"damage":31,"enemies":"3 Sentries","floor":14,"turns":6},{"damage":33,"enemies":"The Guardian","floor":16,"turns":9},{"damage":5,"enemies":"2 Thieves","floor":18,"turns":3},{"damage":5,"enemies":"3 Byrds","floor":20,"turns":4},{"damage":15,"enemies":"Centurion and Healer","floor":22,"turns":6},{"damage":49,"enemies":"Book of Stabbing","floor":25,"turns":6},{"damage":29,"enemies":"Cultist and Chosen","floor":28,"turns":5}],"seed_played":"-5070076404360147864","potions_obtained":[{"floor":1,"key":"Dexterity Potion"},{"floor":10,"key":"Weak Potion"},{"floor":14,"key":"Strength Potion"},{"floor":16,"key":"Poison Potion"},{"floor":20,"key":"Block Potion"}],"is_trial":false,"path_per_floor":["M","?","M","?","$","R","M","R","T","M","?","R","M","E","R","B",null,"M","$","M","?","M","?","R","E","T","R","M"],"character_chosen":"DEFECT","items_purchased":["Ball Lightning","Rip and Tear","Consume"],"campfire_rested":3,"item_purchase_floors":[5,5,19],"current_hp_per_floor":[75,75,73,73,73,73,73,73,73,70,55,75,75,44,66,33,75,70,70,65,65,50,50,50,1,1,23,0],"gold":127,"neow_bonus":"BOSS_RELIC","is_prod":false,"is_daily":false,"chose_seed":false,"campfire_upgraded":3,"win_rate":0,"timestamp":1557377818,"path_taken":["M","?","M","?","$","R","M","R","T","M","?","R","M","E","R","BOSS","M","$","M","?","M","?","R","E","T","R","M"],"build_version":"2019-01-23","purchased_purges":0,"victory":false,"max_hp_per_floor":[75,75,75,75,75,75,75,75,75,75,75,75,75,75,75,75,75,75,75,75,75,75,75,75,75,75,75,75],"card_choices":[{"not_picked":["Melter","Chaos"],"picked":"Redo","floor":1},{"not_picked":["Compile Driver","Turbo"],"picked":"Cold Snap","floor":3},{"not_picked":["Sweeping Beam","Beam Cell"],"picked":"Redo","floor":7},{"not_picked":["Steam","Go for the Eyes","Hologram"],"picked":"SKIP","floor":10},{"not_picked":["Skim","Coolheaded"],"picked":"Streamline","floor":13},{"not_picked":["Turbo","Streamline"],"picked":"Machine Learning","floor":14},{"not_picked":["Gash","Sweeping Beam","Coolheaded"],"picked":"SKIP","floor":18},{"not_picked":["Melter","Stack+1","Auto Shields"],"picked":"SKIP","floor":20},{"not_picked":["Coolheaded","Rip and Tear"],"picked":"Redo","floor":22},{"not_picked":["FTL","Stack+1"],"picked":"Cold Snap","floor":25}],"player_experience":134384,"relics_obtained":[{"floor":9,"key":"Whetstone"},{"floor":14,"key":"Gremlin Horn"},{"floor":25,"key":"Shovel"},{"floor":26,"key":"Bottled Flame"}],"event_choices":[{"damage_healed":0,"gold_gain":0,"player_choice":"Ignored","damage_taken":0,"max_hp_gain":0,"max_hp_loss":0,"event_name":"Liars Game","floor":2,"gold_loss":0},{"damage_healed":0,"gold_gain":0,"player_choice":"Ignored","damage_taken":0,"max_hp_gain":0,"max_hp_loss":0,"event_name":"Golden Wing","floor":4,"gold_loss":0},{"damage_healed":0,"gold_gain":0,"player_choice":"Entered Light","damage_taken":15,"max_hp_gain":0,"max_hp_loss":0,"event_name":"Shining Light","floor":11,"gold_loss":0,"cards_upgraded":["Zap","Redo"]},{"damage_healed":0,"gold_gain":0,"player_choice":"Ignored","damage_taken":0,"max_hp_gain":0,"max_hp_loss":0,"event_name":"Ghosts","floor":21,"gold_loss":0},{"damage_healed":0,"gold_gain":0,"player_choice":"Inject Mutagens","damage_taken":0,"relics_obtained":["MutagenicStrength"],"max_hp_gain":0,"max_hp_loss":0,"event_name":"Drug Dealer","floor":23,"gold_loss":0}],"is_beta":false,"boss_relics":[{"not_picked":["Fusion Hammer","Lizard Tail"],"picked":"Ectoplasm"}],"items_purged_floors":[],"is_endless":false,"potions_floor_spawned":[1,10,14,16,20],"killed_by":"Cultist and Chosen","ascension_level":0}