{"gold_per_floor":[110,185,196,13,25,25,60,60,60,60,60,73,96,112,112,208,208,224,238,238,258,279,279,46,46,46,60,80,80,80,80,80,171,171,190,39,39,39,39,39,39,39,39,39,39,59,59,59,59,59],"floor_reached":51,"playtime":1508,"items_purged":["Strike_R"],"score":1186,"play_id":"34cd9466-296b-4861-aef7-830356d91a4e","local_time":"20190429235353","is_ascension_mode":true,"campfire_choices":[{"data":"Apotheosis","floor":6,"key":"SMITH"},{"data":"Barricade","floor":8,"key":"SMITH"},{"floor":11,"key":"REST"},{"data":"Burning Pact","floor":15,"key":"SMITH"},{"floor":23,"key":"REST"},{"floor":25,"key":"REST"},{"floor":32,"key":"REST"},{"floor":40,"key":"REST"},{"floor":45,"key":"REST"},{"floor":47,"key":"REST"},{"floor":49,"key":"REST"}],"neow_cost":"NONE","seed_source_timestamp":271741009623718,"circlet_count":0,"master_deck":["AscendersBane","Strike_R","Strike_R","Strike_R","Defend_R","Defend_R","Defend_R","Defend_R","Bash","Barricade+1","Cleave","Iron Wave","Apotheosis+1","Ghostly Armor","Ghostly Armor","Body Slam","Body Slam","Burning Pact+1","Immolate","Battle Trance","Impervious","Shrug It Off","Impervious+1","Carnage+1","Good Instincts","Battle Trance"],"relics":["Burning Blood","Sundial","Mummified Hand","Golden Idol","Fusion Hammer","Matryoshka","Ginger","Sozu","Juzu Bracelet","Paper Frog","FossilizedHelix"],"potions_floor_usage":[7,7,16,18,21,28,33,33],"damage_taken":[{"damage":9,"enemies":"2 Louse","floor":1,"turns":6},{"damage":0,"enemies":"Small Slimes","floor":3,"turns":4},{"damage":12,"enemies":"Jaw Worm","floor":5,"turns":2},{"damage":26,"enemies":"Gremlin Nob","floor":7,"turns":5},{"damage":11,"enemies":"Blue Slaver","floor":12,"turns":6},{"damage":8,"enemies":"Large Slime","floor":13,"turns":6},{"damage":0,"enemies":"2 Fungi Beasts","floor":14,"turns":4},{"damage":6,"enemies":"The Guardian","floor":16,"turns":8},{"damage":6,"enemies":"3 Byrds","floor":18,"turns":5},{"damage":35,"enemies":"2 Thieves","floor":19,"turns":4},{"damage":0,"enemies":"Snake Plant","floor":21,"turns":4},{"damage":10,"enemies":"Centurion and Healer","floor":22,"turns":6},{"damage":7,"enemies":"Cultist and Chosen","floor":27,"turns":7},{"damage":0,"enemies":"Snake Plant","floor":28,"turns":3},{"damage":11,"enemies":"Automaton","floor":33,"turns":8},{"damage":6,"enemies":"Orb Walker","floor":35,"turns":5},{"damage":0,"enemies":"3 Shapes","floor":46,"turns":4},{"damage":0,"enemies":"Awakened One","floor":50,"turns":11}],"seed_played":"3218204145004936656","potions_obtained":[{"floor":3,"key":"Energy Potion"},{"floor":5,"key":"SpeedPotion"},{"floor":7,"key":"Ancient Potion"},{"floor":14,"key":"Dexterity Potion"},{"floor":16,"key":"SkillPotion"},{"floor":19,"key":"SkillPotion"},{"floor":21,"key":"Weak Potion"},{"floor":28,"key":"Regen Potion"}],"is_trial":false,"path_per_floor":["M","?","M","$","M","R","E","R","T","?","R","M","M","M","R","B",null,"M","M","?","M","M","R","$","R","T","M","M","?","?","$","R","B",null,"M","$","?","?","?","R","?","?","T","$","R","M","R","?","R","B",null],"character_chosen":"IRONCLAD","items_purchased":["Apotheosis","Impervious","Shrug It Off","Juzu Bracelet"],"campfire_rested":8,"item_purchase_floors":[4,24,24,36],"current_hp_per_floor":[65,54,60,60,54,54,34,34,34,34,54,49,47,53,53,53,65,65,36,36,42,38,58,58,69,69,68,69,69,69,69,69,69,69,69,69,69,64,64,69,69,66,66,66,66,66,66,66,66,66],"gold":59,"neow_bonus":"ONE_RANDOM_RARE_CARD","is_prod":false,"is_daily":false,"chose_seed":false,"campfire_upgraded":3,"win_rate":0,"timestamp":1556607233,"path_taken":["M","?","M","$","M","R","E","R","T","?","R","M","M","M","R","BOSS","M","M","?","M","M","R","$","R","T","M","M","?","?","$","R","BOSS","M","$","?","?","?","R","?","?","T","$","R","M","R","?","R","BOSS"],"build_version":"2019-01-23","purchased_purges":1,"victory":true,"max_hp_per_floor":[75,75,75,75,75,75,75,75,75,69,69,69,69,69,69,69,69,69,69,69,69,69,69,69,69,69,69,69,69,69,69,69,69,69,69,69,69,69,69,69,69,66,66,66,66,66,66,66,66,66],"card_choices":[{"not_picked":["Flex","Havoc"],"picked":"Cleave","floor":1},{"not_picked":["Second Wind","Heavy Blade"],"picked":"Iron Wave","floor":3},{"not_picked":["Shrug It Off","Clothesline"],"picked":"Ghostly Armor","floor":5},{"not_picked":["Anger","Double Tap"],"picked":"Ghostly Armor","floor":7},{"not_picked":["Intimidate","Blood for Blood"],"picked":"Body Slam","floor":12},{"not_picked":["Rampage","Clothesline"],"picked":"Body Slam","floor":13},{"not_picked":["Feel No Pain","Clothesline"],"picked":"Burning Pact","floor":14},{"not_picked":["Berserk","Brutality"],"picked":"Immolate","floor":16},{"not_picked":["Cleave","Infernal Blade+1","Anger+1"],"picked":"SKIP","floor":18},{"not_picked":["Cleave","Dual Wield+1","Inflame"],"picked":"SKIP","floor":19},{"not_picked":["Anger","Body Slam"],"picked":"Battle Trance","floor":21},{"not_picked":["Feel No Pain","Heavy Blade","Thunderclap"],"picked":"SKIP","floor":22},{"not_picked":["Headbutt","Havoc","Dual Wield"],"picked":"SKIP","floor":27},{"not_picked":["Sword Boomerang","Armaments","Flex"],"picked":"SKIP","floor":28},{"not_picked":["Bludgeon","Fiend Fire"],"picked":"Impervious","floor":33},{"not_picked":["Wild Strike","Rampage"],"picked":"Carnage+1","floor":35},{"not_picked":["Deep Breath","Apotheosis"],"picked":"Good Instincts","floor":38},{"not_picked":["Shrug It Off","Seeing Red"],"picked":"Battle Trance","floor":46}],"player_experience":844462,"relics_obtained":[{"floor":7,"key":"Sundial"},{"floor":9,"key":"Mummified Hand"},{"floor":26,"key":"Matryoshka"},{"floor":43,"key":"Paper Frog"},{"floor":43,"key":"FossilizedHelix"}],"event_choices":[{"damage_healed":0,"gold_gain":75,"player_choice":"Gather Gold","damage_taken":11,"max_hp_gain":0,"max_hp_loss":0,"event_name":"World of Goop","floor":2,"gold_loss":0},{"damage_healed":0,"gold_gain":0,"player_choice":"Lose Max HP","damage_taken":0,"relics_obtained":["Golden Idol"],"max_hp_gain":0,"max_hp_loss":6,"event_name":"Golden Idol","floor":10,"gold_loss":0},{"damage_healed":0,"gold_gain":0,"player_choice":"Ignored","damage_taken":0,"max_hp_gain":0,"max_hp_loss":0,"event_name":"Cursed Tome","floor":20,"gold_loss":0},{"damage_healed":0,"gold_gain":0,"player_choice":"Ignored","damage_taken":0,"max_hp_gain":0,"max_hp_loss":0,"event_name":"Ghosts","floor":29,"gold_loss":0},{"damage_healed":0,"gold_gain":0,"player_choice":"Stole Relic","damage_taken":0,"relics_obtained":["Ginger"],"max_hp_gain":0,"max_hp_loss":0,"event_name":"Addict","floor":30,"gold_loss":0,"cards_obtained":["Shame"]},{"cards_removed":["Strike_R"],"damage_healed":0,"gold_gain":0,"player_choice":"Removed Attack","damage_taken":0,"max_hp_gain":0,"max_hp_loss":0,"event_name":"Falling","floor":37,"gold_loss":0},{"damage_healed":0,"gold_gain":0,"player_choice":"Memory 2","damage_taken":5,"max_hp_gain":0,"max_hp_loss":0,"event_name":"SensoryStone","floor":38,"gold_loss":0},{"cards_removed":["Shame"],"damage_healed":0,"gold_gain":0,"player_choice":"Purged","damage_taken":0,"max_hp_gain":0,"max_hp_loss":0,"event_name":"Purifier","floor":39,"gold_loss":0},{"damage_healed":0,"gold_gain":0,"player_choice":"Ignored","damage_taken":0,"max_hp_gain":0,"max_hp_loss":0,"event_name":"Mysterious Sphere","floor":41,"gold_loss":0},{"damage_healed":0,"gold_gain":0,"player_choice":"Max HP","damage_taken":0,"max_hp_gain":0,"max_hp_loss":3,"event_name":"Winding Halls","floor":42,"gold_loss":0},{"damage_healed":0,"gold_gain":0,"player_choice":"Forge","damage_taken":0,"max_hp_gain":0,"max_hp_loss":0,"event_name":"Accursed Blacksmith","floor":48,"gold_loss":0,"cards_upgraded":["Impervious"]}],"is_beta":false,"boss_relics":[{"not_picked":["Philosopher\u0027s Stone","Runic Cube"],"picked":"Fusion Hammer"},{"not_picked":["Pandora\u0027s Box","Runic Dome"],"picked":"Sozu"}],"items_purged_floors":[24],"is_endless":false,"potions_floor_spawned":[3,5,7,14,16,19,21,27,28,35],"ascension_level":14}