{"gold_per_floor":[117,129,79,96,106,106,133,38,61,61,73,90,90,104,104,178,228,203,203,39,39,54,54,71,71,98,98],"floor_reached":27,"playtime":1793,"items_purged":["Strike_G"],"score":398,"play_id":"530228cc-caaa-4175-acc0-84d6e30dbbb9","local_time":"20190612213627","is_ascension_mode":true,"campfire_choices":[{"data":"Envenom","floor":6,"key":"SMITH"},{"data":"Tools of the Trade","floor":10,"key":"SMITH"},{"data":"Tactician","floor":15,"key":"SMITH"},{"floor":23,"key":"REST"},{"data":"After Image","floor":25,"key":"SMITH"}],"neow_cost":"NONE","seed_source_timestamp":971643763614118,"circlet_count":0,"master_deck":["AscendersBane","Defend_G","Defend_G","Defend_G","Defend_G","Defend_G","Strike_G","Strike_G","Strike_G","Strike_G","Survivor","Neutralize","Tools of the Trade+1","Dagger Spray","Poisoned Stab","Dagger Throw","Poisoned Stab","Envenom+1","Tactician+1","Bandage Up","Leg Sweep","Cloak And Dagger","Underhanded Strike+1","After Image+1","Well Laid Plans","Underhanded Strike","Necronomicurse","Concentrate","Prepared"],"relics":["Ring of the Snake","Art of War","Lantern","Tiny House","Necronomicon","Dream Catcher"],"potions_floor_usage":[7,11,14,16,18,18,22],"damage_taken":[{"damage":1,"enemies":"Cultist","floor":1,"turns":4},{"damage":3,"enemies":"Jaw Worm","floor":2,"turns":7},{"damage":0,"enemies":"2 Louse","floor":4,"turns":2},{"damage":2,"enemies":"2 Fungi Beasts","floor":5,"turns":3},{"damage":20,"enemies":"3 Sentries","floor":7,"turns":10},{"damage":8,"enemies":"Blue Slaver","floor":11,"turns":3},{"damage":7,"enemies":"Exordium Wildlife","floor":12,"turns":6},{"damage":0,"enemies":"2 Fungi Beasts","floor":14,"turns":3},{"damage":23,"enemies":"Slime Boss","floor":16,"turns":10},{"damage":8,"enemies":"2 Thieves","floor":18,"turns":4},{"damage":10,"enemies":"Shell Parasite","floor":22,"turns":7},{"damage":23,"enemies":"Shelled Parasite and Fungi","floor":24,"turns":7},{"damage":45,"enemies":"Snecko","floor":27,"turns":6}],"seed_played":"8213514040316894089","potions_obtained":[{"floor":2,"key":"Swift Potion"},{"floor":5,"key":"FearPotion"},{"floor":12,"key":"SteroidPotion"},{"floor":14,"key":"Fire Potion"},{"floor":16,"key":"EssenceOfSteel"},{"floor":17,"key":"Poison Potion"},{"floor":18,"key":"AttackPotion"}],"is_trial":false,"path_per_floor":["M","M","$","M","M","R","E","$","T","R","M","M","?","M","R","B",null,"M","?","$","?","M","R","M","R","T","M"],"character_chosen":"THE_SILENT","items_purchased":["Dagger Throw","Bandage Up","Concentrate"],"campfire_rested":1,"item_purchase_floors":[3,8,20],"current_hp_per_floor":[58,55,55,55,53,53,33,33,33,33,25,22,38,42,42,23,60,56,35,35,35,29,49,30,30,30,0],"gold":98,"neow_bonus":"ONE_RANDOM_RARE_CARD","is_prod":false,"is_daily":false,"chose_seed":false,"campfire_upgraded":4,"win_rate":0,"timestamp":1560400587,"path_taken":["M","?","$","?","M","R","E","?","T","R","M","?","?","M","R","BOSS","M","?","$","?","M","R","M","R","T","M"],"build_version":"2019-01-23","purchased_purges":1,"victory":false,"max_hp_per_floor":[66,66,66,66,66,66,66,66,66,66,66,66,66,66,66,66,71,71,71,71,68,68,68,68,68,68,68],"card_choices":[{"not_picked":["Dagger Throw","Masterful Stab"],"picked":"Dagger Spray","floor":1},{"not_picked":["Terror","Backflip"],"picked":"Poisoned Stab","floor":2},{"not_picked":["Flechettes","Acrobatics"],"picked":"Poisoned Stab","floor":4},{"not_picked":["Crippling Poison","Dodge and Roll"],"picked":"Envenom","floor":5},{"not_picked":["Poisoned Stab","Deflect"],"picked":"Tactician","floor":7},{"not_picked":["Skewer","Terror"],"picked":"Leg Sweep","floor":11},{"not_picked":["Dodge and Roll","Slice"],"picked":"Cloak And Dagger","floor":12},{"not_picked":["Dagger Throw","Acrobatics"],"picked":"Underhanded Strike","floor":14},{"not_picked":["Phantasmal Killer","Grand Finale"],"picked":"After Image","floor":16},{"not_picked":["Slice","Flying Knee"],"picked":"Well Laid Plans","floor":17},{"not_picked":["Blade Dance","Backflip"],"picked":"Underhanded Strike","floor":18},{"not_picked":["Blade Dance","Distraction","Quick Slash"],"picked":"SKIP","floor":22},{"not_picked":["Dodge and Roll","Quick Slash"],"picked":"Prepared","floor":24}],"player_experience":991176,"relics_obtained":[{"floor":7,"key":"Art of War"},{"floor":9,"key":"Lantern"},{"floor":19,"key":"Necronomicon"},{"floor":26,"key":"Dream Catcher"}],"event_choices":[{"damage_healed":16,"gold_gain":0,"player_choice":"Healed and dodged fight","damage_taken":0,"max_hp_gain":0,"max_hp_loss":0,"event_name":"Mushrooms","floor":13,"gold_loss":0,"cards_obtained":["Parasite"]},{"damage_healed":0,"gold_gain":0,"player_choice":"Obtained Book","damage_taken":21,"max_hp_gain":0,"max_hp_loss":0,"event_name":"Cursed Tome","floor":19,"gold_loss":0},{"cards_removed":["Parasite"],"damage_healed":0,"gold_gain":0,"player_choice":"Removed Curses","damage_taken":0,"max_hp_gain":0,"max_hp_loss":0,"event_name":"Fountain of Cleansing","floor":21,"gold_loss":0}],"is_beta":false,"boss_relics":[{"not_picked":["Philosopher\u0027s Stone","Lizard Tail"],"picked":"Tiny House"}],"items_purged_floors":[20],"is_endless":false,"potions_floor_spawned":[2,5,12,14,16,18],"killed_by":"Snecko","ascension_level":17}