{"gold_per_floor":[360,360,372,386,351,378,307,307,307,307,19,19,36,66,66,66],"floor_reached":16,"playtime":691,"items_purged":["Strike_R"],"score":211,"play_id":"880640d3-15e6-4c93-97d1-0eee407f39ab","local_time":"20190628190440","is_ascension_mode":true,"campfire_choices":[{"floor":10,"key":"REST"},{"data":"Mayhem","floor":12,"key":"SMITH"},{"floor":15,"key":"REST"}],"neow_cost":"CURSE","seed_source_timestamp":1368517493363363,"circlet_count":0,"master_deck":["AscendersBane","Strike_R","Strike_R","Strike_R","Strike_R","Defend_R","Defend_R","Defend_R","Defend_R","Bash","Corruption+1","Sever Soul","Headbutt","Shrug It Off","Mayhem+1","Shrug It Off","Impervious","Heavy Blade"],"relics":["Burning Blood","Sundial","Ornamental Fan","Vajra"],"potions_floor_usage":[13,14],"damage_taken":[{"damage":26,"enemies":"Jaw Worm","floor":1,"turns":5},{"damage":0,"enemies":"2 Louse","floor":3,"turns":2},{"damage":3,"enemies":"Small Slimes","floor":4,"turns":4},{"damage":65,"enemies":"3 Sentries","floor":6,"turns":10},{"damage":9,"enemies":"Looter","floor":13,"turns":3},{"damage":26,"enemies":"Lagavulin","floor":14,"turns":8},{"damage":34,"enemies":"Slime Boss","floor":16,"turns":8}],"seed_played":"-7176623271983367623","potions_obtained":[{"floor":6,"key":"Swift Potion"},{"floor":13,"key":"Energy Potion"}],"is_trial":false,"path_per_floor":["M","?","M","M","?","E","?","?","T","R","$","R","M","E","R","B"],"character_chosen":"IRONCLAD","items_purchased":["Mayhem","Shrug It Off"],"campfire_rested":2,"item_purchase_floors":[11,11],"current_hp_per_floor":[48,41,47,50,68,9,9,9,9,31,31,31,28,8,30,0],"gold":66,"neow_bonus":"TWO_FIFTY_GOLD","is_prod":false,"is_daily":false,"chose_seed":false,"campfire_upgraded":1,"win_rate":0,"timestamp":1561773880,"path_taken":["M","?","M","M","?","E","?","?","T","R","$","R","M","E","R","BOSS"],"build_version":"2019-01-23","purchased_purges":1,"victory":false,"max_hp_per_floor":[75,75,75,75,75,75,75,75,75,75,75,75,75,75,75,75],"card_choices":[{"not_picked":["Pommel Strike","Anger"],"picked":"Corruption","floor":1},{"not_picked":["Havoc","Entrench"],"picked":"Sever Soul","floor":3},{"not_picked":["Twin Strike","Shrug It Off"],"picked":"Headbutt","floor":4},{"not_picked":["Clash","Warcry"],"picked":"Shrug It Off","floor":6},{"not_picked":["Pummel","Wild Strike"],"picked":"Impervious","floor":13},{"not_picked":["Shrug It Off","Sword Boomerang"],"picked":"Heavy Blade","floor":14}],"player_experience":1097132,"relics_obtained":[{"floor":6,"key":"Sundial"},{"floor":9,"key":"Ornamental Fan"},{"floor":14,"key":"Vajra"}],"event_choices":[{"cards_removed":["Doubt"],"damage_healed":0,"gold_gain":0,"player_choice":"Card Removal","damage_taken":7,"max_hp_gain":0,"max_hp_loss":0,"event_name":"Golden Wing","floor":2,"gold_loss":0},{"damage_healed":18,"gold_gain":0,"player_choice":"Healed","damage_taken":0,"max_hp_gain":0,"max_hp_loss":0,"event_name":"The Cleric","floor":5,"gold_loss":35},{"damage_healed":0,"gold_gain":0,"player_choice":"Left Gold","damage_taken":0,"max_hp_gain":0,"max_hp_loss":0,"event_name":"World of Goop","floor":7,"gold_loss":71},{"damage_healed":0,"gold_gain":0,"player_choice":"Grow","damage_taken":0,"max_hp_gain":0,"max_hp_loss":0,"event_name":"Living Wall","floor":8,"gold_loss":0,"cards_upgraded":["Corruption"]}],"is_beta":false,"boss_relics":[],"items_purged_floors":[11],"is_endless":false,"potions_floor_spawned":[6,13],"killed_by":"Slime Boss","ascension_level":19}