{"gold_per_floor":[114,126,145,163,163,163,192,209,209,236,254,40,54,74,74,172,172,157,9,23,35,35,35,35,61,85,85,102,102,117,129,129,224,224,242,590,500,191,203,203,220,220,244,258,358,410,424,454,454,454],"floor_reached":50,"playtime":2657,"items_purged":["Strike_R","Defend_R","Defend_R"],"score":725,"play_id":"c54c9a85-c9e0-4ec1-ac35-fddad963734e","local_time":"20190629232630","is_ascension_mode":true,"campfire_choices":[{"data":"Wild Strike","floor":6,"key":"SMITH"},{"data":"Power Through","floor":15,"key":"SMITH"},{"data":"Impervious","floor":23,"key":"SMITH"},{"data":"Battle Trance","floor":27,"key":"SMITH"},{"data":"Entrench","floor":29,"key":"SMITH"},{"data":"Reaper","floor":32,"key":"SMITH"},{"floor":40,"key":"REST"},{"data":"Corruption","floor":42,"key":"SMITH"},{"floor":49,"key":"REST"}],"neow_cost":"NONE","seed_source_timestamp":597113883657109,"circlet_count":0,"master_deck":["Strike_R+1","Strike_R","Strike_R+1","Defend_R","Defend_R+1","Bash+1","Thunderclap","Wild Strike+1","Reaper+1","Power Through+1","Clothesline","Bludgeon+1","Iron Wave+1","Whirlwind+1","Iron Wave+1","Iron Wave+1","Impervious+1","Flex+1","Impervious+1","Battle Trance+1","Entrench+1","Body Slam+1","Feed+1","Corruption+1","Shockwave","Flame Barrier"],"relics":["Burning Blood","Whetstone","Molten Egg 2","Dream Catcher","Busted Crown","Ice Cream","Blood Vial","Velvet Choker","Old Coin","Omamori","Pen Nib","Du-Vu Doll","Potion Belt","The Courier"],"potions_floor_usage":[4,7,7,10,14,16,16,16,21,25,30,33,35,44,44,50],"damage_taken":[{"damage":6,"enemies":"Cultist","floor":1,"turns":3},{"damage":5,"enemies":"Small Slimes","floor":2,"turns":3},{"damage":1,"enemies":"2 Louse","floor":3,"turns":3},{"damage":6,"enemies":"Looter","floor":4,"turns":3},{"damage":25,"enemies":"3 Sentries","floor":7,"turns":8},{"damage":14,"enemies":"Red Slaver","floor":8,"turns":4},{"damage":20,"enemies":"Lagavulin","floor":10,"turns":5},{"damage":1,"enemies":"Exordium Thugs","floor":11,"turns":4},{"damage":8,"enemies":"Blue Slaver","floor":13,"turns":2},{"damage":0,"enemies":"Lots of Slimes","floor":14,"turns":1},{"damage":0,"enemies":"Slime Boss","floor":16,"turns":6},{"damage":14,"enemies":"2 Thieves","floor":18,"turns":4},{"damage":0,"enemies":"Chosen","floor":20,"turns":3},{"damage":8,"enemies":"Centurion and Healer","floor":21,"turns":4},{"damage":31,"enemies":"Slavers","floor":25,"turns":7},{"damage":0,"enemies":"Snecko","floor":28,"turns":4},{"damage":0,"enemies":"Cultist and Chosen","floor":30,"turns":4},{"damage":0,"enemies":"Centurion and Healer","floor":31,"turns":3},{"damage":54,"enemies":"Collector","floor":33,"turns":8},{"damage":0,"enemies":"3 Darklings","floor":35,"turns":4},{"damage":49,"enemies":"2 Orb Walkers","floor":36,"turns":4},{"damage":7,"enemies":"Orb Walker","floor":39,"turns":3},{"damage":12,"enemies":"Sphere and 2 Shapes","floor":41,"turns":5},{"damage":11,"enemies":"Maw","floor":44,"turns":6},{"damage":0,"enemies":"Mind Bloom Boss Battle","floor":45,"turns":5},{"damage":0,"enemies":"Spire Growth","floor":47,"turns":3},{"damage":43,"enemies":"Reptomancer","floor":48,"turns":4},{"damage":85,"enemies":"Donu and Deca","floor":50,"turns":6}],"seed_played":"5209612566949033107","potions_obtained":[{"floor":0,"key":"BloodPotion"},{"floor":0,"key":"Block Potion"},{"floor":0,"key":"Regen Potion"},{"floor":3,"key":"Strength Potion"},{"floor":7,"key":"PowerPotion"},{"floor":10,"key":"Poison Potion"},{"floor":13,"key":"Energy Potion"},{"floor":14,"key":"GamblersBrew"},{"floor":16,"key":"Dexterity Potion"},{"floor":18,"key":"Poison Potion"},{"floor":20,"key":"BloodPotion"},{"floor":30,"key":"EssenceOfSteel"},{"floor":33,"key":"Swift Potion"},{"floor":39,"key":"PowerPotion"},{"floor":41,"key":"EssenceOfSteel"},{"floor":48,"key":"LiquidBronze"}],"is_trial":false,"path_per_floor":["M","M","M","M","?","R","E","M","T","E","M","$","M","M","R","B",null,"M","$","M","M","?","R","?","E","T","R","M","R","M","M","R","B",null,"M","?","?","$","M","R","M","R","T","M","?","T","M","E","R","B"],"character_chosen":"IRONCLAD","items_purchased":["Whirlwind+1","Explosive Potion","SkillPotion","Weak Potion","Corruption","Omamori"],"campfire_rested":2,"item_purchase_floors":[12,12,12,19,38,38],"current_hp_per_floor":[80,80,80,80,80,80,76,68,68,54,59,59,57,63,63,69,80,72,72,78,76,76,76,76,71,71,71,79,79,80,80,80,32,80,80,37,37,37,42,67,72,72,72,79,84,84,84,47,72,0],"gold":454,"neow_bonus":"THREE_SMALL_POTIONS","is_prod":false,"is_daily":false,"chose_seed":false,"campfire_upgraded":7,"win_rate":0,"timestamp":1561875990,"path_taken":["M","M","M","?","?","R","E","?","T","E","M","$","M","M","R","BOSS","M","$","M","M","?","R","?","E","T","R","?","R","M","M","R","BOSS","M","?","?","$","?","R","M","R","T","M","?","?","M","E","R","BOSS"],"build_version":"2019-01-23","purchased_purges":3,"victory":false,"max_hp_per_floor":[80,80,80,80,80,80,80,80,80,80,80,80,80,80,80,80,80,80,80,80,80,80,80,80,80,80,80,80,80,80,80,80,80,80,80,80,80,80,84,84,84,84,84,84,84,84,84,84,84,84],"card_choices":[{"not_picked":["Inflame","Shrug It Off"],"picked":"Thunderclap","floor":1},{"not_picked":["Infernal Blade","Corruption","Reckless Charge"],"picked":"SKIP","floor":2},{"not_picked":["Flex","Rupture"],"picked":"Wild Strike","floor":3},{"not_picked":["Rage","Clash"],"picked":"Reaper","floor":4},{"not_picked":["Clash","Iron Wave"],"picked":"Power Through","floor":7},{"not_picked":["Headbutt","Hemokinesis"],"picked":"Clothesline","floor":8},{"not_picked":["Flex","Headbutt+1"],"picked":"Bludgeon+1","floor":10},{"not_picked":["Thunderclap+1","Intimidate"],"picked":"Iron Wave+1","floor":11},{"not_picked":["Feel No Pain","Rupture"],"picked":"Iron Wave+1","floor":13},{"not_picked":["Combust","Havoc"],"picked":"Iron Wave+1","floor":14},{"not_picked":["Exhume","Brutality"],"picked":"Impervious","floor":16},{"not_picked":["Twin Strike+1"],"picked":"SKIP","floor":18},{"not_picked":[],"picked":"Flex+1","floor":20},{"not_picked":["Dropkick+1"],"picked":"SKIP","floor":21},{"not_picked":[],"picked":"Battle Trance","floor":25},{"not_picked":[],"picked":"Entrench","floor":28},{"not_picked":[],"picked":"Body Slam+1","floor":30},{"not_picked":["Carnage+1"],"picked":"SKIP","floor":31},{"not_picked":[],"picked":"Feed+1","floor":33},{"not_picked":["Reckless Charge+1"],"picked":"SKIP","floor":35},{"not_picked":["Intimidate+1"],"picked":"SKIP","floor":39},{"not_picked":[],"picked":"Shockwave","floor":40},{"not_picked":["Anger+1"],"picked":"SKIP","floor":41},{"not_picked":["Havoc+1"],"picked":"SKIP","floor":44},{"not_picked":["Rampage+1"],"picked":"SKIP","floor":47},{"not_picked":[],"picked":"Flame Barrier","floor":48}],"player_experience":539071,"relics_obtained":[{"floor":7,"key":"Whetstone"},{"floor":9,"key":"Molten Egg 2"},{"floor":10,"key":"Dream Catcher"},{"floor":25,"key":"Ice Cream"},{"floor":26,"key":"Blood Vial"},{"floor":36,"key":"Old Coin"},{"floor":43,"key":"Pen Nib"},{"floor":45,"key":"Du-Vu Doll"},{"floor":46,"key":"Potion Belt"},{"floor":48,"key":"The Courier"}],"event_choices":[{"damage_healed":0,"gold_gain":0,"player_choice":"Upgraded","damage_taken":0,"max_hp_gain":0,"max_hp_loss":0,"event_name":"Upgrade Shrine","floor":5,"gold_loss":0,"cards_upgraded":["Bash"]},{"damage_healed":0,"gold_gain":0,"player_choice":"Ignored","damage_taken":0,"max_hp_gain":0,"max_hp_loss":0,"event_name":"Ghosts","floor":22,"gold_loss":0},{"damage_healed":0,"gold_gain":0,"player_choice":"Copied","damage_taken":0,"max_hp_gain":0,"max_hp_loss":0,"event_name":"Duplicator","floor":24,"gold_loss":0,"cards_obtained":["Impervious"]},{"damage_healed":0,"gold_gain":0,"player_choice":"Fight","damage_taken":0,"max_hp_gain":0,"max_hp_loss":0,"event_name":"Mysterious Sphere","floor":36,"gold_loss":0},{"cards_removed":["Strike_R"],"damage_healed":0,"gold_gain":0,"player_choice":"Upgrade and Remove","damage_taken":0,"max_hp_gain":0,"max_hp_loss":0,"event_name":"Designer","floor":37,"gold_loss":90,"cards_upgraded":["Defend_R"]},{"damage_healed":0,"gold_gain":0,"player_choice":"Fight","damage_taken":0,"max_hp_gain":0,"max_hp_loss":0,"event_name":"MindBloom","floor":45,"gold_loss":0}],"is_beta":false,"boss_relics":[{"not_picked":["Eternal Feather","Black Blood"],"picked":"Busted Crown"},{"not_picked":["Cursed Key","Orrery"],"picked":"Velvet Choker"}],"items_purged_floors":[12,19,38],"is_endless":false,"potions_floor_spawned":[3,7,10,13,14,16,18,20,30,33,39,41,48],"killed_by":"Donu and Deca","ascension_level":4}