{"gold_per_floor":[111,81,41,52,52,85,85,112,112,112,132,147,179,189,189,289,289,309,234,234,246,246,246,161,161,239,251,279,279,293,309,309,309],"floor_reached":33,"playtime":1356,"items_purged":[],"score":372,"play_id":"69c349d5-4d1f-498c-8dd0-ee6574601b60","local_time":"20190207161529","is_ascension_mode":true,"campfire_choices":[{"floor":7,"key":"REST"},{"floor":15,"key":"REST"},{"data":"Rainbow","floor":23,"key":"SMITH"},{"data":"Chill","floor":25,"key":"SMITH"},{"floor":29,"key":"REST"},{"floor":32,"key":"REST"}],"neow_cost":"NONE","seed_source_timestamp":631216378965794,"circlet_count":0,"master_deck":["Strike_B","Strike_B","Strike_B","Defend_B","Defend_B","Defend_B","Defend_B","Zap","Dualcast","Cold Snap","Genetic Algorithm","Loop","Cold Snap","Ball Lightning","Chill+1","Go for the Eyes","Rainbow+1","Storm+1","Fusion+1","Conserve Battery","Ball Lightning+1","Compile Driver","Gash+1","Gash+1"],"relics":["Cracked Core","NeowsBlessing","Darkstone Periapt","Peace Pipe","Meat on the Bone","Art of War","Inserter","Ancient Tea Set","Ornamental Fan","Mummified Hand"],"potions_floor_usage":[16,16,18,28,33],"damage_taken":[{"damage":0,"enemies":"Small Slimes","floor":1,"turns":1},{"damage":0,"enemies":"Cultist","floor":4,"turns":1},{"damage":0,"enemies":"3 Sentries","floor":6,"turns":1},{"damage":27,"enemies":"Lagavulin","floor":8,"turns":8},{"damage":1,"enemies":"2 Louse","floor":11,"turns":2},{"damage":13,"enemies":"2 Fungi Beasts","floor":12,"turns":4},{"damage":7,"enemies":"Gremlin Nob","floor":13,"turns":4},{"damage":0,"enemies":"Exordium Wildlife","floor":14,"turns":3},{"damage":9,"enemies":"The Guardian","floor":16,"turns":14},{"damage":15,"enemies":"2 Thieves","floor":18,"turns":4},{"damage":12,"enemies":"Chosen","floor":21,"turns":5},{"damage":9,"enemies":"Snake Plant","floor":27,"turns":5},{"damage":26,"enemies":"Slavers","floor":28,"turns":6},{"damage":0,"enemies":"Centurion and Healer","floor":30,"turns":7},{"damage":23,"enemies":"Cultist and Chosen","floor":31,"turns":8},{"damage":65,"enemies":"Champ","floor":33,"turns":11}],"seed_played":"-6999311425647776727","potions_obtained":[{"floor":2,"key":"Fire Potion"},{"floor":2,"key":"Block Potion"},{"floor":8,"key":"EssenceOfSteel"},{"floor":21,"key":"LiquidBronze"},{"floor":31,"key":"FearPotion"}],"is_trial":false,"path_per_floor":["M","?","$","M","?","E","R","E","T","?","M","M","E","M","R","B",null,"M","?","$","M","?","R","?","R","T","M","E","R","M","M","R","B"],"character_chosen":"DEFECT","items_purchased":["Genetic Algorithm"],"campfire_rested":4,"item_purchase_floors":[3],"current_hp_per_floor":[75,75,75,75,68,68,75,48,48,48,47,46,39,39,61,52,75,60,60,60,48,48,48,48,48,48,39,25,47,47,36,58,0],"gold":309,"neow_bonus":"THREE_ENEMY_KILL","is_prod":false,"is_daily":false,"chose_seed":false,"campfire_upgraded":2,"win_rate":0,"timestamp":1549574129,"path_taken":["M","?","?","M","?","E","R","E","T","?","?","M","E","M","R","BOSS","M","?","$","M","?","R","?","R","T","?","E","R","M","M","R","BOSS"],"build_version":"2019-01-23","purchased_purges":0,"victory":false,"max_hp_per_floor":[75,75,75,75,75,75,75,75,75,75,75,75,75,75,75,75,75,75,75,75,75,75,75,75,75,75,75,75,75,75,75,75,75],"card_choices":[{"not_picked":["Redo","Go for the Eyes"],"picked":"Cold Snap","floor":1},{"not_picked":["Hologram","Coolheaded"],"picked":"Loop","floor":4},{"not_picked":["Compile Driver","Hello World"],"picked":"Cold Snap","floor":6},{"not_picked":["Darkness","Reprogram"],"picked":"Tempest","floor":8},{"not_picked":["Aggregate","Hologram","Turbo"],"picked":"SKIP","floor":11},{"not_picked":["Seek","Barrage"],"picked":"Ball Lightning","floor":12},{"not_picked":["Steam","Doom and Gloom"],"picked":"Chill","floor":13},{"not_picked":["Ball Lightning","Steam"],"picked":"Go for the Eyes","floor":14},{"not_picked":["All For One","Seek"],"picked":"Rainbow","floor":16},{"not_picked":["Aggregate","Fusion"],"picked":"Storm+1","floor":18},{"not_picked":["Gash","Loop+1"],"picked":"Fusion+1","floor":21},{"not_picked":["Sweeping Beam","Redo"],"picked":"Ball Lightning+1","floor":27},{"not_picked":["Coolheaded","Stack"],"picked":"Compile Driver","floor":28},{"not_picked":["Compile Driver","Turbo+1"],"picked":"Gash+1","floor":30},{"not_picked":["Compile Driver","Cold Snap"],"picked":"Gash+1","floor":31}],"player_experience":170041,"relics_obtained":[{"floor":6,"key":"Darkstone Periapt"},{"floor":8,"key":"Peace Pipe"},{"floor":9,"key":"Meat on the Bone"},{"floor":13,"key":"Art of War"},{"floor":26,"key":"Ornamental Fan"},{"floor":28,"key":"Mummified Hand"}],"event_choices":[{"damage_healed":0,"gold_gain":0,"player_choice":"Bought 2 Potions","damage_taken":0,"max_hp_gain":0,"max_hp_loss":0,"event_name":"The Woman in Blue","floor":2,"gold_loss":0},{"cards_removed":["Strike_B"],"damage_healed":0,"gold_gain":0,"player_choice":"Card Removal","damage_taken":7,"max_hp_gain":0,"max_hp_loss":0,"event_name":"Golden Wing","floor":5,"gold_loss":0},{"damage_healed":0,"gold_gain":0,"player_choice":"Got Potions","damage_taken":0,"max_hp_gain":0,"max_hp_loss":0,"event_name":"Lab","floor":10,"gold_loss":0},{"cards_removed":["Tempest"],"damage_healed":0,"gold_gain":0,"player_choice":"Gave Gold","damage_taken":0,"max_hp_gain":0,"max_hp_loss":0,"event_name":"Beggar","floor":19,"gold_loss":75},{"damage_healed":0,"gold_gain":0,"player_choice":"Read","damage_taken":0,"max_hp_gain":0,"max_hp_loss":0,"event_name":"The Library","floor":22,"gold_loss":0,"cards_obtained":["Conserve Battery"]},{"damage_healed":0,"gold_gain":0,"player_choice":"Obtained Relic","damage_taken":0,"relics_obtained":["Ancient Tea Set"],"max_hp_gain":0,"max_hp_loss":0,"event_name":"Addict","floor":24,"gold_loss":85}],"is_beta":false,"boss_relics":[{"not_picked":["Orrery","Runic Dome"],"picked":"Inserter"}],"items_purged_floors":[],"is_endless":false,"potions_floor_spawned":[8,11,12,21,31],"killed_by":"Champ","ascension_level":4}