{"gold_per_floor":[115,133,133,149,21,44,44,80,80,80,93,93,93,193,193,283,283,252,252,30,42,56,56,56,56],"floor_reached":25,"playtime":939,"items_purged":["Strike_B"],"score":362,"play_id":"7b1d1116-fad1-40c1-b0d2-f1e110f45d85","local_time":"20190602151231","is_ascension_mode":true,"campfire_choices":[{"floor":7,"key":"REST"},{"floor":13,"key":"REST"},{"floor":15,"key":"REST"},{"floor":23,"key":"REST"}],"neow_cost":"TEN_PERCENT_HP_LOSS","seed_source_timestamp":85466432193014,"circlet_count":0,"master_deck":["AscendersBane","Strike_B+1","Strike_B","Defend_B","Defend_B","Defend_B","Zap","Dualcast","Sweeping Beam","Hologram","Go for the Eyes","Streamline+1","Glacier+1","All For One","Machine Learning","Conserve Battery"],"relics":["Cracked Core","Blood Vial","Pear","Busted Crown","Nloth\u0027s Gift","Runic Capacitor"],"potions_floor_usage":[11,22,22],"damage_taken":[{"damage":5,"enemies":"Small Slimes","floor":1,"turns":3},{"damage":7,"enemies":"Jaw Worm","floor":2,"turns":3},{"damage":13,"enemies":"2 Louse","floor":4,"turns":2},{"damage":5,"enemies":"Red Slaver","floor":6,"turns":4},{"damage":22,"enemies":"Lagavulin","floor":8,"turns":6},{"damage":18,"enemies":"Exordium Thugs","floor":11,"turns":4},{"damage":42,"enemies":"Slime Boss","floor":16,"turns":14},{"damage":7,"enemies":"2 Thieves","floor":18,"turns":5},{"damage":0,"enemies":"Spheric Guardian","floor":21,"turns":3},{"damage":15,"enemies":"Shelled Parasite and Fungi","floor":22,"turns":4},{"damage":58,"enemies":"Gremlin Leader","floor":25,"turns":7}],"seed_played":"-8242177443963729314","potions_obtained":[{"floor":8,"key":"SkillPotion"},{"floor":16,"key":"PowerPotion"},{"floor":21,"key":"Block Potion"}],"is_trial":false,"path_per_floor":["M","M","?","M","$","M","R","E","T","?","M","?","R","?","R","B",null,"M","?","$","M","M","R","$","E"],"character_chosen":"DEFECT","items_purchased":["Go for the Eyes","Runic Capacitor"],"campfire_rested":4,"item_purchase_floors":[5,20],"current_hp_per_floor":[59,52,52,39,39,34,51,29,39,39,23,3,23,23,43,3,52,47,47,47,49,36,56,56,0],"gold":56,"neow_bonus":"REMOVE_TWO","is_prod":false,"is_daily":false,"chose_seed":false,"campfire_upgraded":0,"win_rate":0,"timestamp":1559513551,"path_taken":["M","M","?","M","$","M","R","E","T","?","M","?","R","?","R","BOSS","M","?","$","M","M","R","$","E"],"build_version":"2019-01-23","purchased_purges":1,"victory":false,"max_hp_per_floor":[64,64,58,58,58,58,58,58,68,68,68,68,68,68,68,68,68,68,68,68,68,68,68,68,68],"card_choices":[{"not_picked":["Barrage","Stack"],"picked":"Sweeping Beam","floor":1},{"not_picked":["Sweeping Beam","Beam Cell"],"picked":"Hologram","floor":2},{"not_picked":["Beam Cell","Hologram","Blizzard"],"picked":"SKIP","floor":4},{"not_picked":["Chill","Lockon"],"picked":"Streamline","floor":6},{"not_picked":["Cold Snap","Heatsinks"],"picked":"Glacier","floor":8},{"not_picked":["Auto Shields","Streamline"],"picked":"All For One","floor":11},{"not_picked":["Biased Cognition","Amplify"],"picked":"Machine Learning","floor":16},{"not_picked":["Aggregate"],"picked":"SKIP","floor":18},{"not_picked":["Lockon"],"picked":"SKIP","floor":21},{"not_picked":[],"picked":"Conserve Battery","floor":22}],"player_experience":938851,"relics_obtained":[{"floor":8,"key":"Blood Vial"},{"floor":9,"key":"Pear"}],"event_choices":[{"damage_healed":0,"gold_gain":0,"player_choice":"Lose Max HP","damage_taken":0,"relics_obtained":["Golden Idol"],"max_hp_gain":0,"max_hp_loss":6,"event_name":"Golden Idol","floor":3,"gold_loss":0},{"damage_healed":0,"gold_gain":0,"player_choice":"Grow","damage_taken":0,"max_hp_gain":0,"max_hp_loss":0,"event_name":"Living Wall","floor":10,"gold_loss":0,"cards_upgraded":["Glacier"]},{"damage_healed":0,"gold_gain":0,"player_choice":"Entered Light","damage_taken":20,"max_hp_gain":0,"max_hp_loss":0,"event_name":"Shining Light","floor":12,"gold_loss":0,"cards_upgraded":["Strike_B","Streamline"]},{"damage_healed":0,"gold_gain":100,"player_choice":"Gold","damage_taken":0,"max_hp_gain":0,"max_hp_loss":0,"event_name":"Wheel of Change","floor":14,"gold_loss":0},{"damage_healed":0,"gold_gain":0,"player_choice":"Traded Relic","damage_taken":0,"relics_obtained":["Nloth\u0027s Gift"],"max_hp_gain":0,"max_hp_loss":0,"event_name":"N\u0027loth","floor":19,"relics_lost":["Golden Idol"],"gold_loss":0}],"is_beta":false,"boss_relics":[{"not_picked":["Snecko Eye","Inserter"],"picked":"Busted Crown"}],"items_purged_floors":[5],"is_endless":false,"potions_floor_spawned":[8,16,21],"killed_by":"Gremlin Leader","ascension_level":16}