{"gold_per_floor":[110,124,144,160,176,176,188,223,249,306,306,322,322,357,357,357],"floor_reached":16,"playtime":735,"items_purged":[],"score":136,"play_id":"03391af3-b4bd-4d96-8af1-941eecddb393","local_time":"20190602124736","is_ascension_mode":true,"campfire_choices":[{"data":"Flame Barrier","floor":6,"key":"SMITH"},{"data":"Flex","floor":11,"key":"SMITH"},{"floor":15,"key":"REST"}],"neow_cost":"NONE","seed_source_timestamp":578546228790834,"circlet_count":0,"master_deck":["Strike_R","Strike_R","Strike_R","Strike_R","Strike_R+1","Defend_R","Defend_R","Defend_R","Defend_R","Bash","Inflame","Pommel Strike","Seeing Red","Flex+1","Flame Barrier+1","Bloodletting","Immolate+1","Flex","Whirlwind"],"relics":["Burning Blood","Letter Opener","Dream Catcher","Tiny Chest","Bottled Lightning","Whetstone"],"potions_floor_usage":[5,7,8,8],"damage_taken":[{"damage":6,"enemies":"Cultist","floor":1,"turns":3},{"damage":12,"enemies":"Jaw Worm","floor":2,"turns":2},{"damage":0,"enemies":"Small Slimes","floor":3,"turns":3},{"damage":6,"enemies":"2 Fungi Beasts","floor":4,"turns":4},{"damage":3,"enemies":"Large Slime","floor":5,"turns":7},{"damage":5,"enemies":"Exordium Thugs","floor":7,"turns":4},{"damage":20,"enemies":"3 Sentries","floor":8,"turns":8},{"damage":15,"enemies":"Lagavulin","floor":10,"turns":5},{"damage":6,"enemies":"Blue Slaver","floor":12,"turns":3},{"damage":18,"enemies":"Gremlin Nob","floor":14,"turns":4},{"damage":75,"enemies":"The Guardian","floor":16,"turns":9}],"seed_played":"1574349660967478380","potions_obtained":[{"floor":2,"key":"GamblersBrew"},{"floor":3,"key":"SpeedPotion"},{"floor":4,"key":"Dexterity Potion"},{"floor":7,"key":"Energy Potion"}],"is_trial":false,"path_per_floor":["M","M","M","M","M","R","M","E","T","E","R","M","T","E","R","B"],"character_chosen":"IRONCLAD","items_purchased":[],"campfire_rested":1,"item_purchase_floors":[],"current_hp_per_floor":[80,74,80,80,80,80,80,66,66,57,57,57,57,45,69,0],"gold":357,"neow_bonus":"THREE_CARDS","is_prod":false,"is_daily":false,"chose_seed":false,"campfire_upgraded":2,"win_rate":0,"timestamp":1559504856,"path_taken":["M","M","M","M","?","R","M","E","T","E","R","M","?","E","R","BOSS"],"build_version":"2019-01-23","purchased_purges":0,"victory":false,"max_hp_per_floor":[80,80,80,80,80,80,80,80,80,80,80,80,80,80,80,80],"card_choices":[{"not_picked":["Shrug It Off","Headbutt"],"picked":"Inflame","floor":0},{"not_picked":["Sword Boomerang","Inflame"],"picked":"Pommel Strike","floor":1},{"not_picked":["Headbutt","Body Slam"],"picked":"Seeing Red","floor":2},{"not_picked":["Dropkick","Infernal Blade"],"picked":"Flex","floor":3},{"not_picked":["Armaments","Warcry"],"picked":"Flame Barrier","floor":4},{"not_picked":["Thunderclap","Body Slam","Inflame"],"picked":"SKIP","floor":5},{"not_picked":["Anger","Reckless Charge"],"picked":"Bloodletting","floor":7},{"not_picked":["Thunderclap","Armaments"],"picked":"Immolate","floor":8},{"not_picked":["Perfected Strike","Combust","Reckless Charge"],"picked":"SKIP","floor":10},{"not_picked":["Disarm","Uppercut"],"picked":"Flex","floor":12},{"not_picked":["Havoc","Twin Strike","Dark Embrace"],"picked":"SKIP","floor":14},{"not_picked":["Anger","Second Wind"],"picked":"Whirlwind","floor":15}],"player_experience":276141,"relics_obtained":[{"floor":8,"key":"Letter Opener"},{"floor":9,"key":"Dream Catcher"},{"floor":10,"key":"Tiny Chest"},{"floor":13,"key":"Bottled Lightning"},{"floor":14,"key":"Whetstone"}],"event_choices":[],"is_beta":false,"boss_relics":[],"items_purged_floors":[],"is_endless":false,"potions_floor_spawned":[2,3,4,7],"killed_by":"The Guardian","ascension_level":2}