{"gold_per_floor":[111,128,128,149,149,182,182,205,205,205,230,190,190,205,205,335,335,349,77,98,116,132,132,171,171,196,196,237,237,260,185,185,315,315,338,338,338,338,357,357,390,390,415,415,540,197,197,212,212,212],"floor_reached":51,"playtime":2449,"items_purged":["Strike_R","Strike_R"],"score":779,"play_id":"a9f9448b-8733-4832-990e-8fbdbb07986d","local_time":"20190604040922","is_ascension_mode":true,"campfire_choices":[{"data":"Armaments","floor":7,"key":"SMITH"},{"data":"Body Slam","floor":10,"key":"SMITH"},{"data":"Defend_R","floor":13,"key":"SMITH"},{"data":"Defend_R","floor":15,"key":"SMITH"},{"data":"Defend_R","floor":23,"key":"SMITH"},{"data":"Strike_R","floor":25,"key":"SMITH"},{"floor":32,"key":"REST"},{"data":"Defend_R","floor":40,"key":"SMITH"},{"data":"Battle Trance","floor":42,"key":"SMITH"},{"floor":44,"key":"REST"},{"floor":49,"key":"REST"}],"neow_cost":"NONE","seed_source_timestamp":718505618788946,"circlet_count":0,"master_deck":["Strike_R","Strike_R+1","Defend_R+1","Defend_R+1","Defend_R+1","Defend_R+1","Bash","Body Slam+1","Armaments+1","Battle Trance+1","Bludgeon","Body Slam+1","RitualDagger+1","Impatience+1","Impervious+1","Disarm+1","Double Tap+1","Finesse+1"],"relics":["Burning Blood","NeowsBlessing","Golden Idol","Pocketwatch","Pear","Busted Crown","ClockworkSouvenir","Molten Egg 2","Boot","Toxic Egg 2","Sozu","Darkstone Periapt","Blue Candle","PreservedInsect","Peace Pipe","Letter Opener"],"potions_floor_usage":[6,16,16,18,20,24,24,28,33],"damage_taken":[{"damage":0,"enemies":"2 Louse","floor":1,"turns":1},{"damage":0,"enemies":"Small Slimes","floor":2,"turns":1},{"damage":0,"enemies":"Cultist","floor":4,"turns":1},{"damage":18,"enemies":"Lagavulin","floor":6,"turns":6},{"damage":11,"enemies":"Looter","floor":8,"turns":2},{"damage":0,"enemies":"Blue Slaver","floor":11,"turns":2},{"damage":4,"enemies":"3 Louse","floor":14,"turns":3},{"damage":44,"enemies":"Hexaghost","floor":16,"turns":6},{"damage":0,"enemies":"2 Thieves","floor":18,"turns":3},{"damage":0,"enemies":"Chosen","floor":20,"turns":3},{"damage":0,"enemies":"Snake Plant","floor":21,"turns":3},{"damage":10,"enemies":"Cultist and Chosen","floor":22,"turns":6},{"damage":15,"enemies":"Book of Stabbing","floor":24,"turns":5},{"damage":53,"enemies":"Gremlin Leader","floor":28,"turns":7},{"damage":10,"enemies":"Snecko","floor":30,"turns":4},{"damage":25,"enemies":"Collector","floor":33,"turns":12},{"damage":17,"enemies":"Orb Walker","floor":35,"turns":4},{"damage":9,"enemies":"3 Darklings","floor":39,"turns":5},{"damage":51,"enemies":"Giant Head","floor":41,"turns":8},{"damage":0,"enemies":"Mind Bloom Boss Battle","floor":45,"turns":5},{"damage":0,"enemies":"Jaw Worm Horde","floor":48,"turns":3},{"damage":37,"enemies":"Awakened One","floor":50,"turns":13}],"seed_played":"-4257655454441373136","potions_obtained":[{"floor":1,"key":"Poison Potion"},{"floor":12,"key":"SpeedPotion"},{"floor":12,"key":"BloodPotion"},{"floor":12,"key":"PowerPotion"},{"floor":14,"key":"Energy Potion"},{"floor":16,"key":"Weak Potion"},{"floor":18,"key":"GamblersBrew"},{"floor":21,"key":"Regen Potion"},{"floor":24,"key":"BloodPotion"},{"floor":30,"key":"PowerPotion"}],"is_trial":false,"path_per_floor":["M","M","?","M","?","E","R","M","T","R","M","?","R","M","R","B",null,"M","$","M","M","M","R","E","R","T","?","E","?","M","?","R","B",null,"M","?","T","?","M","R","E","R","T","R","?","$","T","M","R","B",null],"character_chosen":"IRONCLAD","items_purchased":["ClockworkSouvenir","Double Tap+1","Finesse+1"],"campfire_rested":3,"item_purchase_floors":[19,46,46],"current_hp_per_floor":[80,80,74,74,74,62,62,57,67,67,73,73,73,75,75,37,84,84,84,84,84,80,80,80,80,80,74,35,63,59,59,84,65,84,73,73,73,73,70,70,25,25,25,50,56,56,56,62,84,53],"gold":212,"neow_bonus":"THREE_ENEMY_KILL","is_prod":false,"is_daily":false,"chose_seed":false,"campfire_upgraded":8,"win_rate":0,"timestamp":1559646562,"path_taken":["M","M","?","M","?","E","R","M","T","R","M","?","R","M","R","BOSS","M","$","?","M","M","R","E","R","T","?","E","?","M","?","R","BOSS","M","?","?","?","?","R","E","R","T","R","?","$","?","M","R","BOSS"],"build_version":"2019-01-23","purchased_purges":2,"victory":true,"max_hp_per_floor":[80,80,74,74,74,74,74,74,84,84,84,84,84,84,84,84,84,84,84,84,84,84,84,84,84,84,84,84,84,84,84,84,84,84,84,84,84,84,84,84,84,84,84,84,84,84,84,84,84,84],"card_choices":[{"not_picked":["Rupture","Clash"],"picked":"Body Slam","floor":1},{"not_picked":["Twin Strike","Cleave"],"picked":"Armaments","floor":2},{"not_picked":["Uppercut","Perfected Strike"],"picked":"Battle Trance","floor":4},{"not_picked":["Anger","Clothesline"],"picked":"Bludgeon","floor":6},{"not_picked":["Armaments","Intimidate"],"picked":"Body Slam","floor":8},{"not_picked":["Clash","Rampage","Armaments"],"picked":"SKIP","floor":11},{"not_picked":["Warcry","Infernal Blade","Bludgeon"],"picked":"SKIP","floor":14},{"not_picked":["Havoc"],"picked":"SKIP","floor":18},{"not_picked":["Twin Strike"],"picked":"SKIP","floor":20},{"not_picked":["Headbutt"],"picked":"SKIP","floor":21},{"not_picked":["Headbutt"],"picked":"SKIP","floor":21},{"not_picked":["Heavy Blade"],"picked":"SKIP","floor":22},{"not_picked":["Heavy Blade"],"picked":"SKIP","floor":22},{"not_picked":[],"picked":"Metallicize","floor":24},{"not_picked":["Sword Boomerang+1"],"picked":"SKIP","floor":28},{"not_picked":["Feel No Pain"],"picked":"SKIP","floor":30},{"not_picked":["Perfected Strike+1"],"picked":"SKIP","floor":35},{"not_picked":["Metallicize+1"],"picked":"SKIP","floor":39},{"not_picked":["Clothesline+1"],"picked":"SKIP","floor":41},{"not_picked":[],"picked":"Disarm+1","floor":45},{"not_picked":["Armaments+1"],"picked":"SKIP","floor":48}],"player_experience":310023,"relics_obtained":[{"floor":6,"key":"Pocketwatch"},{"floor":9,"key":"Pear"},{"floor":24,"key":"Molten Egg 2"},{"floor":26,"key":"Boot"},{"floor":28,"key":"Toxic Egg 2"},{"floor":37,"key":"Darkstone Periapt"},{"floor":41,"key":"Blue Candle"},{"floor":43,"key":"PreservedInsect"},{"floor":45,"key":"Peace Pipe"},{"floor":47,"key":"Letter Opener"}],"event_choices":[{"damage_healed":0,"gold_gain":0,"player_choice":"Lose Max HP","damage_taken":0,"relics_obtained":["Golden Idol"],"max_hp_gain":0,"max_hp_loss":6,"event_name":"Golden Idol","floor":3,"gold_loss":0},{"damage_healed":0,"gold_gain":0,"player_choice":"Grow","damage_taken":0,"max_hp_gain":0,"max_hp_loss":0,"event_name":"Living Wall","floor":5,"gold_loss":0,"cards_upgraded":["Body Slam"]},{"damage_healed":0,"gold_gain":0,"player_choice":"Bought 3 Potions","damage_taken":0,"max_hp_gain":0,"max_hp_loss":0,"event_name":"The Woman in Blue","floor":12,"gold_loss":0},{"damage_healed":0,"gold_gain":0,"player_choice":"Joined the Cult","damage_taken":6,"max_hp_gain":0,"max_hp_loss":0,"event_name":"Nest","floor":27,"gold_loss":0,"cards_obtained":["RitualDagger"]},{"damage_healed":28,"gold_gain":0,"player_choice":"Heal","damage_taken":0,"max_hp_gain":0,"max_hp_loss":0,"event_name":"The Library","floor":29,"gold_loss":0},{"cards_removed":["Strike_R"],"damage_healed":0,"gold_gain":0,"player_choice":"Gave Gold","damage_taken":0,"max_hp_gain":0,"max_hp_loss":0,"event_name":"Beggar","floor":31,"gold_loss":75},{"cards_removed":["Metallicize"],"damage_healed":0,"gold_gain":0,"player_choice":"Removed Power","damage_taken":0,"max_hp_gain":0,"max_hp_loss":0,"event_name":"Falling","floor":36,"gold_loss":0},{"damage_healed":0,"gold_gain":0,"player_choice":"2 cards matched","damage_taken":0,"max_hp_gain":0,"max_hp_loss":0,"event_name":"Match and Keep!","floor":38,"gold_loss":0,"cards_obtained":["Impatience","Impervious"]},{"damage_healed":0,"gold_gain":0,"player_choice":"Fight","damage_taken":0,"max_hp_gain":0,"max_hp_loss":0,"event_name":"MindBloom","floor":45,"gold_loss":0}],"is_beta":false,"boss_relics":[{"not_picked":["Runic Cube","Philosopher\u0027s Stone"],"picked":"Busted Crown"},{"not_picked":["Eternal Feather","Black Star"],"picked":"Sozu"}],"items_purged_floors":[19,46],"is_endless":false,"potions_floor_spawned":[1,14,16,18,21,24,30,39,41,48],"ascension_level":2}