{"gold_per_floor":[118,218,238,258,45,79,79,95,142,142,159,159],"floor_reached":12,"playtime":330,"items_purged":[],"score":80,"play_id":"0e893e84-a8f2-4a56-b642-a30484f9e351","local_time":"20190628183651","is_ascension_mode":false,"campfire_choices":[{"data":"Sunder","floor":7,"key":"SMITH"}],"neow_cost":"NONE","seed_source_timestamp":1019113651309307,"circlet_count":0,"master_deck":["Strike_B","Strike_B","Strike_B","Strike_B","Defend_B","Defend_B","Defend_B","Defend_B","Zap","Dualcast","Genetic Algorithm","Hologram","Blizzard","Sunder+1","Stack","Electrodynamics","Auto Shields"],"relics":["Cracked Core","Anchor","Bottled Flame","Pen Nib"],"potions_floor_usage":[6,12],"damage_taken":[{"damage":1,"enemies":"Jaw Worm","floor":1,"turns":3},{"damage":4,"enemies":"Cultist","floor":3,"turns":4},{"damage":0,"enemies":"2 Louse","floor":4,"turns":3},{"damage":63,"enemies":"Gremlin Nob","floor":6,"turns":6},{"damage":0,"enemies":"2 Fungi Beasts","floor":8,"turns":3},{"damage":10,"enemies":"Lots of Slimes","floor":11,"turns":3},{"damage":20,"enemies":"Lagavulin","floor":12,"turns":3}],"seed_played":"389552526270731377","potions_obtained":[{"floor":4,"key":"Dexterity Potion"},{"floor":6,"key":"Fruit Juice"}],"is_trial":false,"path_per_floor":["M","?","M","M","$","E","R","M","T","?","M","E"],"character_chosen":"DEFECT","items_purchased":["Anchor","Sunder"],"campfire_rested":0,"item_purchase_floors":[5,5],"current_hp_per_floor":[81,81,77,77,77,14,14,14,14,14,4,0],"gold":159,"neow_bonus":"TEN_PERCENT_HP_BONUS","is_prod":false,"is_daily":false,"chose_seed":false,"campfire_upgraded":1,"win_rate":0.0,"timestamp":1561772211,"path_taken":["M","?","M","?","$","E","R","M","T","?","M","E"],"build_version":"2019-01-23","purchased_purges":0,"victory":false,"max_hp_per_floor":[82,82,82,82,82,82,82,82,82,82,82,87],"card_choices":[{"not_picked":["Redo","Conserve Battery"],"picked":"Genetic Algorithm","floor":1},{"not_picked":["Sweeping Beam","Coolheaded"],"picked":"Hologram","floor":3},{"not_picked":["Conserve Battery","Defragment"],"picked":"Blizzard","floor":4},{"not_picked":["Rebound","Streamline"],"picked":"Stack","floor":6},{"not_picked":["Conserve Battery","Static Discharge"],"picked":"Electrodynamics","floor":8},{"not_picked":["Fusion","Storm"],"picked":"Auto Shields","floor":11}],"player_experience":21785,"relics_obtained":[{"floor":6,"key":"Bottled Flame"},{"floor":9,"key":"Pen Nib"}],"event_choices":[{"damage_healed":0,"gold_gain":100,"player_choice":"Pray","damage_taken":0,"max_hp_gain":0,"max_hp_loss":0,"event_name":"Golden Shrine","floor":2,"gold_loss":0},{"damage_healed":0,"gold_gain":0,"player_choice":"Ignored","damage_taken":0,"max_hp_gain":0,"max_hp_loss":0,"event_name":"Liars Game","floor":10,"gold_loss":0}],"is_beta":false,"boss_relics":[],"items_purged_floors":[],"is_endless":false,"potions_floor_spawned":[4,6],"killed_by":"Lagavulin","ascension_level":0}