{"gold_per_floor":[117,31,31,106,125,157,157,175,175,210,229,261,281,311,311,385,385,398,249,263,276,276,276,309,324,324,224,149,168,201,220,220,220],"floor_reached":33,"playtime":2120,"items_purged":["Strike_R","Strike_R"],"score":684,"play_id":"81920e1e-29fb-4ece-8715-304757fe5983","local_time":"20190518002256","is_ascension_mode":true,"campfire_choices":[{"data":"Bash","floor":7,"key":"SMITH"},{"data":"Armaments","floor":15,"key":"SMITH"},{"data":"Uppercut","floor":23,"key":"SMITH"},{"floor":32,"key":"REST"}],"neow_cost":"NONE","seed_source_timestamp":24201123901689,"circlet_count":0,"master_deck":["AscendersBane","Strike_R","Strike_R","Defend_R","Defend_R","Defend_R","Defend_R","Bash+1","Iron Wave","Flame Barrier","Disarm","Cleave","Immolate","Shrug It Off","Armaments+1","Reaper","Uppercut+1","Iron Wave+1"],"relics":["Burning Blood","NeowsBlessing","Darkstone Periapt","Bottled Lightning","Vajra","Pear","Bronze Scales","Busted Crown","Boot","Gremlin Horn","Ornamental Fan"],"potions_floor_usage":[10,12,16,24,24],"damage_taken":[{"damage":0,"enemies":"Small Slimes","floor":1,"turns":1},{"damage":0,"enemies":"Jaw Worm","floor":5,"turns":1},{"damage":0,"enemies":"Gremlin Nob","floor":6,"turns":1},{"damage":1,"enemies":"2 Louse","floor":8,"turns":4},{"damage":10,"enemies":"3 Sentries","floor":10,"turns":4},{"damage":0,"enemies":"Exordium Wildlife","floor":11,"turns":5},{"damage":26,"enemies":"Lagavulin","floor":12,"turns":5},{"damage":6,"enemies":"Looter","floor":13,"turns":3},{"damage":13,"enemies":"3 Sentries","floor":14,"turns":5},{"damage":7,"enemies":"The Guardian","floor":16,"turns":18},{"damage":29,"enemies":"Shell Parasite","floor":18,"turns":6},{"damage":2,"enemies":"Chosen","floor":20,"turns":5},{"damage":12,"enemies":"3 Cultists","floor":21,"turns":4},{"damage":20,"enemies":"Book of Stabbing","floor":24,"turns":7},{"damage":12,"enemies":"Centurion and Healer","floor":25,"turns":9},{"damage":12,"enemies":"Shelled Parasite and Fungi","floor":29,"turns":7},{"damage":48,"enemies":"Slavers","floor":30,"turns":4},{"damage":24,"enemies":"Snake Plant","floor":31,"turns":5},{"damage":52,"enemies":"Champ","floor":33,"turns":11}],"seed_played":"227857317384038664","potions_obtained":[{"floor":1,"key":"AttackPotion"},{"floor":6,"key":"Block Potion"},{"floor":10,"key":"SkillPotion"},{"floor":18,"key":"Dexterity Potion"},{"floor":20,"key":"SteroidPotion"},{"floor":31,"key":"FearPotion"}],"is_trial":false,"path_per_floor":["M","$","?","?","M","E","R","M","T","E","M","E","M","E","R","B",null,"M","$","M","M","?","R","E","M","T","$","?","M","E","M","R","B"],"character_chosen":"IRONCLAD","items_purchased":["Flame Barrier","Uppercut"],"campfire_rested":1,"item_purchase_floors":[2,19],"current_hp_per_floor":[74,74,74,63,69,75,75,75,75,71,75,65,65,58,58,57,78,55,55,64,58,58,58,55,59,59,59,59,53,29,16,41,0],"gold":220,"neow_bonus":"THREE_ENEMY_KILL","is_prod":false,"is_daily":false,"chose_seed":false,"campfire_upgraded":3,"win_rate":0,"timestamp":1558153376,"path_taken":["M","$","?","?","M","E","R","M","T","E","M","E","M","E","R","BOSS","M","$","M","M","?","R","E","M","T","$","?","M","E","M","R","BOSS"],"build_version":"2019-01-23","purchased_purges":2,"victory":false,"max_hp_per_floor":[75,75,75,75,75,75,75,75,75,75,75,85,85,85,85,85,85,85,85,85,85,85,85,85,85,85,85,85,85,85,85,85,85],"card_choices":[{"not_picked":["Rage","Searing Blow"],"picked":"Iron Wave","floor":1},{"not_picked":["Perfected Strike","Thunderclap","Sword Boomerang"],"picked":"SKIP","floor":5},{"not_picked":["True Grit","Thunderclap"],"picked":"Disarm","floor":6},{"not_picked":["Corruption","Sword Boomerang"],"picked":"Cleave","floor":8},{"not_picked":["Power Through","Clothesline"],"picked":"Immolate","floor":10},{"not_picked":["Havoc","Searing Blow","Corruption"],"picked":"SKIP","floor":11},{"not_picked":["True Grit","Heavy Blade"],"picked":"Shrug It Off","floor":12},{"not_picked":["Searing Blow","Warcry"],"picked":"Armaments","floor":13},{"not_picked":["Disarm","Wild Strike","Evolve"],"picked":"SKIP","floor":14},{"not_picked":["Brutality","Immolate"],"picked":"Reaper","floor":16},{"not_picked":["Warcry"],"picked":"SKIP","floor":18},{"not_picked":["Sentinel"],"picked":"SKIP","floor":20},{"not_picked":["True Grit"],"picked":"SKIP","floor":21},{"not_picked":[],"picked":"Iron Wave+1","floor":24},{"not_picked":["Pommel Strike"],"picked":"SKIP","floor":25},{"not_picked":["Heavy Blade"],"picked":"SKIP","floor":29},{"not_picked":["Flex"],"picked":"SKIP","floor":30},{"not_picked":["Clothesline"],"picked":"SKIP","floor":31}],"player_experience":725742,"relics_obtained":[{"floor":6,"key":"Darkstone Periapt"},{"floor":9,"key":"Bottled Lightning"},{"floor":10,"key":"Vajra"},{"floor":12,"key":"Pear"},{"floor":14,"key":"Bronze Scales"},{"floor":24,"key":"Boot"},{"floor":26,"key":"Gremlin Horn"},{"floor":30,"key":"Ornamental Fan"}],"event_choices":[{"damage_healed":0,"gold_gain":0,"player_choice":"Ignored","damage_taken":0,"max_hp_gain":0,"max_hp_loss":0,"event_name":"Shining Light","floor":3,"gold_loss":0},{"damage_healed":0,"gold_gain":75,"player_choice":"Gather Gold","damage_taken":11,"max_hp_gain":0,"max_hp_loss":0,"event_name":"World of Goop","floor":4,"gold_loss":0},{"damage_healed":0,"gold_gain":0,"player_choice":"Ignored","damage_taken":0,"max_hp_gain":0,"max_hp_loss":0,"event_name":"Vampires","floor":22,"gold_loss":0},{"cards_removed":["Strike_R"],"damage_healed":0,"gold_gain":0,"player_choice":"Gave Gold","damage_taken":0,"max_hp_gain":0,"max_hp_loss":0,"event_name":"Beggar","floor":28,"gold_loss":75}],"is_beta":false,"boss_relics":[{"not_picked":["Velvet Choker","Fusion Hammer"],"picked":"Busted Crown"}],"items_purged_floors":[19,27],"is_endless":false,"potions_floor_spawned":[1,6,8,10,18,20,21,31],"killed_by":"Champ","ascension_level":20}