{"gold_per_floor":[119,119,119,119,144,144,170,170,170,46,58,69,87,99,99,99],"floor_reached":16,"playtime":721,"items_purged":[],"score":170,"play_id":"b98bd26a-0548-4715-b657-a5d17bcd2ad6","local_time":"20181118092355","is_ascension_mode":true,"campfire_choices":[{"floor":6,"key":"REST"},{"floor":8,"key":"REST"},{"data":"Armaments","floor":15,"key":"SMITH"}],"neow_cost":"NONE","seed_source_timestamp":86011889261080,"circlet_count":0,"master_deck":["AscendersBane","Strike_R","Strike_R","Strike_R","Strike_R+1","Strike_R","Defend_R","Defend_R","Defend_R","Defend_R","Bash","Clothesline+1","Armaments+1","Corruption","Shrug It Off","Disarm","Clothesline","Feel No Pain","Shrug It Off"],"relics":["Burning Blood","Bag of Marbles","Omamori","Mummified Hand","Art of War"],"potions_floor_usage":[12,14],"damage_taken":[{"damage":16,"enemies":"Jaw Worm","floor":1,"turns":5},{"damage":36,"enemies":"Lagavulin","floor":7,"turns":6},{"damage":5,"enemies":"Small Slimes","floor":11,"turns":4},{"damage":0,"enemies":"2 Louse","floor":12,"turns":2},{"damage":4,"enemies":"Blue Slaver","floor":13,"turns":3},{"damage":4,"enemies":"Red Slaver","floor":14,"turns":6},{"damage":77,"enemies":"Slime Boss","floor":16,"turns":12}],"seed_played":"5907623187407335501","potions_obtained":[{"floor":7,"key":"Fire Potion"},{"floor":13,"key":"GamblersBrew"}],"is_trial":false,"path_per_floor":["M","?","?","?","T","R","E","R","T","$","M","M","M","M","R","B"],"character_chosen":"IRONCLAD","items_purchased":["Corruption","Shrug It Off"],"campfire_rested":2,"item_purchase_floors":[10,10],"current_hp_per_floor":[65,82,49,33,33,57,27,51,51,51,52,58,60,62,62,0],"gold":99,"neow_bonus":"TEN_PERCENT_HP_BONUS","is_prod":false,"is_daily":false,"chose_seed":false,"campfire_upgraded":1,"win_rate":0,"timestamp":1542561835,"path_taken":["M","?","?","?","?","R","E","R","T","$","M","?","M","M","R","BOSS"],"build_version":"2018-11-15","purchased_purges":0,"victory":false,"max_hp_per_floor":[82,82,82,82,82,82,82,82,82,82,82,82,82,82,82,82],"card_choices":[{"not_picked":["Havoc","Sever Soul"],"picked":"Clothesline","floor":1},{"not_picked":["Body Slam","Perfected Strike"],"picked":"Armaments","floor":7},{"not_picked":["Rampage","Heavy Blade"],"picked":"Disarm","floor":11},{"not_picked":["Perfected Strike","Havoc"],"picked":"Clothesline","floor":12},{"not_picked":["Bludgeon","Shrug It Off"],"picked":"Feel No Pain","floor":13},{"not_picked":["Shockwave","Twin Strike"],"picked":"Shrug It Off","floor":14}],"player_experience":753099,"relics_obtained":[{"floor":5,"key":"Omamori"},{"floor":7,"key":"Mummified Hand"},{"floor":9,"key":"Art of War"}],"event_choices":[{"damage_healed":27,"gold_gain":0,"player_choice":"Banana","damage_taken":0,"max_hp_gain":0,"max_hp_loss":0,"event_name":"Big Fish","floor":2,"gold_loss":0},{"damage_healed":0,"gold_gain":0,"player_choice":"Success","damage_taken":33,"relics_obtained":["Bag of Marbles"],"max_hp_gain":0,"max_hp_loss":0,"event_name":"Scrap Ooze","floor":3,"gold_loss":0},{"damage_healed":0,"gold_gain":0,"player_choice":"Entered Light","damage_taken":16,"max_hp_gain":0,"max_hp_loss":0,"event_name":"Shining Light","floor":4,"gold_loss":0,"cards_upgraded":["Strike_R","Clothesline"]}],"is_beta":false,"boss_relics":[],"items_purged_floors":[],"is_endless":false,"potions_floor_spawned":[7,13],"killed_by":"Slime Boss","ascension_level":14}