{"gold_per_floor":[112,112,12,0,0,27,46,65,89,89,89,104,139,151,151,249,249,269,269,283,283,40,40],"floor_reached":23,"playtime":740,"items_purged":["Regret"],"score":229,"play_id":"fd5e10fb-c09a-4554-baaa-0dedc448640c","local_time":"20190205185150","is_ascension_mode":true,"campfire_choices":[{"data":"Perfected Strike","floor":10,"key":"SMITH"},{"data":"1","floor":15,"key":"LIFT"}],"neow_cost":"PERCENT_DAMAGE","seed_source_timestamp":468403457280154,"circlet_count":0,"master_deck":["Strike_R","Strike_R+1","Strike_R","Strike_R","Defend_R","Defend_R","Defend_R","Bash","Carnage+1","Cleave","Carnage","Armaments","Cleave","Power Through","Feed","Rampage","Whirlwind","Armaments"],"relics":["Burning Blood","Regal Pillow","Bag of Marbles","Whetstone","Girya","Eternal Feather","Sundial"],"potions_floor_usage":[11,16,16,23],"damage_taken":[{"damage":1,"enemies":"2 Louse","floor":1,"turns":2},{"damage":20,"enemies":"3 Sentries","floor":6,"turns":6},{"damage":6,"enemies":"Small Slimes","floor":7,"turns":2},{"damage":6,"enemies":"Jaw Worm","floor":8,"turns":2},{"damage":5,"enemies":"Exordium Thugs","floor":12,"turns":2},{"damage":8,"enemies":"Gremlin Nob","floor":13,"turns":3},{"damage":9,"enemies":"2 Fungi Beasts","floor":14,"turns":2},{"damage":48,"enemies":"The Guardian","floor":16,"turns":9},{"damage":33,"enemies":"Shell Parasite","floor":18,"turns":7},{"damage":11,"enemies":"2 Thieves","floor":20,"turns":4},{"damage":61,"enemies":"Gremlin Leader","floor":23,"turns":8}],"seed_played":"-7120409518739950406","potions_obtained":[{"floor":1,"key":"Swift Potion"},{"floor":11,"key":"Fruit Juice"},{"floor":11,"key":"Energy Potion"},{"floor":11,"key":"Ancient Potion"},{"floor":13,"key":"BloodPotion"},{"floor":18,"key":"Weak Potion"}],"is_trial":false,"path_per_floor":["M","?","$","?","$","E","M","M","T","R","?","M","E","M","R","B",null,"M","?","M","?","$","E"],"character_chosen":"IRONCLAD","items_purchased":["Cleave","Sundial"],"campfire_rested":0,"item_purchase_floors":[3,22],"current_hp_per_floor":[61,61,61,61,61,47,47,47,47,47,52,53,51,48,48,14,85,58,58,56,56,56,0],"gold":40,"neow_bonus":"TRANSFORM_TWO_CARDS","is_prod":false,"is_daily":false,"chose_seed":false,"campfire_upgraded":1,"win_rate":0,"timestamp":1549410710,"path_taken":["M","?","$","?","?","E","M","?","T","R","?","?","E","M","R","BOSS","M","?","?","?","?","E"],"build_version":"2019-01-23","purchased_purges":1,"victory":false,"max_hp_per_floor":[80,80,80,80,80,80,80,80,80,80,85,85,85,85,85,85,85,85,85,88,88,88,88],"card_choices":[{"not_picked":["Intimidate","Flex","Battle Trance"],"picked":"SKIP","floor":1},{"not_picked":["Metallicize","Dark Embrace"],"picked":"Perfected Strike","floor":6},{"not_picked":["Pommel Strike","Evolve"],"picked":"Carnage","floor":7},{"not_picked":["Intimidate","Hemokinesis"],"picked":"Armaments","floor":8},{"not_picked":["Havoc","Whirlwind"],"picked":"Cleave","floor":12},{"not_picked":["Battle Trance","Body Slam","Ghostly Armor"],"picked":"SKIP","floor":13},{"not_picked":["Wild Strike","Cleave"],"picked":"Power Through","floor":14},{"not_picked":["Dark Embrace","Immolate"],"picked":"Feed","floor":16},{"not_picked":["Wild Strike+1","Whirlwind"],"picked":"Rampage","floor":18},{"not_picked":["Body Slam","Hemokinesis"],"picked":"Armaments","floor":20}],"player_experience":162330,"relics_obtained":[{"floor":6,"key":"Bag of Marbles"},{"floor":9,"key":"Whetstone"},{"floor":13,"key":"Girya"}],"event_choices":[{"damage_healed":0,"gold_gain":0,"player_choice":"Box","damage_taken":0,"relics_obtained":["Regal Pillow"],"max_hp_gain":0,"max_hp_loss":0,"event_name":"Big Fish","floor":2,"gold_loss":0,"cards_obtained":["Regret"]},{"damage_healed":0,"gold_gain":0,"player_choice":"Left Gold","damage_taken":0,"max_hp_gain":0,"max_hp_loss":0,"event_name":"World of Goop","floor":4,"gold_loss":12},{"damage_healed":0,"gold_gain":0,"player_choice":"Got Potions","damage_taken":0,"max_hp_gain":0,"max_hp_loss":0,"event_name":"Lab","floor":11,"gold_loss":0},{"damage_healed":0,"gold_gain":0,"cards_transformed":["Rage"],"player_choice":"Transformed","damage_taken":0,"max_hp_gain":0,"max_hp_loss":0,"event_name":"Transmorgrifier","floor":19,"gold_loss":0,"cards_obtained":["Whirlwind"]},{"cards_removed":["Perfected Strike"],"damage_healed":0,"gold_gain":0,"player_choice":"Purged","damage_taken":0,"max_hp_gain":0,"max_hp_loss":0,"event_name":"Purifier","floor":21,"gold_loss":0}],"is_beta":false,"boss_relics":[{"not_picked":["Black Star","Runic Cube"],"picked":"Eternal Feather"}],"items_purged_floors":[3],"is_endless":false,"potions_floor_spawned":[1,13,14,18],"killed_by":"Gremlin Leader","ascension_level":3}