{"gold_per_floor":[110,210,26,43,56,56,89,99,99,133,213,288,59,59,59,59],"floor_reached":16,"playtime":644,"items_purged":[],"score":184,"play_id":"fdfaf29c-53d1-4d02-b155-dd886f143a83","local_time":"20181119175412","is_ascension_mode":true,"campfire_choices":[{"data":"Fiend Fire","floor":6,"key":"SMITH"},{"data":"Whirlwind","floor":15,"key":"SMITH"}],"neow_cost":"NONE","seed_source_timestamp":1260845809109,"circlet_count":0,"master_deck":["AscendersBane","Strike_R","Strike_R","Strike_R","Strike_R","Defend_R","Defend_R","Defend_R","Defend_R","Bash","Havoc","Thunderclap","Fiend Fire+1","Second Wind","Battle Trance","Armaments","Headbutt","Shockwave","Warcry","Whirlwind+1","Parasite"],"relics":["Burning Blood","Orichalcum","Mummified Hand","FossilizedHelix","Oddly Smooth Stone"],"potions_floor_usage":[10,16],"damage_taken":[{"damage":17,"enemies":"Jaw Worm","floor":1,"turns":6},{"damage":10,"enemies":"Cultist","floor":4,"turns":4},{"damage":0,"enemies":"2 Louse","floor":5,"turns":3},{"damage":29,"enemies":"3 Sentries","floor":7,"turns":9},{"damage":6,"enemies":"Looter","floor":8,"turns":2},{"damage":10,"enemies":"Gremlin Nob","floor":10,"turns":3},{"damage":42,"enemies":"The Guardian","floor":16,"turns":14}],"seed_played":"349161323204921471","potions_obtained":[{"floor":1,"key":"Weak Potion"},{"floor":5,"key":"Explosive Potion"},{"floor":10,"key":"Dexterity Potion"}],"is_trial":false,"path_per_floor":["M","?","$","M","M","R","E","M","T","E","?","?","$","?","R","B"],"character_chosen":"IRONCLAD","items_purchased":["Fiend Fire","Second Wind","Whirlwind","Oddly Smooth Stone"],"campfire_rested":0,"item_purchase_floors":[3,3,13,13],"current_hp_per_floor":[57,57,57,53,59,59,36,36,36,32,32,21,21,39,39,0],"gold":59,"neow_bonus":"TRANSFORM_CARD","is_prod":false,"is_daily":false,"chose_seed":false,"campfire_upgraded":2,"win_rate":0,"timestamp":1542678852,"path_taken":["M","?","?","?","M","R","E","M","T","E","?","?","$","?","R","BOSS"],"build_version":"2018-11-15","purchased_purges":0,"victory":false,"max_hp_per_floor":[75,75,75,75,75,75,75,75,75,75,75,75,75,75,75,75],"card_choices":[{"not_picked":["Warcry","Seeing Red"],"picked":"Thunderclap","floor":1},{"not_picked":["Warcry","Iron Wave"],"picked":"Battle Trance","floor":4},{"not_picked":["Warcry","Seeing Red"],"picked":"Armaments","floor":5},{"not_picked":["Feel No Pain","True Grit"],"picked":"Headbutt","floor":7},{"not_picked":["Sword Boomerang","Perfected Strike"],"picked":"Shockwave","floor":8},{"not_picked":["Corruption","Entrench"],"picked":"Warcry","floor":10}],"player_experience":783201,"relics_obtained":[{"floor":7,"key":"Orichalcum"},{"floor":9,"key":"Mummified Hand"},{"floor":10,"key":"FossilizedHelix"}],"event_choices":[{"damage_healed":0,"gold_gain":100,"player_choice":"Pray","damage_taken":0,"max_hp_gain":0,"max_hp_loss":0,"event_name":"Golden Shrine","floor":2,"gold_loss":0},{"damage_healed":0,"gold_gain":80,"player_choice":"Gained Gold","damage_taken":0,"max_hp_gain":0,"max_hp_loss":0,"event_name":"Golden Wing","floor":11,"gold_loss":0},{"damage_healed":0,"gold_gain":75,"player_choice":"Gather Gold","damage_taken":11,"max_hp_gain":0,"max_hp_loss":0,"event_name":"World of Goop","floor":12,"gold_loss":0},{"damage_healed":18,"gold_gain":0,"player_choice":"Healed and dodged fight","damage_taken":0,"max_hp_gain":0,"max_hp_loss":0,"event_name":"Mushrooms","floor":14,"gold_loss":0,"cards_obtained":["Parasite"]}],"is_beta":false,"boss_relics":[],"items_purged_floors":[],"is_endless":false,"potions_floor_spawned":[1,5,10],"killed_by":"The Guardian","ascension_level":14}