{"gold_per_floor":[114,30,41,57,0,0,11,40,40,40,56,56,67,77,77,151,151,162,162,162,75,89,89,121,139,139,139,149,149],"floor_reached":29,"playtime":1062,"items_purged":[],"score":544,"play_id":"91651e21-4889-4136-9ccc-08208ff262d7","local_time":"20190628192728","is_ascension_mode":true,"campfire_choices":[{"data":"Flying Knee","floor":6,"key":"SMITH"},{"floor":10,"key":"REST"},{"data":"Deadly Poison","floor":12,"key":"SMITH"},{"data":"Caltrops","floor":15,"key":"SMITH"},{"data":"After Image","floor":23,"key":"SMITH"}],"neow_cost":"NONE","seed_source_timestamp":604531558519023,"circlet_count":0,"master_deck":["AscendersBane","Defend_G+1","Defend_G+1","Defend_G+1","Defend_G+1","Defend_G+1","Strike_G+1","Strike_G+1","Strike_G+1","Strike_G+1","Strike_G+1","Survivor","Neutralize","Leg Sweep","After Image+1","Leg Sweep","Flying Knee+1","Caltrops+1","Poisoned Stab","Deadly Poison+1","Bane","Well Laid Plans","Envenom","Footwork","Skewer+1"],"relics":["Ring of the Snake","NeowsBlessing","Pocketwatch","Tough Bandages","Busted Crown","Molten Egg 2","The Courier","Pen Nib"],"potions_floor_usage":[8,11,13,24,29,29],"damage_taken":[{"damage":0,"enemies":"Cultist","floor":1,"turns":1},{"damage":0,"enemies":"Jaw Worm","floor":3,"turns":1},{"damage":0,"enemies":"2 Louse","floor":4,"turns":1},{"damage":0,"enemies":"Looter","floor":5,"turns":5},{"damage":20,"enemies":"Exordium Thugs","floor":7,"turns":8},{"damage":41,"enemies":"Lagavulin","floor":8,"turns":10},{"damage":4,"enemies":"2 Fungi Beasts","floor":11,"turns":4},{"damage":0,"enemies":"Exordium Wildlife","floor":13,"turns":2},{"damage":1,"enemies":"3 Louse","floor":14,"turns":5},{"damage":14,"enemies":"Hexaghost","floor":16,"turns":8},{"damage":2,"enemies":"3 Byrds","floor":18,"turns":2},{"damage":10,"enemies":"Chosen","floor":22,"turns":5},{"damage":0,"enemies":"Book of Stabbing","floor":24,"turns":6},{"damage":6,"enemies":"Snecko","floor":25,"turns":6},{"damage":0,"enemies":"Centurion and Healer","floor":28,"turns":8},{"damage":40,"enemies":"Gremlin Leader","floor":29,"turns":6}],"seed_played":"-9031604772549182670","potions_obtained":[{"floor":4,"key":"Regen Potion"},{"floor":8,"key":"Block Potion"},{"floor":11,"key":"Fire Potion"},{"floor":16,"key":"FearPotion"},{"floor":22,"key":"PowerPotion"},{"floor":28,"key":"Fruit Juice"}],"is_trial":false,"path_per_floor":["M","$","M","M","M","R","M","E","T","R","M","R","M","M","R","B",null,"M","?","?","$","M","R","E","M","T","?","M","E"],"character_chosen":"THE_SILENT","items_purchased":["After Image","Footwork"],"campfire_rested":1,"item_purchase_floors":[2,21],"current_hp_per_floor":[59,59,59,59,59,59,39,13,13,32,28,28,28,27,27,13,53,51,51,51,51,41,41,41,35,35,35,35,0],"gold":149,"neow_bonus":"THREE_ENEMY_KILL","is_prod":false,"is_daily":false,"chose_seed":false,"campfire_upgraded":4,"win_rate":0,"timestamp":1561764448,"path_taken":["M","$","?","M","M","R","?","E","T","R","M","R","M","M","R","BOSS","M","?","?","$","M","R","E","M","T","?","?","E"],"build_version":"2019-01-23","purchased_purges":0,"victory":false,"max_hp_per_floor":[66,66,66,66,66,66,66,66,66,66,66,66,66,66,66,66,66,66,66,66,66,66,66,66,66,66,66,66,71],"card_choices":[{"not_picked":["Prepared","Infinite Blades"],"picked":"Leg Sweep","floor":1},{"not_picked":["Outmaneuver","Acrobatics"],"picked":"Leg Sweep","floor":3},{"not_picked":["Deflect","Slice"],"picked":"Flying Knee","floor":4},{"not_picked":["Outmaneuver","Tactician","Caltrops"],"picked":"SKIP","floor":5},{"not_picked":["Outmaneuver","Tactician"],"picked":"Caltrops","floor":5},{"not_picked":["Backflip","Crippling Poison"],"picked":"Poisoned Stab","floor":7},{"not_picked":["Leg Sweep","Bane"],"picked":"Deadly Poison","floor":8},{"not_picked":["Dodge and Roll","Endless Agony","Outmaneuver"],"picked":"SKIP","floor":11},{"not_picked":["Dagger Throw","Night Terror"],"picked":"Bane","floor":13},{"not_picked":["Blade Dance","Tactician"],"picked":"Well Laid Plans","floor":14},{"not_picked":["Die Die Die","Doppelganger"],"picked":"Envenom","floor":16},{"not_picked":["Deadly Poison"],"picked":"SKIP","floor":18},{"not_picked":["Infinite Blades"],"picked":"SKIP","floor":22},{"not_picked":["Reflex"],"picked":"SKIP","floor":24},{"not_picked":["Slice+1"],"picked":"SKIP","floor":25},{"not_picked":[],"picked":"Skewer+1","floor":28}],"player_experience":990181,"relics_obtained":[{"floor":8,"key":"Pocketwatch"},{"floor":9,"key":"Tough Bandages"},{"floor":24,"key":"Molten Egg 2"},{"floor":26,"key":"The Courier"},{"floor":27,"key":"Pen Nib"}],"event_choices":[{"damage_healed":0,"gold_gain":0,"player_choice":"Ignored","damage_taken":0,"max_hp_gain":0,"max_hp_loss":0,"event_name":"Ghosts","floor":19,"gold_loss":0},{"damage_healed":0,"gold_gain":0,"player_choice":"Simplicity","damage_taken":0,"max_hp_gain":0,"max_hp_loss":0,"event_name":"Back to Basics","floor":20,"gold_loss":0,"cards_upgraded":["Defend_G","Defend_G","Defend_G","Defend_G","Defend_G","Strike_G","Strike_G","Strike_G","Strike_G","Strike_G"]},{"damage_healed":0,"gold_gain":0,"player_choice":"Relic","damage_taken":0,"max_hp_gain":0,"max_hp_loss":0,"event_name":"Wheel of Change","floor":27,"gold_loss":0}],"is_beta":false,"boss_relics":[{"not_picked":["Lizard Tail","WristBlade"],"picked":"Busted Crown"}],"items_purged_floors":[],"is_endless":false,"potions_floor_spawned":[4,8,11,16,22,28],"killed_by":"Gremlin Leader","ascension_level":20}