{"gold_per_floor":[112,112,28,43,43,43,71,71,71,101,116,135,135,146,146,218,218,218,188,188,60,60,60,60],"floor_reached":24,"playtime":1018,"items_purged":["Strike_B"],"score":401,"play_id":"c10477a2-0656-468d-91e9-ffdcd0be8e20","local_time":"20190503160844","is_ascension_mode":true,"campfire_choices":[{"data":"Defragment","floor":6,"key":"SMITH"},{"data":"White Noise","floor":8,"key":"SMITH"},{"data":"Conserve Battery","floor":13,"key":"SMITH"},{"data":"Conserve Battery","floor":15,"key":"SMITH"},{"floor":23,"key":"REST"}],"neow_cost":"NONE","seed_source_timestamp":589935133631421,"circlet_count":0,"master_deck":["AscendersBane","Strike_B","Strike_B","Strike_B","Defend_B","Defend_B","Defend_B","Defend_B","Zap","Dualcast","Conserve Battery+1","Defragment+1","Conserve Battery+1","Coolheaded","White Noise+1","Ball Lightning","Steam","Creative AI","Reinforced Body","Turbo"],"relics":["Cracked Core","NeowsBlessing","Blue Candle","Ornamental Fan","Ice Cream","Ectoplasm"],"potions_floor_usage":[12,12,16,18,20,22,22],"damage_taken":[{"damage":0,"enemies":"Jaw Worm","floor":1,"turns":1},{"damage":0,"enemies":"Cultist","floor":4,"turns":1},{"damage":0,"enemies":"3 Sentries","floor":7,"turns":1},{"damage":14,"enemies":"Lagavulin","floor":10,"turns":7},{"damage":0,"enemies":"2 Louse","floor":11,"turns":3},{"damage":13,"enemies":"Gremlin Gang","floor":12,"turns":6},{"damage":4,"enemies":"Red Slaver","floor":14,"turns":3},{"damage":8,"enemies":"The Guardian","floor":16,"turns":13},{"damage":28,"enemies":"Chosen","floor":18,"turns":6},{"damage":5,"enemies":"Shell Parasite","floor":20,"turns":10},{"damage":26,"enemies":"Colosseum Slavers","floor":22,"turns":5},{"damage":25,"enemies":"Book of Stabbing","floor":24,"turns":7}],"seed_played":"-6469584070950974095","potions_obtained":[{"floor":2,"key":"Block Potion"},{"floor":2,"key":"PowerPotion"},{"floor":12,"key":"LiquidBronze"},{"floor":16,"key":"EssenceOfSteel"},{"floor":19,"key":"Swift Potion"},{"floor":19,"key":"SkillPotion"},{"floor":20,"key":"SkillPotion"}],"is_trial":false,"path_per_floor":["M","?","$","M","$","R","E","R","T","E","M","M","R","M","R","B",null,"M","?","M","$","?","R","E"],"character_chosen":"DEFECT","items_purchased":["Defragment","Conserve Battery","Turbo"],"campfire_rested":1,"item_purchase_floors":[3,3,21],"current_hp_per_floor":[64,64,64,64,64,64,64,64,64,50,50,37,37,33,33,25,60,32,32,27,27,1,22,0],"gold":60,"neow_bonus":"THREE_ENEMY_KILL","is_prod":false,"is_daily":false,"chose_seed":false,"campfire_upgraded":4,"win_rate":0,"timestamp":1556924924,"path_taken":["M","?","$","M","$","R","E","R","T","E","M","?","R","M","R","BOSS","M","?","?","?","?","R","E"],"build_version":"2019-01-23","purchased_purges":1,"victory":false,"max_hp_per_floor":[71,71,71,71,71,71,71,71,71,71,71,71,71,71,71,71,71,71,71,71,71,71,71,71],"card_choices":[{"not_picked":["Sweeping Beam","Barrage"],"picked":"Conserve Battery","floor":1},{"not_picked":["Cold Snap","Skim"],"picked":"Coolheaded","floor":4},{"not_picked":["Scrape","Auto Shields"],"picked":"White Noise","floor":7},{"not_picked":["Hologram","Thunder Strike","Darkness"],"picked":"SKIP","floor":10},{"not_picked":["Blizzard","Hello World","Consume"],"picked":"SKIP","floor":11},{"not_picked":["Stack","Storm"],"picked":"Ball Lightning","floor":12},{"not_picked":["Hologram","Turbo"],"picked":"Steam","floor":14},{"not_picked":["Hyperbeam","Seek"],"picked":"Creative AI","floor":16},{"not_picked":["Streamline","Leap"],"picked":"Reinforced Body","floor":18},{"not_picked":["Coolheaded","Steam","Double Energy"],"picked":"SKIP","floor":20}],"player_experience":890207,"relics_obtained":[{"floor":7,"key":"Blue Candle"},{"floor":9,"key":"Ornamental Fan"},{"floor":10,"key":"Ice Cream"}],"event_choices":[{"damage_healed":0,"gold_gain":0,"player_choice":"Got Potions","damage_taken":0,"max_hp_gain":0,"max_hp_loss":0,"event_name":"Lab","floor":2,"gold_loss":0},{"damage_healed":0,"gold_gain":0,"player_choice":"Bought 2 Potions","damage_taken":0,"max_hp_gain":0,"max_hp_loss":0,"event_name":"The Woman in Blue","floor":19,"gold_loss":0},{"damage_healed":0,"gold_gain":0,"player_choice":"Fight","damage_taken":0,"max_hp_gain":0,"max_hp_loss":0,"event_name":"Colosseum","floor":22,"gold_loss":0},{"damage_healed":0,"gold_gain":0,"player_choice":"Fled From Nobs","damage_taken":0,"max_hp_gain":0,"max_hp_loss":0,"event_name":"Colosseum","floor":22,"gold_loss":0}],"is_beta":false,"boss_relics":[{"not_picked":["Coffee Dripper","Calling Bell"],"picked":"Ectoplasm"}],"items_purged_floors":[21],"is_endless":false,"potions_floor_spawned":[7,10,12,16,20],"killed_by":"Book of Stabbing","ascension_level":15}