{"gold_per_floor":[114,130,48,62,76,101,155,155,209,209,224,252,427,147,147,244,244,264,264,264,71,83,83,93,126,176,176],"floor_reached":27,"playtime":1162,"items_purged":["Doubt","Strike_G"],"score":386,"play_id":"039089fd-4957-4577-9c33-467a5ef8e326","local_time":"20180817020037","is_ascension_mode":true,"campfire_choices":[{"data":"Noxious Fumes","floor":8,"key":"SMITH"},{"floor":10,"key":"REST"},{"floor":15,"key":"REST"},{"data":"Noxious Fumes","floor":23,"key":"SMITH"}],"neow_cost":"NONE","seed_source_timestamp":33208105757629,"circlet_count":0,"master_deck":["Defend_G","Defend_G","Defend_G","Defend_G","Defend_G","Strike_G+1","Strike_G","Strike_G+1","Strike_G","Survivor","Neutralize","AscendersBane","Flying Knee","Crippling Poison","Noxious Fumes+1","Die Die Die","Sucker Punch","Backflip","Deadly Poison","After Image","Deflect+1","Necronomicurse","Catalyst","Noxious Fumes+1","Acrobatics","Acrobatics"],"relics":["Ring of the Snake","Whetstone","Bottled Flame","Oddly Smooth Stone","Snake Skull","TwistedFunnel","Lizard Tail","Necronomicon","Art of War","Vajra"],"potions_floor_usage":[6],"damage_taken":[{"damage":1,"enemies":"Cultist","floor":1,"turns":4},{"damage":0,"enemies":"Small Slimes","floor":2,"turns":3},{"damage":2,"enemies":"Jaw Worm","floor":4,"turns":5},{"damage":10,"enemies":"2 Fungi Beasts","floor":5,"turns":3},{"damage":13,"enemies":"Lagavulin","floor":6,"turns":9},{"damage":12,"enemies":"3 Louse","floor":11,"turns":4},{"damage":20,"enemies":"3 Sentries","floor":12,"turns":6},{"damage":7,"enemies":"The Guardian","floor":16,"turns":8},{"damage":1,"enemies":"Shell Parasite","floor":18,"turns":7},{"damage":27,"enemies":"3 Byrds","floor":22,"turns":4},{"damage":4,"enemies":"Snecko","floor":24,"turns":4},{"damage":44,"enemies":"Slavers","floor":25,"turns":6},{"damage":14,"enemies":"Snake Plant","floor":27,"turns":1}],"seed_played":"8617679423689629442","potions_obtained":[{"floor":2,"key":"PowerPotion"},{"floor":6,"key":"SpeedPotion"},{"floor":11,"key":"LiquidBronze"}],"is_trial":false,"path_per_floor":["M","M","$","M","M","E","?","R","T","R","M","E","?","$","R","B",null,"M","?","?","$","M","R","M","E","T"],"character_chosen":"THE_SILENT","items_purchased":["Noxious Fumes","TwistedFunnel","Noxious Fumes","Acrobatics"],"campfire_rested":2,"item_purchase_floors":[3,14,21,21],"current_hp_per_floor":[62,62,62,60,50,37,37,37,37,58,46,26,26,26,47,40,63,62,46,46,46,19,19,15,14,14,0],"gold":176,"neow_bonus":"RANDOM_COMMON_RELIC","is_prod":false,"is_daily":false,"chose_seed":false,"campfire_upgraded":2,"win_rate":0,"timestamp":1534496437,"path_taken":["M","M","$","M","?","E","?","R","T","R","M","E","?","$","R","BOSS","M","?","?","$","M","R","M","E","T","M"],"build_version":"2018-08-16","purchased_purges":2,"victory":false,"max_hp_per_floor":[70,70,70,70,70,70,70,70,70,70,70,70,70,70,70,70,70,70,70,70,70,70,70,70,70,70,70],"card_choices":[{"not_picked":["Bane","Outmaneuver"],"picked":"Flying Knee","floor":1},{"not_picked":["Acrobatics","Dagger Spray"],"picked":"Crippling Poison","floor":2},{"not_picked":["Deflect","Underhanded Strike"],"picked":"Die Die Die","floor":4},{"not_picked":["Expertise","Prepared"],"picked":"Sucker Punch","floor":5},{"not_picked":["Dagger Spray","PiercingWail"],"picked":"Backflip","floor":6},{"not_picked":["Blade Dance","Cloak And Dagger"],"picked":"Deadly Poison","floor":11},{"not_picked":["Underhanded Strike","Dodge and Roll","Storm of Steel"],"picked":"SKIP","floor":12},{"not_picked":["Burst","Adrenaline"],"picked":"After Image","floor":16},{"not_picked":["Tactician","Dagger Spray"],"picked":"Deflect+1","floor":18},{"not_picked":["Distraction","Sucker Punch","PiercingWail"],"picked":"SKIP","floor":22},{"not_picked":["Caltrops","Deflect","Doppelganger"],"picked":"SKIP","floor":24},{"not_picked":["Dagger Throw","Escape Plan"],"picked":"Acrobatics","floor":25}],"player_experience":772837,"relics_obtained":[{"floor":6,"key":"Bottled Flame"},{"floor":9,"key":"Oddly Smooth Stone"},{"floor":12,"key":"Snake Skull"},{"floor":19,"key":"Necronomicon"},{"floor":25,"key":"Art of War"},{"floor":26,"key":"Vajra"}],"event_choices":[{"event_name":"Golden Wing","player_choice":"Gained Gold","floor":7,"damage_taken":0},{"event_name":"Liars Game","player_choice":"agreed","floor":13,"damage_taken":0},{"event_name":"Cursed Tome","player_choice":"Obtained Book","floor":19,"damage_taken":0},{"event_name":"The Library","player_choice":"Read","floor":20,"damage_taken":0}],"is_beta":true,"boss_relics":[{"not_picked":["HoveringKite","Runic Pyramid"],"picked":"Lizard Tail"}],"items_purged_floors":[14,21],"is_endless":false,"potions_floor_spawned":[2,6,11,12,16,22,24],"killed_by":"Snake Plant","ascension_level":12}