{"gold_per_floor":[109,126,136,153,153,153,208,208,508,22,22,41,41,59,59,158,158,176,186,200,278,41,69,69,81,81,81,109,128,142,152,152,254,254,267,286,286],"floor_reached":37,"playtime":2602,"items_purged":[],"score":440,"play_id":"f7aff05c-5c04-4303-ae59-61f50cc1f6a4","local_time":"20190428121723","is_ascension_mode":false,"campfire_choices":[{"data":"Iron Wave","floor":6,"key":"SMITH"},{"data":"Thunderclap","floor":11,"key":"SMITH"},{"floor":15,"key":"REST"},{"floor":27,"key":"REST"},{"floor":32,"key":"REST"}],"neow_cost":"TEN_PERCENT_HP_LOSS","seed_source_timestamp":8604657698684,"circlet_count":0,"master_deck":["Strike_R","Strike_R","Strike_R","Strike_R","Strike_R","Defend_R","Defend_R","Defend_R","Defend_R","Iron Wave+1","Twin Strike","Pommel Strike","Thunderclap+1","Infernal Blade","Anger","Impervious","Anger+1","Cleave","Shrug It Off+1","Combust+1","Good Instincts","Combust+1","Feel No Pain+1","Rupture+1","Anger","Rage","Whirlwind+1","Immolate","Perfected Strike","Clash+1","Parasite"],"relics":["Black Blood","Mango","Tiny Chest","Potion Belt","Old Coin","Paper Frog","Mercury Hourglass","Frozen Egg 2","Matryoshka","PreservedInsect","Letter Opener","Champion Belt","Black Star"],"potions_floor_usage":[16,16,20,20,20,23,33,37,37],"damage_taken":[{"damage":2,"enemies":"2 Louse","floor":1,"turns":2},{"damage":6,"enemies":"Jaw Worm","floor":2,"turns":4},{"damage":0,"enemies":"Small Slimes","floor":3,"turns":3},{"damage":8,"enemies":"Red Slaver","floor":4,"turns":4},{"damage":44,"enemies":"3 Sentries","floor":7,"turns":10},{"damage":7,"enemies":"3 Louse","floor":12,"turns":3},{"damage":21,"enemies":"Exordium Thugs","floor":14,"turns":5},{"damage":49,"enemies":"The Guardian","floor":16,"turns":10},{"damage":14,"enemies":"Chosen","floor":18,"turns":5},{"damage":24,"enemies":"2 Thieves","floor":19,"turns":4},{"damage":20,"enemies":"Snake Plant","floor":20,"turns":4},{"damage":38,"enemies":"Slavers","floor":23,"turns":4},{"damage":31,"enemies":"Shelled Parasite and Fungi","floor":25,"turns":6},{"damage":3,"enemies":"Gremlin Leader","floor":28,"turns":4},{"damage":10,"enemies":"Cultist and Chosen","floor":29,"turns":5},{"damage":7,"enemies":"Centurion and Healer","floor":30,"turns":5},{"damage":11,"enemies":"Snecko","floor":31,"turns":4},{"damage":84,"enemies":"Collector","floor":33,"turns":8},{"damage":2,"enemies":"3 Shapes","floor":35,"turns":3},{"damage":48,"enemies":"3 Darklings","floor":36,"turns":3},{"damage":57,"enemies":"Writhing Mass","floor":37,"turns":8}],"seed_played":"352216907194896742","potions_obtained":[{"floor":2,"key":"GamblersBrew"},{"floor":3,"key":"Dexterity Potion"},{"floor":13,"key":"EssenceOfSteel"},{"floor":13,"key":"Explosive Potion"},{"floor":13,"key":"FairyPotion"},{"floor":16,"key":"AttackPotion"},{"floor":19,"key":"SpeedPotion"},{"floor":23,"key":"Swift Potion"},{"floor":30,"key":"SneckoOil"},{"floor":31,"key":"Energy Potion"},{"floor":33,"key":"Weak Potion"},{"floor":36,"key":"PowerPotion"}],"is_trial":false,"path_per_floor":["M","M","M","M","?","R","E","T","T","$","R","M","?","M","R","B",null,"M","M","M","T","$","E","?","M","T","R","E","M","M","M","R","B",null,"M","M","M"],"character_chosen":"IRONCLAD","items_purchased":["Paper Frog","Mercury Hourglass","Combust+1","Good Instincts","Regen Potion"],"campfire_rested":3,"item_purchase_floors":[10,10,22,22,22],"current_hp_per_floor":[86,86,86,84,84,84,46,46,46,46,46,45,45,30,55,12,86,82,68,58,58,58,42,42,21,21,46,53,53,56,55,80,16,86,86,48,0],"gold":286,"neow_bonus":"ONE_RARE_RELIC","is_prod":false,"is_daily":false,"chose_seed":false,"campfire_upgraded":2,"win_rate":0.0,"timestamp":1556479043,"path_taken":["M","M","M","M","?","R","E","?","T","$","R","M","?","M","R","BOSS","M","M","M","?","$","E","?","M","T","R","E","M","M","?","R","BOSS","M","M","M"],"build_version":"2019-01-23","purchased_purges":0,"victory":false,"max_hp_per_floor":[86,86,86,86,86,86,86,86,86,86,86,86,86,86,86,86,86,86,86,86,86,86,86,86,86,86,86,86,86,86,86,86,86,86,86,86,86],"card_choices":[{"not_picked":["Armaments","Wild Strike"],"picked":"Iron Wave","floor":1},{"not_picked":["Warcry","Disarm","Blood for Blood"],"picked":"SKIP","floor":2},{"not_picked":["Heavy Blade","Perfected Strike"],"picked":"Twin Strike","floor":3},{"not_picked":["Sever Soul","Infernal Blade"],"picked":"Pommel Strike","floor":4},{"not_picked":["Twin Strike","Reaper"],"picked":"Thunderclap","floor":7},{"not_picked":["Entrench","Clothesline"],"picked":"Infernal Blade","floor":12},{"not_picked":["Sword Boomerang","Power Through"],"picked":"Anger","floor":14},{"not_picked":["Barricade","Offering"],"picked":"Impervious","floor":16},{"not_picked":["Armaments","True Grit"],"picked":"Anger+1","floor":18},{"not_picked":["Shrug It Off","Headbutt+1"],"picked":"Cleave","floor":19},{"not_picked":["Second Wind+1","Hemokinesis"],"picked":"Shrug It Off+1","floor":20},{"not_picked":["Headbutt+1","Iron Wave"],"picked":"Combust+1","floor":23},{"not_picked":["Anger","Pummel"],"picked":"Rupture+1","floor":25},{"not_picked":["Feel No Pain+1","Brutality+1","Body Slam"],"picked":"SKIP","floor":28},{"not_picked":["Warcry","Searing Blow"],"picked":"Anger","floor":29},{"not_picked":["Warcry","Twin Strike"],"picked":"Rage","floor":30},{"not_picked":["Heavy Blade+1","Warcry"],"picked":"Whirlwind+1","floor":31},{"not_picked":["Reaper","Fiend Fire"],"picked":"Immolate","floor":33},{"not_picked":["Body Slam+1","Rage+1"],"picked":"Perfected Strike","floor":35},{"not_picked":["Dual Wield","Heavy Blade"],"picked":"Clash+1","floor":36}],"player_experience":27873,"relics_obtained":[{"floor":7,"key":"Tiny Chest"},{"floor":8,"key":"Potion Belt"},{"floor":9,"key":"Old Coin"},{"floor":21,"key":"Frozen Egg 2"},{"floor":23,"key":"Matryoshka"},{"floor":26,"key":"PreservedInsect"},{"floor":26,"key":"Letter Opener"},{"floor":28,"key":"Champion Belt"}],"event_choices":[{"damage_healed":0,"gold_gain":0,"player_choice":"Ignored","damage_taken":0,"max_hp_gain":0,"max_hp_loss":0,"event_name":"Liars Game","floor":5,"gold_loss":0},{"damage_healed":0,"gold_gain":0,"player_choice":"Got Potions","damage_taken":0,"max_hp_gain":0,"max_hp_loss":0,"event_name":"Lab","floor":13,"gold_loss":0},{"damage_healed":0,"gold_gain":0,"cards_transformed":["Bash"],"player_choice":"Transformed","damage_taken":0,"max_hp_gain":0,"max_hp_loss":0,"event_name":"Transmorgrifier","floor":24,"gold_loss":0,"cards_obtained":["Feel No Pain"]}],"is_beta":false,"boss_relics":[{"not_picked":["Orrery","Sozu"],"picked":"Black Blood"},{"not_picked":["Lizard Tail","Mark of Pain"],"picked":"Black Star"}],"items_purged_floors":[],"is_endless":false,"potions_floor_spawned":[2,3,16,19,23,30,31,33,36],"killed_by":"Writhing Mass","ascension_level":0}