{"gold_per_floor":[116,116,128,57,57,57,83,101,101,113,113,132,144,159,159,260,260,279,292,25,37,48,48,3,3,3,3,3,3,3,32,32,133,133,146,146,71,81,100,110,210,210,210,226,226,254,271,281,281,281],"floor_reached":51,"playtime":2617,"items_purged":["Writhe"],"score":896,"play_id":"4f543697-15e8-4dc8-9173-a445f4752dbd","local_time":"20190215181203","is_ascension_mode":true,"campfire_choices":[{"data":"Storm","floor":6,"key":"SMITH"},{"floor":15,"key":"REST"},{"data":"Creative AI","floor":23,"key":"SMITH"},{"data":"Fusion","floor":25,"key":"SMITH"},{"data":"Force Field","floor":30,"key":"SMITH"},{"floor":32,"key":"REST"},{"floor":42,"key":"REST"},{"floor":45,"key":"REST"},{"floor":49,"key":"REST"}],"neow_cost":"NONE","seed_source_timestamp":172466378693296,"circlet_count":0,"master_deck":["Zap+1","Dualcast+1","Cold Snap","Storm+1","Storm","Genetic Algorithm","Conserve Battery","Ball Lightning","Heatsinks","Glacier","Amplify","Electrodynamics","Compile Driver","Conserve Battery","Electrodynamics","Melter","Creative AI+1","Steam Power","Fusion+1","Stack","Coolheaded","Leap+1","Doom and Gloom","Stack+1","Leap","Force Field+1","Echo Form","Blizzard+1","Conserve Battery+1","Stack+1","Parasite","Biased Cognition"],"relics":["Cracked Core","Centennial Puzzle","Potion Belt","Ornamental Fan","Pandora\u0027s Box","Lee\u0027s Waffle","Blue Candle","Gambling Chip","Sozu","Ginger","Cables","Juzu Bracelet"],"potions_floor_usage":[12,16,16,16,31,31,31,31,31,39,50],"damage_taken":[{"damage":6,"enemies":"2 Louse","floor":1,"turns":2},{"damage":4,"enemies":"Small Slimes","floor":3,"turns":3},{"damage":27,"enemies":"3 Sentries","floor":7,"turns":7},{"damage":0,"enemies":"Cultist","floor":8,"turns":2},{"damage":0,"enemies":"Exordium Wildlife","floor":10,"turns":3},{"damage":0,"enemies":"Looter","floor":12,"turns":2},{"damage":7,"enemies":"2 Fungi Beasts","floor":13,"turns":2},{"damage":4,"enemies":"Exordium Thugs","floor":14,"turns":5},{"damage":24,"enemies":"Slime Boss","floor":16,"turns":10},{"damage":10,"enemies":"Chosen","floor":18,"turns":6},{"damage":13,"enemies":"Spheric Guardian","floor":19,"turns":4},{"damage":5,"enemies":"Chosen and Byrds","floor":21,"turns":3},{"damage":13,"enemies":"3 Cultists","floor":22,"turns":4},{"damage":23,"enemies":"Gremlin Leader","floor":31,"turns":6},{"damage":43,"enemies":"Automaton","floor":33,"turns":10},{"damage":4,"enemies":"Orb Walker","floor":35,"turns":4},{"damage":3,"enemies":"3 Shapes","floor":38,"turns":2},{"damage":26,"enemies":"Transient","floor":39,"turns":5},{"damage":18,"enemies":"Spire Growth","floor":40,"turns":5},{"damage":3,"enemies":"Mind Bloom Boss Battle","floor":41,"turns":6},{"damage":16,"enemies":"Jaw Worm Horde","floor":44,"turns":2},{"damage":23,"enemies":"Giant Head","floor":46,"turns":9},{"damage":1,"enemies":"Sphere and 2 Shapes","floor":47,"turns":3},{"damage":12,"enemies":"Writhing Mass","floor":48,"turns":5},{"damage":31,"enemies":"Donu and Deca","floor":50,"turns":7}],"seed_played":"-7978358497554536432","potions_obtained":[{"floor":8,"key":"EntropicBrew"},{"floor":10,"key":"EssenceOfSteel"},{"floor":11,"key":"SneckoOil"},{"floor":11,"key":"Block Potion"},{"floor":11,"key":"Block Potion"},{"floor":13,"key":"SkillPotion"},{"floor":16,"key":"FearPotion"},{"floor":22,"key":"Regen Potion"},{"floor":33,"key":"SteroidPotion"}],"is_trial":false,"path_per_floor":["M","?","M","$","?","R","E","M","T","M","?","M","M","M","R","B",null,"M","M","$","M","M","R","$","R","T","$","?","?","R","E","R","B",null,"M","?","$","M","M","M","?","R","T","M","R","E","M","M","R","B",null],"character_chosen":"DEFECT","items_purchased":["Storm","Doom and Gloom","Lee\u0027s Waffle","Leap"],"campfire_rested":5,"item_purchase_floors":[4,20,20,24],"current_hp_per_floor":[62,47,43,43,43,43,16,16,16,16,16,16,9,5,27,3,57,47,34,82,77,64,64,64,64,64,64,64,64,64,56,80,37,71,67,82,82,79,53,35,32,56,56,40,64,41,40,28,52,21],"gold":281,"neow_bonus":"RANDOM_COMMON_RELIC","is_prod":false,"is_daily":false,"chose_seed":false,"campfire_upgraded":4,"win_rate":0,"timestamp":1550272323,"path_taken":["M","?","M","$","?","R","E","M","T","M","?","M","M","M","R","BOSS","M","?","$","M","M","R","$","R","T","$","?","?","R","E","R","BOSS","M","?","$","M","M","M","?","R","T","M","R","E","M","M","R","BOSS"],"build_version":"2019-01-23","purchased_purges":1,"victory":true,"max_hp_per_floor":[75,75,75,75,75,75,75,75,75,75,75,75,75,75,75,75,75,75,75,82,82,82,82,82,82,82,82,82,82,82,82,82,82,82,82,82,82,82,82,82,82,82,82,82,82,82,82,82,82,82],"card_choices":[{"not_picked":["Steam","Hologram"],"picked":"Cold Snap","floor":1},{"not_picked":["Hologram","Reinforced Body"],"picked":"Storm","floor":3},{"not_picked":["Sunder","Conserve Battery"],"picked":"Genetic Algorithm","floor":7},{"not_picked":["Streamline","Go for the Eyes"],"picked":"Conserve Battery","floor":8},{"not_picked":["Hello World","Go for the Eyes"],"picked":"Ball Lightning","floor":10},{"not_picked":["Gash","Skim"],"picked":"Heatsinks","floor":12},{"not_picked":["Gash","Reinforced Body"],"picked":"Glacier","floor":13},{"not_picked":["Turbo","Undo"],"picked":"Amplify","floor":14},{"not_picked":["All For One","Amplify"],"picked":"Electrodynamics","floor":16},{"not_picked":["Streamline+1","Sweeping Beam"],"picked":"Coolheaded","floor":18},{"not_picked":["Lockon","Ball Lightning"],"picked":"Leap+1","floor":19},{"not_picked":["Aggregate","Barrage","Redo"],"picked":"SKIP","floor":21},{"not_picked":["Hologram","Compile Driver+1"],"picked":"Stack+1","floor":22},{"not_picked":["Turbo","Redo","Reboot"],"picked":"SKIP","floor":31},{"not_picked":["Seek","Reboot"],"picked":"Echo Form","floor":33},{"not_picked":["Compile Driver+1","Go for the Eyes+1","Sweeping Beam"],"picked":"SKIP","floor":35},{"not_picked":["Sweeping Beam+1","Go for the Eyes+1","Scrape"],"picked":"SKIP","floor":38},{"not_picked":["Barrage+1","Rebound","Reinforced Body+1"],"picked":"SKIP","floor":39},{"not_picked":["Barrage","Multi-Cast"],"picked":"Blizzard+1","floor":40},{"not_picked":["Ball Lightning","Steam+1"],"picked":"Conserve Battery+1","floor":44},{"not_picked":["Steam+1","Redo","Turbo+1"],"picked":"SKIP","floor":46},{"not_picked":["Reinforced Body+1","Coolheaded"],"picked":"Stack+1","floor":47},{"not_picked":["Cold Snap+1","Beam Cell+1"],"picked":"Biased Cognition","floor":48}],"player_experience":250137,"relics_obtained":[{"floor":7,"key":"Potion Belt"},{"floor":9,"key":"Ornamental Fan"},{"floor":26,"key":"Blue Candle"},{"floor":31,"key":"Gambling Chip"},{"floor":41,"key":"Ginger"},{"floor":43,"key":"Cables"},{"floor":46,"key":"Juzu Bracelet"}],"event_choices":[{"damage_healed":0,"gold_gain":0,"player_choice":"Entered Light","damage_taken":15,"max_hp_gain":0,"max_hp_loss":0,"event_name":"Shining Light","floor":2,"gold_loss":0,"cards_upgraded":["Zap","Strike_B"]},{"damage_healed":0,"gold_gain":0,"player_choice":"Grow","damage_taken":0,"max_hp_gain":0,"max_hp_loss":0,"event_name":"Living Wall","floor":5,"gold_loss":0,"cards_upgraded":["Dualcast"]},{"damage_healed":0,"gold_gain":0,"player_choice":"Got Potions","damage_taken":0,"max_hp_gain":0,"max_hp_loss":0,"event_name":"Lab","floor":11,"gold_loss":0},{"damage_healed":0,"gold_gain":0,"player_choice":"Read","damage_taken":0,"max_hp_gain":0,"max_hp_loss":0,"event_name":"The Library","floor":28,"gold_loss":0,"cards_obtained":["Force Field"]},{"damage_healed":0,"gold_gain":0,"player_choice":"Ignored","damage_taken":0,"max_hp_gain":0,"max_hp_loss":0,"event_name":"Vampires","floor":29,"gold_loss":0},{"damage_healed":21,"gold_gain":0,"player_choice":"Writhe","damage_taken":0,"max_hp_gain":0,"max_hp_loss":0,"event_name":"Winding Halls","floor":36,"gold_loss":0,"cards_obtained":["Writhe"]},{"damage_healed":0,"gold_gain":0,"player_choice":"Fight","damage_taken":0,"max_hp_gain":0,"max_hp_loss":0,"event_name":"MindBloom","floor":41,"gold_loss":0}],"is_beta":false,"boss_relics":[{"not_picked":["Empty Cage","Ectoplasm"],"picked":"Pandora\u0027s Box"},{"not_picked":["Fusion Hammer","Calling Bell"],"picked":"Sozu"}],"items_purged_floors":[37],"is_endless":false,"potions_floor_spawned":[8,10,13,16,22,33,39,40,41,44,47],"ascension_level":6}