{"gold_per_floor":[112,126,76,251,263,293,45,76,76,107,107,125,152,181,181,279,279,290,290,690,278,296,296,330,344,399,433,445,457,487,516,528,641,653,685,717,739,751,89,89,189,209,261,261,261,281,281,202,202,202],"floor_reached":51,"playtime":3598,"items_purged":["Doubt","Strike_B"],"score":804,"play_id":"51b2fd37-9c26-4dc8-a4c0-743fd6b86d1e","local_time":"20190202170057","is_ascension_mode":true,"campfire_choices":[{"data":"Apotheosis","floor":11,"key":"SMITH"},{"floor":15,"key":"REST"},{"floor":23,"key":"REST"},{"floor":29,"key":"REST"},{"floor":32,"key":"REST"},{"data":"Defragment","floor":40,"key":"SMITH"},{"data":"Buffer","floor":44,"key":"SMITH"},{"data":"Defragment","floor":47,"key":"SMITH"},{"floor":49,"key":"REST"}],"neow_cost":"NONE","seed_source_timestamp":199673558752836,"circlet_count":0,"master_deck":["Strike_B+1","Strike_B","Defend_B","Defend_B","Defend_B","Defend_B","Zap+1","Dualcast","Chill","Stack","Go for the Eyes+1","Redo","Apotheosis+1","Leap","Steam Power","Amplify+1","Multi-Cast+1","Hello World+1","Static Discharge","Capacitor","Stack+1","White Noise+1","Chaos+1","Defragment+1","Compile Driver+1","Defragment+1","Force Field+1","Tempest+1","Thunder Strike","Tempest+1","Turbo+1","Fusion+1","Defragment","Doom and Gloom+1","Buffer+1","Blizzard+1","Aggregate+1"],"relics":["Cracked Core","Turnip","Question Card","Pear","Bag of Preparation","Anchor","Toxic Egg 2","Black Star","Orichalcum","Old Coin","Singing Bowl","Meat on the Bone","Oddly Smooth Stone","Ginger","Whetstone","MawBank","Mango","Inserter","Cables","Sundial","Girya","Potion Belt"],"potions_floor_usage":[14,16,20,27,27,33,42,50],"damage_taken":[{"damage":0,"enemies":"Small Slimes","floor":1,"turns":3},{"damage":0,"enemies":"Jaw Worm","floor":2,"turns":4},{"damage":0,"enemies":"2 Louse","floor":5,"turns":3},{"damage":15,"enemies":"Lagavulin","floor":6,"turns":10},{"damage":9,"enemies":"3 Sentries","floor":8,"turns":10},{"damage":10,"enemies":"Lagavulin","floor":10,"turns":7},{"damage":0,"enemies":"Large Slime","floor":12,"turns":5},{"damage":1,"enemies":"3 Sentries","floor":14,"turns":6},{"damage":28,"enemies":"Hexaghost","floor":16,"turns":10},{"damage":22,"enemies":"3 Byrds","floor":18,"turns":6},{"damage":3,"enemies":"Colosseum Slavers","floor":20,"turns":5},{"damage":16,"enemies":"Colosseum Nobs","floor":20,"turns":5},{"damage":0,"enemies":"Spheric Guardian","floor":22,"turns":5},{"damage":20,"enemies":"Book of Stabbing","floor":24,"turns":7},{"damage":10,"enemies":"Snake Plant","floor":25,"turns":4},{"damage":37,"enemies":"Slavers","floor":27,"turns":5},{"damage":13,"enemies":"3 Cultists","floor":30,"turns":4},{"damage":11,"enemies":"Centurion and Healer","floor":31,"turns":5},{"damage":5,"enemies":"Automaton","floor":33,"turns":9},{"damage":1,"enemies":"Orb Walker","floor":35,"turns":4},{"damage":35,"enemies":"3 Shapes","floor":36,"turns":4},{"damage":54,"enemies":"Transient","floor":37,"turns":5},{"damage":3,"enemies":"Mind Bloom Boss Battle","floor":41,"turns":5},{"damage":14,"enemies":"Writhing Mass","floor":42,"turns":3},{"damage":1,"enemies":"3 Darklings","floor":46,"turns":3},{"damage":10,"enemies":"Donu and Deca","floor":50,"turns":10}],"seed_played":"-5739178950798813411","potions_obtained":[{"floor":6,"key":"FearPotion"},{"floor":8,"key":"Explosive Potion"},{"floor":10,"key":"PowerPotion"},{"floor":24,"key":"SkillPotion"},{"floor":25,"key":"Ancient Potion"},{"floor":31,"key":"AttackPotion"},{"floor":37,"key":"Fire Potion"},{"floor":41,"key":"PowerPotion"}],"is_trial":false,"path_per_floor":["M","M","?","?","M","E","$","E","T","E","R","M","T","E","R","B",null,"M","?","?","$","M","R","E","M","T","E","?","R","M","M","R","B",null,"M","M","M","?","$","R","?","M","T","R","?","M","R","$","R","B",null],"character_chosen":"DEFECT","items_purchased":["Apotheosis","Capacitor","Stack+1","White Noise+1","Meat on the Bone","Defragment","Cables","Sundial","Aggregate+1"],"campfire_rested":5,"item_purchase_floors":[7,21,21,21,21,39,39,39,48],"current_hp_per_floor":[75,75,75,75,75,60,60,51,61,51,51,51,51,50,75,47,85,63,63,44,44,44,69,49,51,51,40,40,69,56,57,86,81,99,98,63,21,87,87,87,84,70,70,70,70,69,69,69,87,77],"gold":202,"neow_bonus":"UPGRADE_CARD","is_prod":false,"is_daily":false,"chose_seed":false,"campfire_upgraded":4,"win_rate":0,"timestamp":1549144857,"path_taken":["M","M","?","?","M","E","$","E","T","E","R","M","?","E","R","BOSS","M","?","?","$","M","R","E","M","T","E","?","R","?","M","R","BOSS","M","M","M","?","$","R","?","M","T","R","?","M","R","$","R","BOSS"],"build_version":"2019-01-23","purchased_purges":2,"victory":true,"max_hp_per_floor":[75,75,75,75,75,75,75,75,85,85,85,85,85,85,85,85,85,85,85,85,85,85,85,85,85,85,99,99,99,99,99,99,99,99,99,99,99,87,87,87,87,87,87,87,87,87,87,87,87,87],"card_choices":[{"not_picked":["Streamline","Go for the Eyes"],"picked":"Chill","floor":1},{"not_picked":["Reinforced Body","Compile Driver"],"picked":"Stack","floor":2},{"not_picked":["Steam Power","Sweeping Beam"],"picked":"Go for the Eyes","floor":5},{"not_picked":["Go for the Eyes","Compile Driver"],"picked":"Redo","floor":6},{"not_picked":["Go for the Eyes","Cold Snap"],"picked":"Leap","floor":8},{"not_picked":["Stack","Consume","Rip and Tear"],"picked":"Beam Cell","floor":10},{"not_picked":["Genetic Algorithm","Sweeping Beam","Recycle"],"picked":"Steam Power","floor":12},{"not_picked":["Cold Snap","Stack","Biased Cognition"],"picked":"Amplify","floor":14},{"not_picked":["All For One","Thunder Strike","Seek+1"],"picked":"Multi-Cast+1","floor":16},{"not_picked":["Turbo+1","Beam Cell","Tempest+1"],"picked":"Hello World+1","floor":18},{"not_picked":["Go for the Eyes","Leap+1","Hello World+1"],"picked":"Static Discharge","floor":20},{"not_picked":["Turbo+1","Ball Lightning","Rebound"],"picked":"Chaos+1","floor":22},{"not_picked":["Cold Snap","Echo Form","Ball Lightning"],"picked":"Defragment","floor":24},{"not_picked":["Barrage","Beam Cell","Rebound"],"picked":"Compile Driver+1","floor":25},{"not_picked":["Redo+1","Barrage","Doom and Gloom"],"picked":"Defragment","floor":27},{"not_picked":["Echo Form","Recycle+1","Skim+1"],"picked":"Force Field+1","floor":30},{"not_picked":["Steam+1","Genetic Algorithm+1","Ball Lightning"],"picked":"Tempest+1","floor":31},{"not_picked":["Rainbow+1","Reboot+1","Biased Cognition"],"picked":"Thunder Strike","floor":33},{"not_picked":["Chaos+1","Turbo+1","Barrage+1"],"picked":"Tempest+1","floor":35},{"not_picked":["Sweeping Beam+1","Ball Lightning","Steam+1"],"picked":"Turbo+1","floor":36},{"not_picked":["Beam Cell+1","Go for the Eyes","Cold Snap+1"],"picked":"Fusion+1","floor":37},{"not_picked":["Capacitor","Compile Driver","Beam Cell+1"],"picked":"Doom and Gloom+1","floor":41},{"not_picked":["Streamline+1","Defragment","Recycle+1"],"picked":"Buffer","floor":42},{"not_picked":["Leap+1","Compile Driver+1","Stack+1"],"picked":"Blizzard+1","floor":46}],"player_experience":128859,"relics_obtained":[{"floor":6,"key":"Turnip"},{"floor":8,"key":"Question Card"},{"floor":9,"key":"Pear"},{"floor":10,"key":"Bag of Preparation"},{"floor":13,"key":"Anchor"},{"floor":14,"key":"Toxic Egg 2"},{"floor":20,"key":"Old Coin"},{"floor":20,"key":"Singing Bowl"},{"floor":24,"key":"Oddly Smooth Stone"},{"floor":24,"key":"Ginger"},{"floor":26,"key":"Whetstone"},{"floor":27,"key":"MawBank"},{"floor":27,"key":"Mango"},{"floor":41,"key":"Girya"},{"floor":43,"key":"Potion Belt"}],"event_choices":[{"cards_removed":["Strike_B"],"damage_healed":0,"gold_gain":0,"player_choice":"Card Removal","damage_taken":0,"max_hp_gain":0,"max_hp_loss":0,"event_name":"The Cleric","floor":3,"gold_loss":50},{"damage_healed":0,"gold_gain":175,"player_choice":"AGREE","damage_taken":0,"max_hp_gain":0,"max_hp_loss":0,"event_name":"Liars Game","floor":4,"gold_loss":0,"cards_obtained":["Doubt"]},{"damage_healed":0,"gold_gain":0,"player_choice":"Opened","damage_taken":0,"relics_obtained":["Orichalcum"],"max_hp_gain":0,"max_hp_loss":0,"event_name":"The Mausoleum","floor":19,"gold_loss":0},{"damage_healed":0,"gold_gain":0,"player_choice":"Fight","damage_taken":0,"max_hp_gain":0,"max_hp_loss":0,"event_name":"Colosseum","floor":20,"gold_loss":0},{"damage_healed":0,"gold_gain":0,"player_choice":"Fought Nobs","damage_taken":0,"max_hp_gain":0,"max_hp_loss":0,"event_name":"Colosseum","floor":20,"gold_loss":0},{"damage_healed":0,"gold_gain":0,"player_choice":"Ignored","damage_taken":0,"max_hp_gain":0,"max_hp_loss":0,"event_name":"Ghosts","floor":28,"gold_loss":0},{"damage_healed":87,"gold_gain":0,"player_choice":"Heal","damage_taken":0,"max_hp_gain":0,"max_hp_loss":12,"event_name":"The Moai Head","floor":38,"gold_loss":0},{"damage_healed":0,"gold_gain":0,"player_choice":"Fight","damage_taken":0,"max_hp_gain":0,"max_hp_loss":0,"event_name":"MindBloom","floor":41,"gold_loss":0},{"cards_removed":["Beam Cell"],"damage_healed":0,"gold_gain":0,"player_choice":"Removed Attack","damage_taken":0,"max_hp_gain":0,"max_hp_loss":0,"event_name":"Falling","floor":45,"gold_loss":0}],"is_beta":false,"boss_relics":[{"not_picked":["Runic Pyramid","Astrolabe"],"picked":"Black Star"},{"not_picked":["Orrery","White Beast Statue"],"picked":"Inserter"}],"items_purged_floors":[7,39],"is_endless":false,"potions_floor_spawned":[6,8,10,20,24,25,31,37,41],"ascension_level":2}