{"gold_per_floor":[119,131,91,91,101,101,101,101,170,170,170,228,240,240,240,240],"floor_reached":16,"playtime":643,"items_purged":[],"score":162,"play_id":"77f58280-fe39-4775-b440-5b38fb7f74af","local_time":"20181116163124","is_ascension_mode":true,"campfire_choices":[{"data":"Writhe","floor":6,"key":"PURGE"},{"data":"Storm of Steel","floor":8,"key":"SMITH"},{"data":"Escape Plan","floor":10,"key":"SMITH"},{"data":"Underhanded Strike","floor":15,"key":"SMITH"}],"neow_cost":"TEN_PERCENT_HP_LOSS","seed_source_timestamp":3598983434278,"circlet_count":0,"master_deck":["AscendersBane","Defend_G","Defend_G","Defend_G","Defend_G","Defend_G","Strike_G","Strike_G","Strike_G","Strike_G","Strike_G","Survivor","Neutralize","Underhanded Strike+1","Prepared","Escape Plan+1","Neutralize","Storm of Steel+1","Accuracy","Backflip"],"relics":["Ring of the Snake","Peace Pipe","Bottled Lightning","Juzu Bracelet"],"potions_floor_usage":[11,16],"damage_taken":[{"damage":7,"enemies":"Jaw Worm","floor":1,"turns":6},{"damage":2,"enemies":"Cultist","floor":2,"turns":4},{"damage":3,"enemies":"Small Slimes","floor":5,"turns":5},{"damage":0,"enemies":"Gremlin Nob","floor":11,"turns":1},{"damage":27,"enemies":"Gremlin Nob","floor":12,"turns":5},{"damage":0,"enemies":"3 Louse","floor":13,"turns":4},{"damage":51,"enemies":"Hexaghost","floor":16,"turns":14}],"seed_played":"6540799260450741445","potions_obtained":[{"floor":1,"key":"Ancient Potion"},{"floor":5,"key":"SmokeBomb"},{"floor":13,"key":"Dexterity Potion"}],"is_trial":false,"path_per_floor":["M","M","$","?","M","R","$","R","T","R","E","?","M","?","R","B"],"character_chosen":"THE_SILENT","items_purchased":["Escape Plan"],"campfire_rested":0,"item_purchase_floors":[3],"current_hp_per_floor":[56,54,54,54,51,51,51,51,51,51,51,24,24,45,45,0],"gold":240,"neow_bonus":"ONE_RARE_RELIC","is_prod":false,"is_daily":false,"chose_seed":false,"campfire_upgraded":3,"win_rate":0,"timestamp":1542414684,"path_taken":["M","M","$","?","M","R","?","R","T","R","E","?","M","?","R","BOSS"],"build_version":"2018-11-15","purchased_purges":0,"victory":false,"max_hp_per_floor":[63,63,63,63,63,63,63,63,63,63,63,63,63,63,63,63],"card_choices":[{"not_picked":["Riddle With Holes","Reflex"],"picked":"Underhanded Strike","floor":1},{"not_picked":["Crippling Poison","Skewer"],"picked":"Prepared","floor":2},{"not_picked":["Blade Dance","Accuracy","Flying Knee"],"picked":"SKIP","floor":5},{"not_picked":["Slice","Blur"],"picked":"Accuracy","floor":12},{"not_picked":["Escape Plan","Outmaneuver"],"picked":"Backflip","floor":13}],"player_experience":743608,"relics_obtained":[{"floor":9,"key":"Bottled Lightning"},{"floor":12,"key":"Juzu Bracelet"}],"event_choices":[{"damage_healed":0,"gold_gain":0,"player_choice":"3 cards matched","damage_taken":0,"max_hp_gain":0,"max_hp_loss":0,"event_name":"Match and Keep!","floor":4,"gold_loss":0,"cards_obtained":["Neutralize","Writhe","Storm of Steel"]},{"damage_healed":0,"gold_gain":0,"player_choice":"Searched \u00271\u0027 times","damage_taken":0,"max_hp_gain":0,"max_hp_loss":0,"event_name":"Dead Adventurer","floor":12,"gold_loss":0},{"damage_healed":21,"gold_gain":0,"player_choice":"Banana","damage_taken":0,"max_hp_gain":0,"max_hp_loss":0,"event_name":"Big Fish","floor":14,"gold_loss":0}],"is_beta":false,"boss_relics":[],"items_purged_floors":[],"is_endless":false,"potions_floor_spawned":[1,5,11,13],"killed_by":"Hexaghost","ascension_level":13}