{"gold_per_floor":[12,12,12,31,42,42,53,64,64,64,64,81,91,91,91,91],"floor_reached":16,"playtime":619,"items_purged":[],"score":203,"play_id":"654c7c3a-f6b8-4956-ac80-d225364ba07d","local_time":"20190623194323","is_ascension_mode":true,"campfire_choices":[{"data":"Feed","floor":6,"key":"SMITH"},{"floor":11,"key":"REST"},{"data":"Dark Embrace","floor":15,"key":"SMITH"}],"neow_cost":"NO_GOLD","seed_source_timestamp":938914292102880,"circlet_count":0,"master_deck":["AscendersBane","Strike_R","Strike_R","Strike_R","Strike_R","Defend_R","Defend_R","Defend_R","Bash","Shrug It Off","Regret","Feed+1","Iron Wave","Evolve","Ghostly Armor","Dark Embrace+1","Second Wind","Flex","Parasite"],"relics":["Burning Blood","Pen Nib","Bag of Marbles"],"potions_floor_usage":[10,10],"damage_taken":[{"damage":5,"enemies":"Small Slimes","floor":1,"turns":5},{"damage":15,"enemies":"2 Louse","floor":4,"turns":6},{"damage":9,"enemies":"Cultist","floor":5,"turns":3},{"damage":45,"enemies":"Large Slime","floor":7,"turns":9},{"damage":17,"enemies":"2 Fungi Beasts","floor":8,"turns":5},{"damage":0,"enemies":"3 Sentries","floor":10,"turns":2},{"damage":21,"enemies":"Gremlin Gang","floor":12,"turns":6},{"damage":8,"enemies":"Blue Slaver","floor":13,"turns":4},{"damage":64,"enemies":"The Guardian","floor":16,"turns":12}],"seed_played":"7962425049151085954","potions_obtained":[{"floor":1,"key":"SmokeBomb"},{"floor":7,"key":"PowerPotion"}],"is_trial":false,"path_per_floor":["M","?","?","M","M","R","M","M","T","E","R","M","M","?","R","B"],"character_chosen":"IRONCLAD","items_purchased":[],"campfire_rested":1,"item_purchase_floors":[],"current_hp_per_floor":[69,69,69,63,60,60,25,18,18,24,49,38,40,63,63,0],"gold":91,"neow_bonus":"REMOVE_TWO","is_prod":false,"is_daily":false,"chose_seed":false,"campfire_upgraded":2,"win_rate":0,"timestamp":1561344203,"path_taken":["M","?","?","M","?","R","M","M","T","E","R","M","M","?","R","BOSS"],"build_version":"2019-01-23","purchased_purges":0,"victory":false,"max_hp_per_floor":[75,75,75,78,78,78,82,86,86,86,86,90,94,94,94,94],"card_choices":[{"not_picked":["Corruption","Wild Strike"],"picked":"Shrug It Off","floor":1},{"not_picked":["Seeing Red","Clash"],"picked":"Iron Wave","floor":4},{"not_picked":["Sword Boomerang","Entrench"],"picked":"Evolve","floor":5},{"not_picked":["Corruption","Body Slam"],"picked":"Ghostly Armor","floor":7},{"not_picked":["Pommel Strike","Warcry"],"picked":"Dark Embrace","floor":8},{"not_picked":["Blood for Blood","Sentinel"],"picked":"Second Wind","floor":12},{"not_picked":["Fire Breathing","Heavy Blade"],"picked":"Flex","floor":13}],"player_experience":1057164,"relics_obtained":[{"floor":9,"key":"Bag of Marbles"}],"event_choices":[{"damage_healed":0,"gold_gain":0,"player_choice":"Box","damage_taken":0,"relics_obtained":["Pen Nib"],"max_hp_gain":0,"max_hp_loss":0,"event_name":"Big Fish","floor":2,"gold_loss":0,"cards_obtained":["Regret"]},{"damage_healed":0,"gold_gain":0,"player_choice":"1 cards matched","damage_taken":0,"max_hp_gain":0,"max_hp_loss":0,"event_name":"Match and Keep!","floor":3,"gold_loss":0,"cards_obtained":["Feed"]},{"damage_healed":23,"gold_gain":0,"player_choice":"Healed and dodged fight","damage_taken":0,"max_hp_gain":0,"max_hp_loss":0,"event_name":"Mushrooms","floor":14,"gold_loss":0,"cards_obtained":["Parasite"]}],"is_beta":false,"boss_relics":[],"items_purged_floors":[],"is_endless":false,"potions_floor_spawned":[1,7,8],"killed_by":"The Guardian","ascension_level":19}