{"gold_per_floor":[219,230,246,259,259,259,293,309,360,379,356,356,127,162,162,162],"floor_reached":16,"playtime":794,"items_purged":["Defend_R"],"score":134,"play_id":"b2690362-74d5-40ad-b80f-e539658f49be","local_time":"20190622174255","is_ascension_mode":true,"campfire_choices":[{"data":"Bash","floor":6,"key":"SMITH"},{"data":"Shrug It Off","floor":12,"key":"SMITH"},{"floor":15,"key":"REST"}],"neow_cost":"NONE","seed_source_timestamp":258759775694907,"circlet_count":0,"master_deck":["Strike_R","Strike_R","Strike_R","Strike_R","Strike_R","Defend_R","Defend_R","Defend_R","Bash+1","Clothesline","Cleave","Ghostly Armor","Flame Barrier","Shrug It Off+1","Pommel Strike"],"relics":["Burning Blood","Bird Faced Urn","Happy Flower","Red Skull","Kunai"],"potions_floor_usage":[3,8,14],"damage_taken":[{"damage":6,"enemies":"Cultist","floor":1,"turns":3},{"damage":6,"enemies":"2 Louse","floor":2,"turns":3},{"damage":5,"enemies":"Small Slimes","floor":3,"turns":3},{"damage":3,"enemies":"Looter","floor":4,"turns":3},{"damage":27,"enemies":"Gremlin Nob","floor":7,"turns":5},{"damage":0,"enemies":"3 Louse","floor":8,"turns":1},{"damage":3,"enemies":"Exordium Thugs","floor":10,"turns":6},{"damage":15,"enemies":"3 Sentries","floor":14,"turns":7},{"damage":82,"enemies":"Hexaghost","floor":16,"turns":12}],"seed_played":"2960886465662634396","potions_obtained":[{"floor":1,"key":"SpeedPotion"},{"floor":4,"key":"SteroidPotion"},{"floor":10,"key":"Poison Potion"}],"is_trial":false,"path_per_floor":["M","M","M","M","?","R","E","M","T","M","?","R","$","E","R","B"],"character_chosen":"IRONCLAD","items_purchased":["Red Skull"],"campfire_rested":1,"item_purchase_floors":[13],"current_hp_per_floor":[80,80,80,80,80,80,59,65,65,68,68,68,68,59,80,0],"gold":162,"neow_bonus":"HUNDRED_GOLD","is_prod":false,"is_daily":false,"chose_seed":false,"campfire_upgraded":2,"win_rate":0,"timestamp":1561250575,"path_taken":["M","M","M","?","?","R","E","M","T","M","?","R","$","E","R","BOSS"],"build_version":"2019-01-23","purchased_purges":1,"victory":false,"max_hp_per_floor":[80,80,80,80,80,80,80,80,80,80,80,80,80,80,80,80],"card_choices":[{"not_picked":["Thunderclap","Shockwave"],"picked":"Clothesline","floor":1},{"not_picked":["Shrug It Off","Uppercut"],"picked":"Cleave","floor":2},{"not_picked":["Intimidate","Uppercut"],"picked":"Ghostly Armor","floor":3},{"not_picked":["Flex","Searing Blow","Sever Soul"],"picked":"SKIP","floor":4},{"not_picked":["Rupture","Wild Strike","Power Through"],"picked":"SKIP","floor":7},{"not_picked":["Body Slam","Clothesline"],"picked":"Flame Barrier","floor":8},{"not_picked":["Clash","True Grit"],"picked":"Shrug It Off","floor":10},{"not_picked":["Fiend Fire","Reckless Charge"],"picked":"Pommel Strike","floor":14}],"player_experience":467304,"relics_obtained":[{"floor":7,"key":"Bird Faced Urn"},{"floor":9,"key":"Happy Flower"},{"floor":14,"key":"Kunai"}],"event_choices":[{"damage_healed":0,"gold_gain":0,"player_choice":"Ignored","damage_taken":0,"max_hp_gain":0,"max_hp_loss":0,"event_name":"Liars Game","floor":5,"gold_loss":0},{"damage_healed":0,"gold_gain":0,"player_choice":"Left Gold","damage_taken":0,"max_hp_gain":0,"max_hp_loss":0,"event_name":"World of Goop","floor":11,"gold_loss":23}],"is_beta":false,"boss_relics":[],"items_purged_floors":[13],"is_endless":false,"potions_floor_spawned":[1,4,10],"killed_by":"Hexaghost","ascension_level":4}