{"gold_per_floor":[213,226,240,38,54,80,93,93,169,169,169,187,187,149,149,244,244,258,258,258,173,173,173,198,198,198,215,215,226,226,255,255,255],"floor_reached":33,"playtime":1571,"items_purged":[],"score":358,"play_id":"e180652a-f57f-4562-bd44-951fdf4d7d96","local_time":"20190612213103","is_ascension_mode":false,"campfire_choices":[{"data":"Cloak And Dagger","floor":11,"key":"SMITH"},{"data":"Well Laid Plans","floor":13,"key":"SMITH"},{"data":"Accuracy","floor":15,"key":"SMITH"},{"data":"Adrenaline","floor":23,"key":"SMITH"},{"data":"Bite","floor":25,"key":"SMITH"},{"data":"Bite","floor":30,"key":"SMITH"},{"data":"Bite","floor":32,"key":"SMITH"}],"neow_cost":"NONE","seed_source_timestamp":423475305612510,"circlet_count":0,"master_deck":["Defend_G","Defend_G","Defend_G","Defend_G","Survivor","Neutralize","Finisher","Well Laid Plans+1","Terror+1","Cloak And Dagger+1","Masterful Stab","Endless Agony","Accuracy+1","Adrenaline+1","Blade Dance+1","Necronomicurse","Bite+1","Bite+1","Bite+1","Bite","Bite","Prepared","Blade Dance+1"],"relics":["Ring of the Snake","Chemical X","Anchor","Coffee Dripper","Necronomicon","Tingsha","Vajra","Matryoshka","MutagenicStrength","Happy Flower"],"potions_floor_usage":[2,24,24,24,24,27,27,29,33],"damage_taken":[{"damage":0,"enemies":"2 Louse","floor":1,"turns":2},{"damage":1,"enemies":"Cultist","floor":2,"turns":3},{"damage":0,"enemies":"Jaw Worm","floor":3,"turns":3},{"damage":0,"enemies":"Large Slime","floor":5,"turns":6},{"damage":20,"enemies":"3 Sentries","floor":6,"turns":11},{"damage":0,"enemies":"Blue Slaver","floor":7,"turns":3},{"damage":0,"enemies":"Looter","floor":12,"turns":1},{"damage":0,"enemies":"Slime Boss","floor":16,"turns":6},{"damage":0,"enemies":"3 Byrds","floor":18,"turns":5},{"damage":53,"enemies":"Book of Stabbing","floor":24,"turns":5},{"damage":0,"enemies":"2 Thieves","floor":27,"turns":3},{"damage":0,"enemies":"Snake Plant","floor":29,"turns":3},{"damage":8,"enemies":"Slavers","floor":31,"turns":6},{"damage":62,"enemies":"Automaton","floor":33,"turns":6}],"seed_played":"-517004164889256732","potions_obtained":[{"floor":1,"key":"Strength Potion"},{"floor":6,"key":"SpeedPotion"},{"floor":7,"key":"EntropicBrew"},{"floor":12,"key":"Dexterity Potion"},{"floor":24,"key":"PowerPotion"},{"floor":27,"key":"AttackPotion"},{"floor":31,"key":"PowerPotion"}],"is_trial":false,"path_per_floor":["M","M","M","$","M","E","M","?","T","?","R","M","R","$","R","B",null,"M","?","?","?","?","R","E","R","T","M","?","M","R","E","R","B"],"character_chosen":"THE_SILENT","items_purchased":["Chemical X","Accuracy"],"campfire_rested":0,"item_purchase_floors":[4,14],"current_hp_per_floor":[70,69,69,69,69,49,49,42,42,42,42,42,42,42,42,42,70,70,57,41,41,41,41,10,10,10,19,19,25,25,31,31,0],"gold":255,"neow_bonus":"HUNDRED_GOLD","is_prod":false,"is_daily":false,"chose_seed":false,"campfire_upgraded":7,"win_rate":0,"timestamp":1560400263,"path_taken":["M","M","M","$","M","E","M","?","T","?","R","M","R","$","R","BOSS","M","?","?","?","?","R","E","R","T","?","?","M","R","E","R","BOSS"],"build_version":"2019-01-23","purchased_purges":0,"victory":false,"max_hp_per_floor":[70,70,70,70,70,70,70,70,70,70,70,70,70,70,70,70,70,70,75,75,75,52,52,52,52,52,52,52,52,52,52,52,52],"card_choices":[{"not_picked":["Backflip","Deflect"],"picked":"Finisher","floor":1},{"not_picked":["Predator","Prepared"],"picked":"Well Laid Plans","floor":2},{"not_picked":["Leg Sweep","Blade Dance"],"picked":"Terror","floor":3},{"not_picked":["Deadly Poison","Accuracy"],"picked":"Cloak And Dagger","floor":5},{"not_picked":["Deadly Poison","Flying Knee"],"picked":"Masterful Stab","floor":6},{"not_picked":["Poisoned Stab","Underhanded Strike","Dodge and Roll"],"picked":"SKIP","floor":7},{"not_picked":["Dodge and Roll","Setup"],"picked":"Endless Agony","floor":12},{"not_picked":["Storm of Steel","Grand Finale"],"picked":"Adrenaline","floor":16},{"not_picked":["Flechettes","Prepared"],"picked":"Blade Dance+1","floor":18},{"not_picked":["Underhanded Strike","Bane","Sucker Punch+1"],"picked":"SKIP","floor":24},{"not_picked":["Dodge and Roll","Poisoned Stab","Noxious Fumes+1"],"picked":"SKIP","floor":27},{"not_picked":["Outmaneuver","Backflip"],"picked":"Prepared","floor":29},{"not_picked":["Noxious Fumes","A Thousand Cuts"],"picked":"Blade Dance+1","floor":31}],"player_experience":354953,"relics_obtained":[{"floor":6,"key":"Anchor"},{"floor":20,"key":"Necronomicon"},{"floor":24,"key":"Vajra"},{"floor":26,"key":"Matryoshka"},{"floor":31,"key":"Happy Flower"}],"event_choices":[{"cards_removed":["Defend_G"],"damage_healed":0,"gold_gain":0,"player_choice":"Card Removal","damage_taken":7,"max_hp_gain":0,"max_hp_loss":0,"event_name":"Golden Wing","floor":8,"gold_loss":0},{"damage_healed":0,"gold_gain":0,"player_choice":"Upgraded","damage_taken":0,"max_hp_gain":0,"max_hp_loss":0,"event_name":"Upgrade Shrine","floor":10,"gold_loss":0,"cards_upgraded":["Terror"]},{"damage_healed":0,"gold_gain":0,"player_choice":"Shed Blood","damage_taken":18,"max_hp_gain":5,"max_hp_loss":0,"event_name":"Forgotten Altar","floor":19,"gold_loss":0},{"damage_healed":0,"gold_gain":0,"player_choice":"Obtained Book","damage_taken":16,"max_hp_gain":0,"max_hp_loss":0,"event_name":"Cursed Tome","floor":20,"gold_loss":0},{"damage_healed":0,"gold_gain":0,"player_choice":"Obtained Relic","damage_taken":0,"relics_obtained":["Tingsha"],"max_hp_gain":0,"max_hp_loss":0,"event_name":"Addict","floor":21,"gold_loss":85},{"damage_healed":0,"gold_gain":0,"player_choice":"Became a vampire","damage_taken":0,"max_hp_gain":0,"max_hp_loss":23,"event_name":"Vampires","floor":22,"gold_loss":0,"cards_obtained":["Bite","Bite","Bite","Bite","Bite"]},{"damage_healed":0,"gold_gain":0,"player_choice":"Inject Mutagens","damage_taken":0,"relics_obtained":["MutagenicStrength"],"max_hp_gain":0,"max_hp_loss":0,"event_name":"Drug Dealer","floor":28,"gold_loss":0}],"is_beta":false,"boss_relics":[{"not_picked":["Fusion Hammer","Eternal Feather"],"picked":"Coffee Dripper"}],"items_purged_floors":[],"is_endless":false,"potions_floor_spawned":[1,6,7,12,24,27,31],"killed_by":"Automaton","ascension_level":0}