{"gold_per_floor":[119,119,69,69,79,79,36,52,52,7,41,41,74,74,74,169,169,189,207,47,63,76,76,108,108,108,138,138,53,53,53,53,53],"floor_reached":33,"playtime":1328,"items_purged":["Defend_R"],"score":370,"play_id":"5dc78208-8bfb-49c9-82a8-32da107dde2e","local_time":"20190604022817","is_ascension_mode":true,"campfire_choices":[{"data":"Clash","floor":6,"key":"SMITH"},{"data":"Flex","floor":12,"key":"SMITH"},{"data":"Clash","floor":15,"key":"SMITH"},{"data":"Anger","floor":23,"key":"SMITH"},{"data":"Immolate","floor":25,"key":"SMITH"},{"data":"Armaments","floor":28,"key":"SMITH"},{"data":"Cleave","floor":30,"key":"SMITH"},{"data":"Cleave","floor":32,"key":"SMITH"}],"neow_cost":"TEN_PERCENT_HP_LOSS","seed_source_timestamp":713590893807207,"circlet_count":0,"master_deck":["Strike_R","Strike_R","Strike_R","Strike_R","Strike_R","Bash","Pommel Strike","Clash+1","Cleave+1","Flex+1","Cleave+1","Clash+1","Immolate+1","Anger+1","Heavy Blade","Mind Blast","Iron Wave+1","Headbutt","Armaments+1","Ghostly","Ghostly","Ghostly","Ghostly","Ghostly"],"relics":["Burning Blood","Thread and Needle","Strawberry","Turnip","Lantern","Eternal Feather","Mummified Hand","Darkstone Periapt","Pen Nib","Ancient Tea Set"],"potions_floor_usage":[11,16,22,33,33],"damage_taken":[{"damage":11,"enemies":"2 Louse","floor":1,"turns":3},{"damage":12,"enemies":"Jaw Worm","floor":5,"turns":2},{"damage":0,"enemies":"Cultist","floor":8,"turns":2},{"damage":0,"enemies":"Gremlin Nob","floor":11,"turns":2},{"damage":5,"enemies":"3 Sentries","floor":13,"turns":3},{"damage":49,"enemies":"Hexaghost","floor":16,"turns":6},{"damage":7,"enemies":"2 Thieves","floor":18,"turns":2},{"damage":2,"enemies":"Spheric Guardian","floor":19,"turns":3},{"damage":21,"enemies":"Centurion and Healer","floor":21,"turns":3},{"damage":0,"enemies":"Snecko","floor":22,"turns":2},{"damage":29,"enemies":"Slavers","floor":24,"turns":3},{"damage":32,"enemies":"Gremlin Leader","floor":27,"turns":5},{"damage":70,"enemies":"Champ","floor":33,"turns":12}],"seed_played":"-821091000647781298","potions_obtained":[{"floor":5,"key":"Poison Potion"},{"floor":13,"key":"SteroidPotion"},{"floor":16,"key":"Explosive Potion"},{"floor":24,"key":"SneckoOil"},{"floor":27,"key":"Swift Potion"}],"is_trial":false,"path_per_floor":["M","?","?","?","M","R","?","M","T","$","E","R","E","?","R","B",null,"M","M","$","M","M","R","E","R","T","E","R","?","R","?","R","B"],"character_chosen":"IRONCLAD","items_purchased":["Flex","Mind Blast"],"campfire_rested":0,"item_purchase_floors":[10,20],"current_hp_per_floor":[67,72,72,65,59,59,59,65,65,65,78,78,79,67,67,24,84,83,84,84,69,75,84,61,70,70,44,53,53,62,42,42,0],"gold":53,"neow_bonus":"REMOVE_TWO","is_prod":false,"is_daily":false,"chose_seed":false,"campfire_upgraded":8,"win_rate":0,"timestamp":1559640497,"path_taken":["M","?","?","?","?","R","?","M","T","$","E","R","E","?","R","BOSS","M","M","$","M","M","R","E","R","T","E","R","?","R","?","R","BOSS"],"build_version":"2019-01-23","purchased_purges":1,"victory":false,"max_hp_per_floor":[72,77,77,77,77,77,77,77,77,77,84,84,84,84,84,84,84,84,84,84,84,84,84,84,84,84,84,84,84,84,42,42,42],"card_choices":[{"not_picked":["Spot Weakness","Thunderclap"],"picked":"Pommel Strike","floor":1},{"not_picked":["Fire Breathing","Sword Boomerang"],"picked":"Clash","floor":5},{"not_picked":["Brutality","Iron Wave"],"picked":"Cleave","floor":8},{"not_picked":["Disarm","Searing Blow"],"picked":"Cleave","floor":11},{"not_picked":["Sword Boomerang","Flex"],"picked":"Clash","floor":13},{"not_picked":["Brutality","Fiend Fire"],"picked":"Immolate","floor":16},{"not_picked":["Battle Trance","Flex"],"picked":"Anger","floor":18},{"not_picked":["Body Slam","Ghostly Armor+1"],"picked":"Heavy Blade","floor":19},{"not_picked":["Shrug It Off","Dual Wield","Twin Strike"],"picked":"SKIP","floor":21},{"not_picked":["Wild Strike","Twin Strike"],"picked":"Iron Wave+1","floor":22},{"not_picked":["Offering","Thunderclap"],"picked":"Headbutt","floor":24},{"not_picked":["Bloodletting","Second Wind"],"picked":"Armaments","floor":27}],"player_experience":305222,"relics_obtained":[{"floor":9,"key":"Thread and Needle"},{"floor":11,"key":"Strawberry"},{"floor":13,"key":"Turnip"},{"floor":24,"key":"Mummified Hand"},{"floor":26,"key":"Darkstone Periapt"},{"floor":27,"key":"Pen Nib"}],"event_choices":[{"damage_healed":0,"gold_gain":0,"player_choice":"Donut","damage_taken":0,"max_hp_gain":5,"max_hp_loss":0,"event_name":"Big Fish","floor":2,"gold_loss":0},{"cards_removed":["Defend_R"],"damage_healed":0,"gold_gain":0,"player_choice":"Card Removal","damage_taken":0,"max_hp_gain":0,"max_hp_loss":0,"event_name":"The Cleric","floor":3,"gold_loss":50},{"damage_healed":0,"gold_gain":0,"player_choice":"Damaged","damage_taken":7,"max_hp_gain":0,"max_hp_loss":0,"event_name":"Wheel of Change","floor":4,"gold_loss":0},{"damage_healed":0,"gold_gain":0,"player_choice":"Left Gold","damage_taken":0,"max_hp_gain":0,"max_hp_loss":0,"event_name":"World of Goop","floor":7,"gold_loss":43},{"damage_healed":0,"gold_gain":0,"player_choice":"Success","damage_taken":12,"relics_obtained":["Lantern"],"max_hp_gain":0,"max_hp_loss":0,"event_name":"Scrap Ooze","floor":14,"gold_loss":0},{"damage_healed":0,"gold_gain":0,"player_choice":"Obtained Relic","damage_taken":0,"relics_obtained":["Ancient Tea Set"],"max_hp_gain":0,"max_hp_loss":0,"event_name":"Addict","floor":29,"gold_loss":85},{"damage_healed":0,"gold_gain":0,"player_choice":"Became a Ghost","damage_taken":0,"max_hp_gain":0,"max_hp_loss":42,"event_name":"Ghosts","floor":31,"gold_loss":0,"cards_obtained":["Ghostly","Ghostly","Ghostly","Ghostly","Ghostly"]}],"is_beta":false,"boss_relics":[{"not_picked":["Lizard Tail","Black Star"],"picked":"Eternal Feather"}],"items_purged_floors":[20],"is_endless":false,"potions_floor_spawned":[5,13,16,24,27],"killed_by":"Champ","ascension_level":2}