{"gold_per_floor":[118,118,118,131,46,46,72,72,72,72,98,111,111,121,121,121],"floor_reached":16,"playtime":350,"items_purged":[],"score":259,"play_id":"d1f69278-f85a-4fac-a6c6-798d209d3908","local_time":"20190625154208","is_ascension_mode":true,"campfire_choices":[{"data":"Rampage","floor":6,"key":"SMITH"},{"data":"Infernal Blade","floor":8,"key":"SMITH"},{"data":"Heavy Blade","floor":10,"key":"SMITH"},{"data":"Rampage","floor":15,"key":"SMITH"}],"neow_cost":"NONE","seed_source_timestamp":1097508154510100,"circlet_count":0,"master_deck":["AscendersBane","Strike_R","Strike_R","Strike_R","Strike_R","Strike_R","Defend_R","Defend_R","Defend_R","Defend_R","Bash","Infernal Blade+1","Thunderclap","Rampage+1","Heavy Blade+1","Pommel Strike","Rampage+1","Heavy Blade"],"relics":["Burning Blood","NeowsBlessing","Ginger","Boot","Meat on the Bone","NlothsMask"],"potions_floor_usage":[11,14,16],"damage_taken":[{"damage":0,"enemies":"2 Louse","floor":1,"turns":1},{"damage":0,"enemies":"Cultist","floor":4,"turns":1},{"damage":0,"enemies":"Gremlin Nob","floor":7,"turns":1},{"damage":35,"enemies":"3 Sentries","floor":11,"turns":5},{"damage":7,"enemies":"Jaw Worm","floor":12,"turns":3},{"damage":18,"enemies":"Large Slime","floor":14,"turns":3},{"damage":47,"enemies":"Slime Boss","floor":16,"turns":9}],"seed_played":"4044957535177988554","potions_obtained":[{"floor":1,"key":"Strength Potion"},{"floor":7,"key":"FearPotion"},{"floor":12,"key":"Dexterity Potion"}],"is_trial":false,"path_per_floor":["M","?","$","M","$","R","E","R","T","R","E","M","?","M","R","B"],"character_chosen":"IRONCLAD","items_purchased":["Rampage"],"campfire_rested":0,"item_purchase_floors":[5],"current_hp_per_floor":[74,74,74,75,75,75,75,75,75,75,46,45,45,45,45,0],"gold":121,"neow_bonus":"THREE_ENEMY_KILL","is_prod":false,"is_daily":false,"chose_seed":false,"campfire_upgraded":4,"win_rate":0,"timestamp":1561502528,"path_taken":["M","?","$","M","$","R","E","R","T","R","E","M","?","?","R","BOSS"],"build_version":"2019-01-23","purchased_purges":0,"victory":false,"max_hp_per_floor":[75,75,75,75,75,75,75,75,75,75,75,75,75,75,75,75],"card_choices":[{"not_picked":["Clash","Thunderclap"],"picked":"Infernal Blade","floor":1},{"not_picked":["Dual Wield","Rage"],"picked":"Thunderclap","floor":4},{"not_picked":["Entrench","Rupture"],"picked":"Heavy Blade","floor":7},{"not_picked":["Sword Boomerang","Hemokinesis"],"picked":"Pommel Strike","floor":11},{"not_picked":["Sword Boomerang","Dropkick"],"picked":"Rampage","floor":12},{"not_picked":["Second Wind","Warcry"],"picked":"Heavy Blade","floor":14}],"player_experience":1079184,"relics_obtained":[{"floor":7,"key":"Ginger"},{"floor":9,"key":"Boot"},{"floor":11,"key":"Meat on the Bone"}],"event_choices":[{"damage_healed":0,"gold_gain":0,"player_choice":"Ignored","damage_taken":0,"max_hp_gain":0,"max_hp_loss":0,"event_name":"Golden Wing","floor":2,"gold_loss":0},{"damage_healed":0,"gold_gain":0,"player_choice":"Trade","damage_taken":0,"relics_obtained":["NlothsMask"],"max_hp_gain":0,"max_hp_loss":0,"event_name":"FaceTrader","floor":13,"gold_loss":0}],"is_beta":false,"boss_relics":[],"items_purged_floors":[],"is_endless":false,"potions_floor_spawned":[1,7,12],"killed_by":"Slime Boss","ascension_level":19}