{"gold_per_floor":[214,227,246,246,15,15,40,40,91,91,123,136,462,478,478,549,549,569,569,581,370,380,380,27,41,41,41,58,74,91,91],"floor_reached":31,"playtime":1328,"items_purged":["Strike_B+1"],"score":518,"play_id":"40f59ee6-add8-4062-aa4a-8da5e2a62370","local_time":"20190604212307","is_ascension_mode":true,"campfire_choices":[{"data":"Glacier","floor":6,"key":"SMITH"},{"floor":10,"key":"REST"},{"data":"Creative AI","floor":15,"key":"SMITH"},{"data":"Electrodynamics","floor":23,"key":"SMITH"},{"data":"Echo Form","floor":27,"key":"SMITH"}],"neow_cost":"NONE","seed_source_timestamp":75840858952412,"circlet_count":0,"master_deck":["AscendersBane","Strike_B+1","Strike_B+1","Strike_B+1","Defend_B+1","Defend_B+1","Defend_B+1","Defend_B+1","Zap","Dualcast","Glacier+1","Rebound","Sweeping Beam","Core Surge","Coolheaded","Creative AI+1","Cold Snap","Core Surge","Electrodynamics+1","Conserve Battery+1","Echo Form+1","Clumsy","Consume"],"relics":["Cracked Core","Orichalcum","Pear","Regal Pillow","Strawberry","Old Coin","Cursed Key","OrangePellets","Bottled Tornado","Dodecahedron"],"potions_floor_usage":[7,12,18,25,30],"damage_taken":[{"damage":7,"enemies":"Small Slimes","floor":1,"turns":4},{"damage":1,"enemies":"Jaw Worm","floor":2,"turns":6},{"damage":1,"enemies":"2 Louse","floor":3,"turns":3},{"damage":38,"enemies":"Lagavulin","floor":7,"turns":6},{"damage":18,"enemies":"3 Sentries","floor":11,"turns":8},{"damage":6,"enemies":"Looter","floor":12,"turns":3},{"damage":8,"enemies":"Gremlin Nob","floor":13,"turns":4},{"damage":0,"enemies":"Red Slaver","floor":14,"turns":4},{"damage":37,"enemies":"Slime Boss","floor":16,"turns":12},{"damage":3,"enemies":"Shell Parasite","floor":18,"turns":9},{"damage":5,"enemies":"Spheric Guardian","floor":20,"turns":5},{"damage":4,"enemies":"3 Cultists","floor":22,"turns":5},{"damage":12,"enemies":"Snake Plant","floor":25,"turns":4},{"damage":15,"enemies":"Centurion and Healer","floor":28,"turns":6},{"damage":2,"enemies":"3 Cultists","floor":29,"turns":3},{"damage":15,"enemies":"Snake Plant","floor":30,"turns":5},{"damage":18,"enemies":"Centurion and Healer","floor":31,"turns":2}],"seed_played":"-7034158018534345650","potions_obtained":[{"floor":2,"key":"SteroidPotion"},{"floor":3,"key":"LiquidBronze"},{"floor":7,"key":"Poison Potion"},{"floor":16,"key":"Block Potion"},{"floor":18,"key":"Explosive Potion"},{"floor":25,"key":"Strength Potion"},{"floor":30,"key":"Strength Potion"}],"is_trial":false,"path_per_floor":["M","M","M","?","$","R","E","?","T","R","E","M","E","M","R","B",null,"M","?","M","$","M","R","$","M","T","R","M","M","M","M"],"character_chosen":"DEFECT","items_purchased":["Core Surge","Coolheaded","OrangePellets","Bottled Tornado"],"campfire_rested":1,"item_purchase_floors":[5,5,21,24],"current_hp_per_floor":[57,56,55,55,55,55,17,27,27,66,55,49,41,41,41,4,67,64,64,59,59,55,55,55,43,43,43,28,26,11,0],"gold":91,"neow_bonus":"HUNDRED_GOLD","is_prod":false,"is_daily":false,"chose_seed":false,"campfire_upgraded":4,"win_rate":0,"timestamp":1559697787,"path_taken":["M","M","M","?","$","R","E","?","T","R","E","M","E","M","R","BOSS","M","?","M","$","M","R","$","M","T","R","M","M","M","M"],"build_version":"2019-01-23","purchased_purges":1,"victory":false,"max_hp_per_floor":[71,71,71,71,71,71,71,81,81,81,88,88,88,88,88,88,88,88,88,88,88,88,88,88,88,88,88,88,88,88,88],"card_choices":[{"not_picked":["Leap","Redo"],"picked":"Glacier","floor":1},{"not_picked":["Chaos","Leap"],"picked":"Rebound","floor":2},{"not_picked":["Steam Power","Gash"],"picked":"Sweeping Beam","floor":3},{"not_picked":["Hologram","Auto Shields"],"picked":"Creative AI","floor":7},{"not_picked":["Rip and Tear","Gash"],"picked":"Cold Snap","floor":11},{"not_picked":["Reprogram","Gash","Barrage"],"picked":"SKIP","floor":12},{"not_picked":["Compile Driver","Reinforced Body"],"picked":"Core Surge","floor":13},{"not_picked":["Aggregate","Leap","Sweeping Beam"],"picked":"SKIP","floor":14},{"not_picked":["Fission","Creative AI"],"picked":"Electrodynamics","floor":16},{"not_picked":["Coolheaded","Leap"],"picked":"Conserve Battery+1","floor":18},{"not_picked":["Leap","Stack+1","Compile Driver"],"picked":"SKIP","floor":20},{"not_picked":["Compile Driver","Go for the Eyes","Sweeping Beam"],"picked":"SKIP","floor":22},{"not_picked":["Hologram","Cold Snap"],"picked":"Echo Form","floor":25},{"not_picked":["Scrape","Doom and Gloom+1"],"picked":"Consume","floor":28},{"not_picked":["Beam Cell","Chaos","Leap"],"picked":"SKIP","floor":29},{"not_picked":["Aggregate","Ball Lightning","Leap"],"picked":"SKIP","floor":30}],"player_experience":835968,"relics_obtained":[{"floor":7,"key":"Orichalcum"},{"floor":9,"key":"Regal Pillow"},{"floor":11,"key":"Strawberry"},{"floor":13,"key":"Old Coin"},{"floor":26,"key":"Dodecahedron"}],"event_choices":[{"damage_healed":0,"gold_gain":0,"player_choice":"Leave","damage_taken":0,"max_hp_gain":0,"max_hp_loss":0,"event_name":"The Cleric","floor":4,"gold_loss":0},{"damage_healed":0,"gold_gain":0,"player_choice":"Searched \u00271\u0027 times","damage_taken":0,"relics_obtained":["Pear"],"max_hp_gain":0,"max_hp_loss":0,"event_name":"Dead Adventurer","floor":8,"gold_loss":0},{"damage_healed":0,"gold_gain":0,"player_choice":"Simplicity","damage_taken":0,"max_hp_gain":0,"max_hp_loss":0,"event_name":"Back to Basics","floor":19,"gold_loss":0,"cards_upgraded":["Strike_B","Strike_B","Strike_B","Strike_B","Defend_B","Defend_B","Defend_B","Defend_B"]}],"is_beta":false,"boss_relics":[{"not_picked":["Coffee Dripper","Inserter"],"picked":"Cursed Key"}],"items_purged_floors":[24],"is_endless":false,"potions_floor_spawned":[2,3,7,16,18,25,30],"killed_by":"Centurion and Healer","ascension_level":20}