{"gold_per_floor":[113,132,143,155,155,189,189,205,205,58,69,88,88,120,120,218,218,231,241,241,68,83,83,83,83,138,138],"floor_reached":27,"playtime":1661,"items_purged":["Strike_G","Strike_G"],"score":225,"play_id":"d02591ab-c84e-4ed1-b047-060fdae23f78","local_time":"20190627232634","is_ascension_mode":false,"campfire_choices":[{"data":"Endless Agony","floor":7,"key":"SMITH"},{"floor":15,"key":"REST"},{"floor":23,"key":"REST"},{"floor":25,"key":"REST"}],"neow_cost":"NONE","seed_source_timestamp":425315554399991,"circlet_count":0,"master_deck":["Defend_G","Defend_G","Defend_G+1","Defend_G+1","Defend_G","Strike_G","Strike_G","Strike_G","Survivor","Neutralize","Endless Agony+1","Dash","Flying Knee","Prepared+1","Choke","Slice","Well Laid Plans","Deflect","Slice","Bullet Time","Flying Knee","Cloak And Dagger+1","Footwork","Setup+1"],"relics":["Ring of the Snake","The Specimen","Nunchaku","StoneCalendar","Black Star","War Paint"],"potions_floor_usage":[6,6,14,14,20,20],"damage_taken":[{"damage":8,"enemies":"Cultist","floor":1,"turns":4},{"damage":0,"enemies":"2 Louse","floor":2,"turns":4},{"damage":0,"enemies":"Jaw Worm","floor":3,"turns":3},{"damage":3,"enemies":"Large Slime","floor":4,"turns":5},{"damage":4,"enemies":"Gremlin Nob","floor":6,"turns":5},{"damage":4,"enemies":"Exordium Wildlife","floor":8,"turns":2},{"damage":2,"enemies":"2 Fungi Beasts","floor":11,"turns":3},{"damage":3,"enemies":"Exordium Thugs","floor":12,"turns":6},{"damage":3,"enemies":"Lagavulin","floor":14,"turns":7},{"damage":5,"enemies":"Hexaghost","floor":16,"turns":10},{"damage":26,"enemies":"Chosen","floor":18,"turns":6},{"damage":8,"enemies":"Shell Parasite","floor":19,"turns":7},{"damage":17,"enemies":"Colosseum Slavers","floor":20,"turns":7},{"damage":20,"enemies":"Snake Plant","floor":22,"turns":6},{"damage":58,"enemies":"Gremlin Leader","floor":27,"turns":7}],"seed_played":"6303384730754853168","potions_obtained":[{"floor":1,"key":"SkillPotion"},{"floor":2,"key":"GhostInAJar"},{"floor":8,"key":"SpeedPotion"},{"floor":11,"key":"Poison Potion"},{"floor":12,"key":"Dexterity Potion"},{"floor":19,"key":"EssenceOfSteel"}],"is_trial":false,"path_per_floor":["M","M","M","M","?","E","R","M","T","$","M","M","?","E","R","B",null,"M","M","?","$","M","R","?","R","T","E"],"character_chosen":"THE_SILENT","items_purchased":["Well Laid Plans","Footwork"],"campfire_rested":3,"item_purchase_floors":[10,21],"current_hp_per_floor":[69,69,69,66,51,47,47,43,43,43,41,38,38,35,58,53,77,51,43,26,26,6,29,29,52,52,0],"gold":138,"neow_bonus":"TEN_PERCENT_HP_BONUS","is_prod":false,"is_daily":false,"chose_seed":false,"campfire_upgraded":1,"win_rate":0,"timestamp":1561703194,"path_taken":["M","M","M","M","?","E","R","M","T","$","M","M","?","E","R","BOSS","M","M","?","$","M","R","?","R","T","E"],"build_version":"2019-01-23","purchased_purges":2,"victory":false,"max_hp_per_floor":[77,77,77,77,77,77,77,77,77,77,77,77,77,77,77,77,77,77,77,77,77,77,77,77,77,77,77],"card_choices":[{"not_picked":["Blade Dance","Caltrops"],"picked":"Endless Agony","floor":1},{"not_picked":["Outmaneuver","Poisoned Stab"],"picked":"Dash","floor":2},{"not_picked":["Outmaneuver","PiercingWail"],"picked":"Flying Knee","floor":3},{"not_picked":["Sucker Punch","Calculated Gamble"],"picked":"Prepared","floor":4},{"not_picked":["Dagger Throw","Blade Dance"],"picked":"Choke","floor":6},{"not_picked":["Venomology","Skewer"],"picked":"Slice","floor":8},{"not_picked":["Blur","Dagger Spray"],"picked":"Deflect","floor":11},{"not_picked":["Distraction","Setup","Catalyst"],"picked":"SKIP","floor":12},{"not_picked":["Crippling Poison","Reflex"],"picked":"Slice","floor":14},{"not_picked":["Glass Knife","Wraith Form v2"],"picked":"Bullet Time","floor":16},{"not_picked":["Backflip","Catalyst"],"picked":"Flying Knee","floor":18},{"not_picked":["Dagger Throw","Tactician"],"picked":"Cloak And Dagger","floor":19},{"not_picked":["Poisoned Stab+1","Underhanded Strike"],"picked":"Setup+1","floor":22}],"player_experience":503587,"relics_obtained":[{"floor":6,"key":"The Specimen"},{"floor":9,"key":"Nunchaku"},{"floor":14,"key":"StoneCalendar"},{"floor":26,"key":"War Paint"}],"event_choices":[{"damage_healed":0,"gold_gain":0,"player_choice":"Entered Light","damage_taken":15,"max_hp_gain":0,"max_hp_loss":0,"event_name":"Shining Light","floor":5,"gold_loss":0,"cards_upgraded":["Defend_G","Defend_G"]},{"damage_healed":0,"gold_gain":0,"player_choice":"Fled","damage_taken":0,"max_hp_gain":0,"max_hp_loss":0,"event_name":"Scrap Ooze","floor":13,"gold_loss":0},{"damage_healed":0,"gold_gain":0,"player_choice":"Fight","damage_taken":0,"max_hp_gain":0,"max_hp_loss":0,"event_name":"Colosseum","floor":20,"gold_loss":0},{"damage_healed":0,"gold_gain":0,"player_choice":"Fled From Nobs","damage_taken":0,"max_hp_gain":0,"max_hp_loss":0,"event_name":"Colosseum","floor":20,"gold_loss":0},{"damage_healed":0,"gold_gain":0,"player_choice":"Ignored","damage_taken":0,"max_hp_gain":0,"max_hp_loss":0,"event_name":"Cursed Tome","floor":24,"gold_loss":0}],"is_beta":false,"boss_relics":[{"not_picked":["White Beast Statue","Velvet Choker"],"picked":"Black Star"}],"items_purged_floors":[10,21],"is_endless":false,"potions_floor_spawned":[1,2,8,11,12,19,20],"killed_by":"Gremlin Leader","ascension_level":0}