{"gold_per_floor":[111,121,121,140,154,181,16,16,85,102,153,153,179,189,189,292,292,303,303,303,317,330,330,430,430,455,467,479,540,200,218,218,318,318,333,44,144,162,174,207,207,42,42,42,42,56,71,71,71,71],"floor_reached":51,"playtime":1629,"items_purged":["Strike_R","Strike_R","Strike_R"],"score":835,"play_id":"25ded51d-22a7-4c0e-9cb0-38abadf95e98","local_time":"20190513083436","is_ascension_mode":false,"campfire_choices":[{"data":"Armaments","floor":12,"key":"SMITH"},{"data":"Limit Break","floor":15,"key":"SMITH"},{"floor":23,"key":"DIG"},{"data":"Flex","floor":25,"key":"SMITH"},{"floor":27,"key":"REST"},{"floor":28,"key":"DIG"},{"floor":32,"key":"REST"},{"floor":44,"key":"DIG"},{"floor":49,"key":"DIG"}],"neow_cost":"PERCENT_DAMAGE","seed_source_timestamp":563901499471787,"circlet_count":0,"master_deck":["Defend_R+1","Defend_R","Defend_R","Defend_R","Bash","Limit Break+1","Heavy Blade","Shrug It Off","Blood for Blood","Armaments+1","Panacea+1","Flame Barrier","Limit Break+1","Feed","Flex+1","Flex","Inflame","Heavy Blade+1","Inflame+1","Seeing Red","Limit Break+1"],"relics":["Burning Blood","Shovel","Mercury Hourglass","Bronze Scales","Bag of Preparation","Busted Crown","Anchor","WingedGreaves","Sundial","MawBank","Du-Vu Doll","War Paint","Happy Flower","Lizard Tail","Ginger","Magic Flower","Frozen Egg 2","Blue Candle","Potion Belt","Pantograph"],"potions_floor_usage":[6,13,16,24,24,40,47,50],"damage_taken":[{"damage":4,"enemies":"2 Louse","floor":1,"turns":4},{"damage":6,"enemies":"Cultist","floor":2,"turns":3},{"damage":7,"enemies":"Jaw Worm","floor":4,"turns":4},{"damage":11,"enemies":"Exordium Wildlife","floor":5,"turns":5},{"damage":50,"enemies":"Lagavulin","floor":6,"turns":10},{"damage":4,"enemies":"Looter","floor":10,"turns":4},{"damage":14,"enemies":"3 Sentries","floor":13,"turns":4},{"damage":1,"enemies":"2 Fungi Beasts","floor":14,"turns":3},{"damage":0,"enemies":"Slime Boss","floor":16,"turns":3},{"damage":2,"enemies":"Shell Parasite","floor":18,"turns":8},{"damage":5,"enemies":"Chosen","floor":21,"turns":4},{"damage":27,"enemies":"Snecko","floor":22,"turns":8},{"damage":4,"enemies":"Colosseum Slavers","floor":24,"turns":4},{"damage":41,"enemies":"Colosseum Nobs","floor":24,"turns":6},{"damage":15,"enemies":"Sentry and Sphere","floor":31,"turns":5},{"damage":46,"enemies":"Automaton","floor":33,"turns":7},{"damage":13,"enemies":"Orb Walker","floor":35,"turns":3},{"damage":0,"enemies":"Mind Bloom Boss Battle","floor":37,"turns":4},{"damage":11,"enemies":"3 Darklings","floor":38,"turns":5},{"damage":30,"enemies":"Sphere and 2 Shapes","floor":39,"turns":4},{"damage":0,"enemies":"Giant Head","floor":40,"turns":4},{"damage":10,"enemies":"Jaw Worm Horde","floor":46,"turns":4},{"damage":21,"enemies":"4 Shapes","floor":47,"turns":5},{"damage":21,"enemies":"Time Eater","floor":50,"turns":5}],"seed_played":"8322953868050822027","potions_obtained":[{"floor":1,"key":"Swift Potion"},{"floor":6,"key":"SteroidPotion"},{"floor":10,"key":"SteroidPotion"},{"floor":16,"key":"SkillPotion"},{"floor":18,"key":"Block Potion"},{"floor":22,"key":"FearPotion"},{"floor":31,"key":"Energy Potion"},{"floor":33,"key":"BloodPotion"},{"floor":35,"key":"PowerPotion"},{"floor":40,"key":"SneckoOil"}],"is_trial":false,"path_per_floor":["M","M","?","M","M","E","$","?","T","M","T","R","E","M","R","B",null,"M","?","?","M","M","R","?","R","T","R","R","T","$","M","R","B",null,"M","$","?","M","M","E","?","$","T","R","?","M","M","?","R","B",null],"character_chosen":"IRONCLAD","items_purchased":["Panacea","Flex","Inflame","Happy Flower","Ginger","Inflame+1"],"campfire_rested":2,"item_purchase_floors":[7,30,30,30,36,42],"current_hp_per_floor":[58,58,58,57,52,8,8,34,34,36,36,36,28,33,33,39,80,84,84,84,84,63,63,33,33,33,59,59,59,59,50,76,36,87,80,80,86,89,73,82,82,82,82,82,82,87,80,80,80,88],"gold":71,"neow_bonus":"THREE_RARE_CARDS","is_prod":false,"is_daily":false,"chose_seed":false,"campfire_upgraded":3,"win_rate":0,"timestamp":1557750876,"path_taken":["M","M","?","M","?","E","?","?","T","M","?","R","E","M","R","BOSS","M","?","?","?","M","R","?","R","T","R","R","?","$","M","R","BOSS","M","$","?","M","M","E","?","$","T","R","?","?","M","?","R","BOSS"],"build_version":"2019-01-23","purchased_purges":3,"victory":true,"max_hp_per_floor":[80,80,80,80,80,80,80,80,80,80,80,80,80,80,80,80,80,84,84,84,84,84,84,87,87,87,87,87,87,87,87,87,87,87,87,87,87,90,93,93,93,93,93,93,93,97,100,100,100,100],"card_choices":[{"not_picked":["Juggernaut","Berserk"],"picked":"Limit Break","floor":0},{"not_picked":["Searing Blow","Flex"],"picked":"Heavy Blade","floor":1},{"not_picked":["Heavy Blade","Headbutt"],"picked":"Shrug It Off","floor":2},{"not_picked":["Power Through","Havoc"],"picked":"Blood for Blood","floor":4},{"not_picked":["Clothesline","Havoc","Corruption"],"picked":"SKIP","floor":5},{"not_picked":["Pummel","Fire Breathing"],"picked":"Armaments","floor":6},{"not_picked":["Iron Wave","Clash","Clothesline"],"picked":"SKIP","floor":10},{"not_picked":["Dropkick","Flex"],"picked":"Flame Barrier","floor":13},{"not_picked":["Heavy Blade","Power Through"],"picked":"Limit Break","floor":14},{"not_picked":["Exhume","Demon Form"],"picked":"Feed","floor":16},{"not_picked":["Anger"],"picked":"SKIP","floor":18},{"not_picked":["Power Through"],"picked":"SKIP","floor":21},{"not_picked":["Combust"],"picked":"SKIP","floor":22},{"not_picked":[],"picked":"Flex","floor":24},{"not_picked":["Wild Strike"],"picked":"SKIP","floor":31},{"not_picked":[],"picked":"Heavy Blade+1","floor":35},{"not_picked":["Entrench+1"],"picked":"SKIP","floor":38},{"not_picked":["Sever Soul"],"picked":"SKIP","floor":39},{"not_picked":["Thunderclap+1"],"picked":"SKIP","floor":40},{"not_picked":["Cleave+1"],"picked":"SKIP","floor":46},{"not_picked":["Anger+1"],"picked":"SKIP","floor":47}],"player_experience":697663,"relics_obtained":[{"floor":6,"key":"Shovel"},{"floor":9,"key":"Mercury Hourglass"},{"floor":11,"key":"Bronze Scales"},{"floor":13,"key":"Bag of Preparation"},{"floor":23,"key":"Anchor"},{"floor":24,"key":"WingedGreaves"},{"floor":24,"key":"Sundial"},{"floor":26,"key":"MawBank"},{"floor":28,"key":"Du-Vu Doll"},{"floor":29,"key":"War Paint"},{"floor":37,"key":"Magic Flower"},{"floor":40,"key":"Frozen Egg 2"},{"floor":43,"key":"Blue Candle"},{"floor":44,"key":"Potion Belt"},{"floor":49,"key":"Pantograph"}],"event_choices":[{"cards_removed":["Strike_R"],"damage_healed":0,"gold_gain":0,"player_choice":"Offered Basic","damage_taken":0,"max_hp_gain":0,"max_hp_loss":0,"event_name":"Bonfire Elementals","floor":3,"gold_loss":0},{"damage_healed":26,"gold_gain":0,"player_choice":"Banana","damage_taken":0,"max_hp_gain":0,"max_hp_loss":0,"event_name":"Big Fish","floor":8,"gold_loss":0},{"damage_healed":0,"gold_gain":0,"player_choice":"Ignored","damage_taken":0,"max_hp_gain":0,"max_hp_loss":0,"event_name":"Vampires","floor":19,"gold_loss":0},{"damage_healed":0,"gold_gain":0,"player_choice":"Upgraded","damage_taken":0,"max_hp_gain":0,"max_hp_loss":0,"event_name":"Upgrade Shrine","floor":20,"gold_loss":0,"cards_upgraded":["Panacea"]},{"damage_healed":0,"gold_gain":0,"player_choice":"Fight","damage_taken":0,"max_hp_gain":0,"max_hp_loss":0,"event_name":"Colosseum","floor":24,"gold_loss":0},{"damage_healed":0,"gold_gain":0,"player_choice":"Fought Nobs","damage_taken":0,"max_hp_gain":0,"max_hp_loss":0,"event_name":"Colosseum","floor":24,"gold_loss":0},{"damage_healed":0,"gold_gain":0,"player_choice":"Fight","damage_taken":0,"max_hp_gain":0,"max_hp_loss":0,"event_name":"MindBloom","floor":37,"gold_loss":0},{"damage_healed":0,"gold_gain":0,"player_choice":"Memory 1","damage_taken":0,"max_hp_gain":0,"max_hp_loss":0,"event_name":"SensoryStone","floor":41,"gold_loss":0},{"damage_healed":0,"gold_gain":0,"cards_transformed":["Strike_R"],"player_choice":"Transformed","damage_taken":0,"max_hp_gain":0,"max_hp_loss":0,"event_name":"Transmorgrifier","floor":45,"gold_loss":0,"cards_obtained":["Seeing Red"]},{"damage_healed":0,"gold_gain":0,"player_choice":"Copied","damage_taken":0,"max_hp_gain":0,"max_hp_loss":0,"event_name":"Duplicator","floor":48,"gold_loss":0,"cards_obtained":["Limit Break"]}],"is_beta":false,"boss_relics":[{"not_picked":["Snecko Eye","Calling Bell"],"picked":"Busted Crown"},{"not_picked":["Black Star","Coffee Dripper"],"picked":"Lizard Tail"}],"items_purged_floors":[7,30,42],"is_endless":false,"potions_floor_spawned":[1,6,10,16,18,22,31,33,35,37,39,40],"ascension_level":0}