{"gold_per_floor":[217,232,232,250,215,215,233,233,233,244,277,277,303,22,22,98,98,108,58,58,71,83,83,8,8,8,8,8,24,50,50,50,128,128,140,240,240,85,131,131,143,163,163,176,176,189,199,211,211,211],"floor_reached":51,"playtime":2238,"items_purged":[],"score":1112,"play_id":"8b5d5007-f5b1-4f3a-a3f2-1ef65fae7685","local_time":"20190405214827","is_ascension_mode":true,"campfire_choices":[{"data":"Poisoned Stab","floor":6,"key":"SMITH"},{"floor":12,"key":"REST"},{"floor":15,"key":"REST"},{"floor":23,"key":"REST"},{"data":"A Thousand Cuts","floor":25,"key":"SMITH"},{"data":"Blade Dance","floor":28,"key":"SMITH"},{"floor":32,"key":"REST"},{"data":"A Thousand Cuts","floor":40,"key":"SMITH"},{"data":"After Image","floor":45,"key":"SMITH"},{"data":"Footwork","floor":49,"key":"SMITH"}],"neow_cost":"NONE","seed_source_timestamp":12429362495946,"circlet_count":0,"master_deck":["AscendersBane","Defend_G","Defend_G","Defend_G","Defend_G","Defend_G","Strike_G","Strike_G","Strike_G","Survivor","Neutralize","Flying Knee","Blade Dance+1","Dash","A Thousand Cuts+1","Bouncing Flask+1","Blade Dance+1","Masterful Stab+1","A Thousand Cuts+1","Cloak And Dagger+1","Deflect+1","Cloak And Dagger+1","Dodge and Roll+1","After Image+1","Footwork+1","PiercingWail+1","A Thousand Cuts+1","Dodge and Roll+1","Footwork","Doubt","Blade Dance+1","Backflip+1","Finisher+1","Footwork+1"],"relics":["Ring of the Snake","Toxic Egg 2","Molten Egg 2","Bird Faced Urn","Bottled Tornado","Philosopher\u0027s Stone","Pantograph","Centennial Puzzle","Cursed Key","Ice Cream","Turnip","Bottled Flame"],"potions_floor_usage":[13,16,18,33,39,42,44,47],"damage_taken":[{"damage":0,"enemies":"Jaw Worm","floor":1,"turns":6},{"damage":0,"enemies":"2 Louse","floor":2,"turns":2},{"damage":7,"enemies":"Small Slimes","floor":4,"turns":5},{"damage":15,"enemies":"Gremlin Gang","floor":7,"turns":6},{"damage":12,"enemies":"Large Slime","floor":10,"turns":7},{"damage":28,"enemies":"Gremlin Nob","floor":11,"turns":4},{"damage":21,"enemies":"3 Sentries","floor":13,"turns":9},{"damage":15,"enemies":"Slime Boss","floor":16,"turns":8},{"damage":7,"enemies":"3 Byrds","floor":18,"turns":3},{"damage":18,"enemies":"2 Thieves","floor":21,"turns":3},{"damage":18,"enemies":"Snecko","floor":22,"turns":4},{"damage":34,"enemies":"Cultist and Chosen","floor":29,"turns":5},{"damage":52,"enemies":"Collector","floor":33,"turns":9},{"damage":8,"enemies":"3 Darklings","floor":35,"turns":3},{"damage":16,"enemies":"Mind Bloom Boss Battle","floor":36,"turns":7},{"damage":16,"enemies":"2 Orb Walkers","floor":39,"turns":3},{"damage":0,"enemies":"3 Shapes","floor":41,"turns":5},{"damage":0,"enemies":"3 Darklings","floor":42,"turns":5},{"damage":30,"enemies":"Writhing Mass","floor":44,"turns":6},{"damage":18,"enemies":"4 Shapes","floor":46,"turns":3},{"damage":12,"enemies":"Spire Growth","floor":47,"turns":5},{"damage":10,"enemies":"Writhing Mass","floor":48,"turns":5},{"damage":36,"enemies":"Donu and Deca","floor":50,"turns":11}],"seed_played":"-1706336519587684234","potions_obtained":[{"floor":2,"key":"Swift Potion"},{"floor":13,"key":"PowerPotion"},{"floor":16,"key":"SkillPotion"},{"floor":22,"key":"Explosive Potion"},{"floor":29,"key":"Block Potion"},{"floor":36,"key":"Swift Potion"},{"floor":41,"key":"GhostInAJar"},{"floor":46,"key":"Poison Potion"}],"is_trial":false,"path_per_floor":["M","M","?","M","?","R","M","?","T","M","E","R","E","$","R","B",null,"M","?","$","M","M","R","?","R","T","?","R","M","T","$","R","B",null,"M","?","?","$","?","R","M","M","T","M","R","M","M","M","R","B",null],"character_chosen":"THE_SILENT","items_purchased":["Bottled Tornado","Masterful Stab+1","A Thousand Cuts"],"campfire_rested":4,"item_purchase_floors":[14,14,38],"current_hp_per_floor":[59,59,52,45,61,61,46,46,46,34,6,25,4,4,23,12,53,48,48,48,32,18,37,37,37,37,37,37,7,7,7,26,3,50,46,54,54,54,44,44,52,62,62,44,44,32,32,32,32,35],"gold":211,"neow_bonus":"HUNDRED_GOLD","is_prod":false,"is_daily":false,"chose_seed":false,"campfire_upgraded":6,"win_rate":0,"timestamp":1554515307,"path_taken":["M","M","?","M","?","R","M","?","T","M","E","R","E","$","R","BOSS","M","?","$","M","?","R","?","R","T","?","R","M","?","?","R","BOSS","M","?","?","$","?","R","M","M","T","M","R","M","M","?","R","BOSS"],"build_version":"2019-01-23","purchased_purges":0,"victory":true,"max_hp_per_floor":[66,66,66,66,66,66,66,66,66,66,66,66,66,66,66,66,66,66,66,66,66,66,66,66,66,66,66,66,66,66,66,66,66,66,66,66,66,66,66,66,66,66,66,66,66,66,66,66,66,66],"card_choices":[{"not_picked":["Backflip","Dodge and Roll"],"picked":"Poisoned Stab","floor":1},{"not_picked":["Backflip","Poisoned Stab"],"picked":"Flying Knee","floor":2},{"not_picked":["Dagger Throw","Underhanded Strike"],"picked":"Blade Dance","floor":4},{"not_picked":["Sucker Punch","Dagger Throw"],"picked":"Dash","floor":7},{"not_picked":["Outmaneuver+1","Choke"],"picked":"A Thousand Cuts","floor":10},{"not_picked":["Dagger Throw","Dodge and Roll+1"],"picked":"Bouncing Flask+1","floor":11},{"not_picked":["Backflip+1","Prepared+1"],"picked":"Blade Dance+1","floor":13},{"not_picked":["Malaise+1","Doppelganger+1"],"picked":"A Thousand Cuts","floor":16},{"not_picked":["Dagger Spray+1","Flechettes+1"],"picked":"Cloak And Dagger+1","floor":18},{"not_picked":["Underhanded Strike+1","Dagger Spray+1"],"picked":"Deflect+1","floor":21},{"not_picked":["Concentrate+1","Caltrops"],"picked":"Cloak And Dagger+1","floor":22},{"not_picked":["Outmaneuver+1","Acrobatics+1"],"picked":"Dodge and Roll+1","floor":29},{"not_picked":["Tools of the Trade","Night Terror+1"],"picked":"After Image","floor":33},{"not_picked":["Outmaneuver+1","All Out Attack+1"],"picked":"Footwork","floor":35},{"not_picked":["Bouncing Flask+1","Dagger Throw+1"],"picked":"PiercingWail+1","floor":36},{"not_picked":["Flechettes+1","Outmaneuver+1"],"picked":"Dodge and Roll+1","floor":41},{"not_picked":["Cloak And Dagger+1","Quick Slash+1"],"picked":"Footwork","floor":42},{"not_picked":["Flying Knee+1","Reflex+1"],"picked":"Blade Dance+1","floor":44},{"not_picked":["Flying Knee+1","Dagger Spray+1"],"picked":"Backflip+1","floor":46},{"not_picked":["Dash+1","Quick Slash+1"],"picked":"Finisher+1","floor":47},{"not_picked":["Sucker Punch+1","Infinite Blades"],"picked":"Footwork+1","floor":48}],"player_experience":521374,"relics_obtained":[{"floor":9,"key":"Toxic Egg 2"},{"floor":11,"key":"Molten Egg 2"},{"floor":13,"key":"Bird Faced Urn"},{"floor":26,"key":"Pantograph"},{"floor":30,"key":"Centennial Puzzle"},{"floor":36,"key":"Ice Cream"},{"floor":39,"key":"Turnip"},{"floor":43,"key":"Bottled Flame"}],"event_choices":[{"cards_removed":["Strike_G"],"damage_healed":0,"gold_gain":0,"player_choice":"Card Removal","damage_taken":7,"max_hp_gain":0,"max_hp_loss":0,"event_name":"Golden Wing","floor":3,"gold_loss":0},{"damage_healed":16,"gold_gain":0,"player_choice":"Healed","damage_taken":0,"max_hp_gain":0,"max_hp_loss":0,"event_name":"The Cleric","floor":5,"gold_loss":35},{"damage_healed":0,"gold_gain":0,"player_choice":"Ignored","damage_taken":0,"max_hp_gain":0,"max_hp_loss":0,"event_name":"Liars Game","floor":8,"gold_loss":0},{"damage_healed":0,"gold_gain":0,"player_choice":"Upgrade","damage_taken":0,"max_hp_gain":0,"max_hp_loss":0,"event_name":"Designer","floor":19,"gold_loss":50,"cards_upgraded":["A Thousand Cuts"]},{"cards_removed":["Strike_G"],"damage_healed":0,"gold_gain":0,"player_choice":"Gave Gold","damage_taken":0,"max_hp_gain":0,"max_hp_loss":0,"event_name":"Beggar","floor":24,"gold_loss":75},{"damage_healed":0,"gold_gain":0,"player_choice":"Ignored","damage_taken":0,"max_hp_gain":0,"max_hp_loss":0,"event_name":"Vampires","floor":27,"gold_loss":0},{"damage_healed":0,"gold_gain":0,"player_choice":"Fight","damage_taken":0,"max_hp_gain":0,"max_hp_loss":0,"event_name":"MindBloom","floor":36,"gold_loss":0},{"cards_removed":["Poisoned Stab"],"damage_healed":0,"gold_gain":0,"player_choice":"Removed Attack","damage_taken":0,"max_hp_gain":0,"max_hp_loss":0,"event_name":"Falling","floor":37,"gold_loss":0},{"damage_healed":0,"gold_gain":0,"player_choice":"Fight","damage_taken":0,"max_hp_gain":0,"max_hp_loss":0,"event_name":"Mysterious Sphere","floor":39,"gold_loss":0}],"is_beta":false,"boss_relics":[{"not_picked":["Coffee Dripper","Lizard Tail"],"picked":"Philosopher\u0027s Stone"},{"not_picked":["Velvet Choker","Runic Dome"],"picked":"Cursed Key"}],"items_purged_floors":[],"is_endless":false,"potions_floor_spawned":[2,13,16,22,29,36,41,46],"ascension_level":15}