{"gold_per_floor":[111,111,111,7,7,7,19,44,44,76,88,106,106,125,125,203,203,223,242,242,242,262,291,291,291],"floor_reached":25,"playtime":983,"items_purged":[],"score":404,"play_id":"82133871-187c-4da4-a4ce-382af279316b","local_time":"20190325192937","is_ascension_mode":true,"campfire_choices":[{"data":"Self Repair","floor":6,"key":"SMITH"},{"data":"Redo","floor":13,"key":"SMITH"},{"data":"Dualcast","floor":15,"key":"SMITH"},{"data":"Doom and Gloom","floor":24,"key":"SMITH"}],"neow_cost":"NONE","seed_source_timestamp":438199363346747,"circlet_count":0,"master_deck":["AscendersBane","Strike_B","Strike_B+1","Strike_B","Defend_B","Defend_B+1","Defend_B","Defend_B+1","Zap+1","Dualcast+1","Redo+1","Leap","Self Repair+1","Doom and Gloom+1","Glacier+1","Self Repair","Cold Snap","Ball Lightning","Seek","Cold Snap","Core Surge","Conserve Battery","Conserve Battery+1"],"relics":["Cracked Core","Boot","Ornamental Fan","War Paint","Velvet Choker","Lantern"],"potions_floor_usage":[8,14,23,25,25],"damage_taken":[{"damage":1,"enemies":"Cultist","floor":1,"turns":4},{"damage":0,"enemies":"2 Louse","floor":7,"turns":3},{"damage":7,"enemies":"Lagavulin","floor":8,"turns":8},{"damage":38,"enemies":"Gremlin Nob","floor":10,"turns":5},{"damage":8,"enemies":"Small Slimes","floor":11,"turns":4},{"damage":3,"enemies":"Red Slaver","floor":12,"turns":3},{"damage":0,"enemies":"Gremlin Gang","floor":14,"turns":4},{"damage":22,"enemies":"The Guardian","floor":16,"turns":14},{"damage":18,"enemies":"Spheric Guardian","floor":18,"turns":4},{"damage":0,"enemies":"Chosen","floor":19,"turns":4},{"damage":15,"enemies":"3 Cultists","floor":22,"turns":6},{"damage":35,"enemies":"Book of Stabbing","floor":23,"turns":8},{"damage":61,"enemies":"Gremlin Leader","floor":25,"turns":8}],"seed_played":"6399072346163176166","potions_obtained":[{"floor":7,"key":"PowerPotion"},{"floor":10,"key":"SteroidPotion"},{"floor":12,"key":"Explosive Potion"},{"floor":19,"key":"Weak Potion"},{"floor":23,"key":"Fire Potion"}],"is_trial":false,"path_per_floor":["M","?","?","$","?","R","M","E","T","E","M","M","R","M","R","B",null,"M","M","?","$","M","E","R","E"],"character_chosen":"DEFECT","items_purchased":["Self Repair","Doom and Gloom"],"campfire_rested":0,"item_purchase_floors":[4,4],"current_hp_per_floor":[63,42,42,42,42,42,52,55,55,34,43,50,50,60,60,55,67,66,71,71,71,71,53,53,0],"gold":291,"neow_bonus":"THREE_CARDS","is_prod":false,"is_daily":false,"chose_seed":false,"campfire_upgraded":4,"win_rate":0,"timestamp":1553556577,"path_taken":["M","?","?","$","?","R","M","E","T","E","M","?","R","M","R","BOSS","M","?","?","$","M","E","R","E"],"build_version":"2019-01-23","purchased_purges":0,"victory":false,"max_hp_per_floor":[71,71,71,71,71,71,71,71,71,71,71,71,71,71,71,71,71,71,71,71,71,71,71,71,71],"card_choices":[{"not_picked":["Scrape","Steam"],"picked":"Redo","floor":0},{"not_picked":["Compile Driver","Gash"],"picked":"Leap","floor":1},{"not_picked":["Barrage","Sweeping Beam"],"picked":"Glacier","floor":7},{"not_picked":["Turbo","Lockon"],"picked":"Self Repair","floor":8},{"not_picked":["Blizzard","Static Discharge"],"picked":"Cold Snap","floor":10},{"not_picked":["Hologram","Compile Driver"],"picked":"Ball Lightning","floor":11},{"not_picked":["Fusion","Loop"],"picked":"Seek","floor":12},{"not_picked":["Streamline","Hello World"],"picked":"Cold Snap","floor":14},{"not_picked":["Multi-Cast","Meteor Strike"],"picked":"Core Surge","floor":16},{"not_picked":["Streamline","Heatsinks+1","Go for the Eyes"],"picked":"SKIP","floor":18},{"not_picked":["Sunder+1","Compile Driver"],"picked":"Conserve Battery","floor":19},{"not_picked":["BootSequence+1","Leap"],"picked":"Conserve Battery+1","floor":22},{"not_picked":["Ball Lightning","Leap","Compile Driver"],"picked":"SKIP","floor":23}],"player_experience":464957,"relics_obtained":[{"floor":8,"key":"Boot"},{"floor":9,"key":"Ornamental Fan"},{"floor":10,"key":"War Paint"},{"floor":23,"key":"Lantern"}],"event_choices":[{"damage_healed":0,"gold_gain":0,"player_choice":"Entered Light","damage_taken":21,"max_hp_gain":0,"max_hp_loss":0,"event_name":"Shining Light","floor":2,"gold_loss":0,"cards_upgraded":["Strike_B","Defend_B"]},{"damage_healed":0,"gold_gain":0,"player_choice":"Grow","damage_taken":0,"max_hp_gain":0,"max_hp_loss":0,"event_name":"Living Wall","floor":3,"gold_loss":0,"cards_upgraded":["Zap"]},{"cards_removed":["Strike_B"],"damage_healed":0,"gold_gain":0,"player_choice":"Purged","damage_taken":0,"max_hp_gain":0,"max_hp_loss":0,"event_name":"Purifier","floor":5,"gold_loss":0},{"damage_healed":0,"gold_gain":0,"player_choice":"Ignored","damage_taken":0,"max_hp_gain":0,"max_hp_loss":0,"event_name":"Vampires","floor":20,"gold_loss":0}],"is_beta":false,"boss_relics":[{"not_picked":["Runic Dome","Fusion Hammer"],"picked":"Velvet Choker"}],"items_purged_floors":[],"is_endless":false,"potions_floor_spawned":[7,10,12,19,23],"killed_by":"Gremlin Leader","ascension_level":15}