{"gold_per_floor":[13,23,35,0,16,16,16,28,28,58,58,92,109,128,128,232,232,242,256,256,256,267,293,293,306,306,306],"floor_reached":27,"playtime":1881,"items_purged":[],"score":272,"play_id":"469f0cb9-de00-4e7d-8acf-0b009fc1add9","local_time":"20190604224806","is_ascension_mode":true,"campfire_choices":[{"data":"Zap","floor":6,"key":"SMITH"},{"data":"Dualcast","floor":11,"key":"SMITH"},{"floor":15,"key":"REST"},{"floor":24,"key":"REST"}],"neow_cost":"NO_GOLD","seed_source_timestamp":846717517500,"circlet_count":0,"master_deck":["Strike_B","Strike_B","Strike_B","Strike_B","Defend_B","Defend_B","Defend_B","Defend_B","Zap+1","Dualcast+1","Melter","Sweeping Beam+1","Skim","Beam Cell","Steam","Redo","Conserve Battery","All For One","White Noise+1","FTL","Decay","Barrage"],"relics":["Cracked Core","Incense Burner","Peace Pipe","Ginger","Bird Faced Urn","Nuclear Battery","Anchor","Letter Opener"],"potions_floor_usage":[5,12,13,16,19,23,27],"damage_taken":[{"damage":1,"enemies":"Cultist","floor":1,"turns":3},{"damage":0,"enemies":"2 Louse","floor":2,"turns":3},{"damage":3,"enemies":"Jaw Worm","floor":3,"turns":4},{"damage":3,"enemies":"Blue Slaver","floor":5,"turns":3},{"damage":0,"enemies":"2 Fungi Beasts","floor":8,"turns":2},{"damage":15,"enemies":"Gremlin Nob","floor":10,"turns":4},{"damage":27,"enemies":"3 Sentries","floor":12,"turns":5},{"damage":0,"enemies":"Exordium Thugs","floor":13,"turns":3},{"damage":0,"enemies":"Large Slime","floor":14,"turns":3},{"damage":7,"enemies":"The Guardian","floor":16,"turns":15},{"damage":14,"enemies":"Chosen","floor":18,"turns":5},{"damage":1,"enemies":"3 Byrds","floor":19,"turns":3},{"damage":34,"enemies":"Snake Plant","floor":22,"turns":5},{"damage":12,"enemies":"Book of Stabbing","floor":23,"turns":4},{"damage":43,"enemies":"Snecko","floor":25,"turns":6},{"damage":3,"enemies":"3 Cultists","floor":27,"turns":2}],"seed_played":"4280416950239476760","potions_obtained":[{"floor":2,"key":"PowerPotion"},{"floor":10,"key":"Weak Potion"},{"floor":12,"key":"FearPotion"},{"floor":13,"key":"SkillPotion"},{"floor":18,"key":"Poison Potion"},{"floor":22,"key":"Swift Potion"},{"floor":25,"key":"Explosive Potion"}],"is_trial":false,"path_per_floor":["M","M","M","?","M","R","?","M","T","E","R","E","M","M","R","B",null,"M","M","?","?","M","E","R","M","T","M"],"character_chosen":"DEFECT","items_purchased":[],"campfire_rested":2,"item_purchase_floors":[],"current_hp_per_floor":[74,74,71,71,68,68,68,68,68,53,53,26,26,26,48,41,75,61,62,62,62,30,20,42,1,1,0],"gold":306,"neow_bonus":"ONE_RARE_RELIC","is_prod":false,"is_daily":false,"chose_seed":false,"campfire_upgraded":2,"win_rate":0,"timestamp":1559713686,"path_taken":["M","M","M","?","M","R","?","M","T","E","R","E","?","M","R","BOSS","M","M","?","?","M","E","R","M","T","M"],"build_version":"2019-01-23","purchased_purges":0,"victory":false,"max_hp_per_floor":[75,75,75,75,75,75,75,75,75,75,75,75,75,75,75,75,75,75,75,75,75,75,75,75,75,75,75],"card_choices":[{"not_picked":["Leap","Rebound","Go for the Eyes"],"picked":"SKIP","floor":1},{"not_picked":["Heatsinks","Beam Cell"],"picked":"Melter","floor":2},{"not_picked":["Compile Driver","Turbo"],"picked":"Sweeping Beam","floor":3},{"not_picked":["Auto Shields","Sweeping Beam","Coolheaded"],"picked":"SKIP","floor":5},{"not_picked":["Compile Driver","Rebound"],"picked":"Skim","floor":8},{"not_picked":["Compile Driver","Cold Snap"],"picked":"Beam Cell","floor":10},{"not_picked":["Cold Snap","Beam Cell"],"picked":"Steam","floor":12},{"not_picked":["Auto Shields","Conserve Battery"],"picked":"Redo","floor":13},{"not_picked":["Hyperbeam","Cold Snap"],"picked":"Conserve Battery","floor":14},{"not_picked":["Multi-Cast","Reboot"],"picked":"All For One","floor":16},{"not_picked":["Barrage+1","Coolheaded"],"picked":"White Noise+1","floor":18},{"not_picked":["Barrage","Chaos+1"],"picked":"FTL","floor":19},{"not_picked":["Cold Snap","Coolheaded","Redo"],"picked":"SKIP","floor":22},{"not_picked":["Conserve Battery","Sweeping Beam","Chaos"],"picked":"SKIP","floor":23},{"not_picked":["Rainbow","Sweeping Beam+1"],"picked":"Barrage","floor":25}],"player_experience":314917,"relics_obtained":[{"floor":9,"key":"Peace Pipe"},{"floor":10,"key":"Ginger"},{"floor":12,"key":"Bird Faced Urn"},{"floor":23,"key":"Anchor"},{"floor":26,"key":"Letter Opener"}],"event_choices":[{"damage_healed":0,"gold_gain":0,"player_choice":"Left Gold","damage_taken":0,"max_hp_gain":0,"max_hp_loss":0,"event_name":"World of Goop","floor":4,"gold_loss":35},{"damage_healed":0,"gold_gain":0,"player_choice":"Forge","damage_taken":0,"max_hp_gain":0,"max_hp_loss":0,"event_name":"Accursed Blacksmith","floor":7,"gold_loss":0,"cards_upgraded":["Sweeping Beam"]},{"damage_healed":0,"gold_gain":0,"player_choice":"Ignored","damage_taken":0,"max_hp_gain":0,"max_hp_loss":0,"event_name":"Ghosts","floor":20,"gold_loss":0},{"damage_healed":0,"gold_gain":0,"player_choice":"Smashed Altar","damage_taken":0,"max_hp_gain":0,"max_hp_loss":0,"event_name":"Forgotten Altar","floor":21,"gold_loss":0,"cards_obtained":["Decay"]}],"is_beta":false,"boss_relics":[{"not_picked":["Busted Crown","Inserter"],"picked":"Nuclear Battery"}],"items_purged_floors":[],"is_endless":false,"potions_floor_spawned":[2,10,12,13,18,22,25],"killed_by":"3 Cultists","ascension_level":2}