{"gold_per_floor":[110,124,49,59,75,75,105,105,105,134,134,134,34,46,46,46],"floor_reached":16,"playtime":735,"items_purged":["Writhe","Regret"],"score":215,"play_id":"1cb72658-478b-49ae-8a59-b56f0c0c624d","local_time":"20190527002705","is_ascension_mode":true,"campfire_choices":[{"data":"Skewer","floor":6,"key":"SMITH"},{"floor":8,"key":"REST"},{"data":"Deadly Poison","floor":15,"key":"SMITH"}],"neow_cost":"CURSE","seed_source_timestamp":803480317746540,"circlet_count":0,"master_deck":["AscendersBane","Defend_G","Defend_G","Defend_G","Defend_G","Defend_G","Strike_G","Strike_G","Strike_G","Strike_G","Strike_G","Survivor","Neutralize","Dodge and Roll","Flechettes","Dagger Throw","Skewer+1","Deadly Poison+1","Dagger Spray+1","Backflip"],"relics":["Ring of the Snake","Calipers","Sundial","Letter Opener","Molten Egg 2","Boot"],"potions_floor_usage":[7,12,14,16,16],"damage_taken":[{"damage":1,"enemies":"2 Louse","floor":1,"turns":4},{"damage":10,"enemies":"Jaw Worm","floor":2,"turns":9},{"damage":2,"enemies":"Cultist","floor":4,"turns":4},{"damage":14,"enemies":"Looter","floor":5,"turns":4},{"damage":8,"enemies":"Gremlin Nob","floor":7,"turns":3},{"damage":27,"enemies":"Lagavulin","floor":10,"turns":6},{"damage":0,"enemies":"Large Slime","floor":14,"turns":4},{"damage":26,"enemies":"Hexaghost","floor":16,"turns":11}],"seed_played":"7116626240874064975","potions_obtained":[{"floor":5,"key":"Energy Potion"},{"floor":7,"key":"GhostInAJar"},{"floor":12,"key":"Fruit Juice"},{"floor":12,"key":"SneckoOil"},{"floor":14,"key":"SpeedPotion"}],"is_trial":false,"path_per_floor":["M","M","$","M","M","R","E","R","T","E","?","?","$","M","R","B"],"character_chosen":"THE_SILENT","items_purchased":[],"campfire_rested":1,"item_purchase_floors":[],"current_hp_per_floor":[58,48,48,46,32,32,24,43,43,16,16,21,21,21,21,0],"gold":46,"neow_bonus":"ONE_RARE_RELIC","is_prod":false,"is_daily":false,"chose_seed":false,"campfire_upgraded":2,"win_rate":0,"timestamp":1558931225,"path_taken":["M","M","$","M","M","R","E","R","T","E","?","?","$","?","R","BOSS"],"build_version":"2019-01-23","purchased_purges":2,"victory":false,"max_hp_per_floor":[66,66,66,66,66,66,66,66,66,66,66,71,71,71,71,71],"card_choices":[{"not_picked":["Terror","Dagger Spray"],"picked":"Dodge and Roll","floor":1},{"not_picked":["Acrobatics","Backflip"],"picked":"Flechettes","floor":2},{"not_picked":["PiercingWail","Terror"],"picked":"Dagger Throw","floor":4},{"not_picked":["Cloak And Dagger","Grand Finale"],"picked":"Skewer","floor":5},{"not_picked":["Deflect","Eviscerate"],"picked":"Deadly Poison","floor":7},{"not_picked":["Crippling Poison","Flechettes"],"picked":"Dagger Spray","floor":10},{"not_picked":["Acrobatics","Sucker Punch+1"],"picked":"Backflip","floor":14}],"player_experience":773552,"relics_obtained":[{"floor":7,"key":"Sundial"},{"floor":9,"key":"Letter Opener"},{"floor":10,"key":"Molten Egg 2"}],"event_choices":[{"damage_healed":0,"gold_gain":0,"player_choice":"Box","damage_taken":0,"relics_obtained":["Boot"],"max_hp_gain":0,"max_hp_loss":0,"event_name":"Big Fish","floor":11,"gold_loss":0,"cards_obtained":["Regret"]},{"damage_healed":0,"gold_gain":0,"player_choice":"Got Potions","damage_taken":0,"max_hp_gain":0,"max_hp_loss":0,"event_name":"Lab","floor":12,"gold_loss":0}],"is_beta":false,"boss_relics":[],"items_purged_floors":[3,13],"is_endless":false,"potions_floor_spawned":[5,7,14],"killed_by":"Hexaghost","ascension_level":19}