{"gold_per_floor":[110,136,136,86,86,116,116,127,153,183,183,183,183,224,224,345,345,360,485,498,304,304,304,319,349,374,79,29,49,68,107,107,230,230,248,262,262,280,40,75,94,125,125,146,146,177,197,215,215,215],"floor_reached":51,"playtime":1870,"items_purged":["Searing Blow","Strike_R","Strike_R"],"score":898,"play_id":"04365761-c55f-4d55-8bc1-02bc4b216930","local_time":"20190512145519","is_ascension_mode":false,"campfire_choices":[{"data":"Bash","floor":7,"key":"SMITH"},{"data":"Demon Form","floor":11,"key":"SMITH"},{"data":"Defend_R","floor":15,"key":"SMITH"},{"data":"Limit Break","floor":23,"key":"SMITH"},{"floor":25,"key":"DIG"},{"data":"Double Tap","floor":32,"key":"SMITH"},{"floor":49,"key":"DIG"}],"neow_cost":"CURSE","seed_source_timestamp":500096677026308,"circlet_count":0,"master_deck":["Strike_R","Strike_R","Strike_R+1","Defend_R+1","Defend_R+1","Defend_R+1","Defend_R+1","Bash+1","Demon Form+1","Immolate+1","Bludgeon+1","Twin Strike+1","Heavy Blade+1","Armaments","Limit Break+1","Bloodletting+1","Pummel+1","Double Tap+1","Pummel+1","Reaper+1","Pummel+1","Reaper+1","Barricade"],"relics":["Burning Blood","Bag of Marbles","War Paint","Happy Flower","Smiling Mask","Dream Catcher","Golden Idol","Molten Egg 2","Orrery","Shovel","Question Card","Lantern","MutagenicStrength","Tiny Chest","Art of War","Bottled Flame","StoneCalendar","Snecko Eye","Kunai","PreservedInsect","Strawberry","Bottled Lightning","Meat on the Bone","Boot","Bag of Preparation"],"potions_floor_usage":[10,30,50,50],"damage_taken":[{"damage":15,"enemies":"Cultist","floor":1,"turns":4},{"damage":15,"enemies":"Gremlin Nob","floor":6,"turns":4},{"damage":2,"enemies":"Small Slimes","floor":8,"turns":3},{"damage":15,"enemies":"3 Sentries","floor":10,"turns":6},{"damage":14,"enemies":"Gremlin Nob","floor":14,"turns":3},{"damage":26,"enemies":"Hexaghost","floor":16,"turns":8},{"damage":0,"enemies":"Spheric Guardian","floor":18,"turns":3},{"damage":24,"enemies":"Colosseum Slavers","floor":19,"turns":3},{"damage":7,"enemies":"Colosseum Nobs","floor":19,"turns":4},{"damage":10,"enemies":"2 Thieves","floor":20,"turns":2},{"damage":0,"enemies":"Cultist and Chosen","floor":24,"turns":5},{"damage":0,"enemies":"Snecko","floor":29,"turns":2},{"damage":10,"enemies":"Chosen and Byrds","floor":30,"turns":4},{"damage":19,"enemies":"Slavers","floor":31,"turns":2},{"damage":27,"enemies":"Champ","floor":33,"turns":7},{"damage":9,"enemies":"3 Shapes","floor":35,"turns":4},{"damage":18,"enemies":"3 Darklings","floor":36,"turns":5},{"damage":64,"enemies":"Writhing Mass","floor":38,"turns":5},{"damage":41,"enemies":"Giant Head","floor":40,"turns":7},{"damage":2,"enemies":"Transient","floor":41,"turns":5},{"damage":48,"enemies":"Reptomancer","floor":42,"turns":3},{"damage":28,"enemies":"Sphere and 2 Shapes","floor":44,"turns":5},{"damage":3,"enemies":"Nemesis","floor":46,"turns":1},{"damage":36,"enemies":"Writhing Mass","floor":47,"turns":4},{"damage":10,"enemies":"Jaw Worm Horde","floor":48,"turns":2},{"damage":62,"enemies":"Time Eater","floor":50,"turns":6}],"seed_played":"-1254630250313496176","potions_obtained":[{"floor":6,"key":"Fire Potion"},{"floor":8,"key":"Strength Potion"},{"floor":14,"key":"EssenceOfSteel"},{"floor":19,"key":"Swift Potion"},{"floor":30,"key":"Energy Potion"}],"is_trial":false,"path_per_floor":["M","T","?","?","?","E","R","M","T","E","R","?","?","E","R","B",null,"M","?","M","$","?","R","M","R","T","$","$","M","M","E","R","B",null,"M","M","?","M","$","E","M","E","T","M","T","E","M","M","R","B",null],"character_chosen":"IRONCLAD","items_purchased":["Lantern","Bottled Flame","Kunai"],"campfire_rested":0,"item_purchase_floors":[21,27,39],"current_hp_per_floor":[87,87,68,68,65,56,56,60,60,51,51,51,51,43,43,23,89,89,70,66,66,66,66,72,72,72,72,72,78,74,61,61,40,89,86,74,74,25,25,22,38,39,39,41,41,60,66,96,96,68],"gold":215,"neow_bonus":"TWENTY_PERCENT_HP_BONUS","is_prod":false,"is_daily":false,"chose_seed":false,"campfire_upgraded":5,"win_rate":0,"timestamp":1557687319,"path_taken":["M","?","?","?","?","E","R","?","T","E","R","?","?","E","R","BOSS","M","?","M","$","?","R","M","R","T","?","$","?","M","E","R","BOSS","M","M","?","M","$","E","?","E","T","M","?","E","M","M","R","BOSS"],"build_version":"2019-01-23","purchased_purges":3,"victory":true,"max_hp_per_floor":[96,96,96,96,96,96,96,96,96,96,96,89,89,89,89,89,89,89,89,89,89,89,89,89,89,89,89,89,89,89,89,89,89,89,89,89,89,89,89,89,89,96,96,96,96,96,96,96,96,96],"card_choices":[{"not_picked":["Thunderclap","Pummel"],"picked":"Searing Blow","floor":1},{"not_picked":["Reckless Charge","Rupture"],"picked":"Demon Form","floor":6},{"not_picked":["Searing Blow","Headbutt","Body Slam"],"picked":"SKIP","floor":8},{"not_picked":["Clash","Pommel Strike","Dual Wield"],"picked":"SKIP","floor":10},{"not_picked":["Battle Trance","Dual Wield"],"picked":"Immolate","floor":14},{"not_picked":["Barricade","Impervious"],"picked":"Bludgeon+1","floor":16},{"not_picked":["Rampage+1","Cleave+1"],"picked":"Twin Strike+1","floor":17},{"not_picked":["Hemokinesis+1","Flex"],"picked":"Heavy Blade+1","floor":17},{"not_picked":["Havoc","Dual Wield"],"picked":"Armaments","floor":17},{"not_picked":["Warcry","Rage","Anger+1"],"picked":"SKIP","floor":18},{"not_picked":["Metallicize","Pommel Strike+1"],"picked":"Limit Break","floor":19},{"not_picked":["Clash+1","Clothesline+1","Havoc+1","Thunderclap+1"],"picked":"SKIP","floor":20},{"not_picked":["Wild Strike+1","True Grit","Burning Pact"],"picked":"Bloodletting+1","floor":24},{"not_picked":["Anger+1","Havoc","Flex"],"picked":"Pummel+1","floor":29},{"not_picked":["Blood for Blood+1","Clothesline+1","Flex"],"picked":"Double Tap","floor":30},{"not_picked":["Flex","Perfected Strike+1","Disarm"],"picked":"Pummel+1","floor":31},{"not_picked":["Limit Break","Barricade","Double Tap"],"picked":"Reaper+1","floor":33},{"not_picked":["Pommel Strike+1","Armaments+1","Clothesline+1","Reckless Charge+1"],"picked":"SKIP","floor":35},{"not_picked":["Inflame","Pommel Strike+1","Body Slam+1","Spot Weakness+1"],"picked":"SKIP","floor":36},{"not_picked":["Evolve+1","Flex","Spot Weakness+1","Clash+1"],"picked":"SKIP","floor":38},{"not_picked":["Impervious","Iron Wave+1","Headbutt+1"],"picked":"Pummel+1","floor":40},{"not_picked":["Warcry+1","Iron Wave+1","Hemokinesis+1","Headbutt+1"],"picked":"SKIP","floor":41},{"not_picked":["Blood for Blood+1","Metallicize","Flame Barrier"],"picked":"Reaper+1","floor":42},{"not_picked":["Warcry","Thunderclap+1","Anger+1","Dual Wield+1"],"picked":"SKIP","floor":44},{"not_picked":["Pommel Strike+1","Berserk","Entrench+1"],"picked":"Barricade","floor":46},{"not_picked":["Anger+1","Cleave+1","Inflame+1","Seeing Red"],"picked":"SKIP","floor":47},{"not_picked":["Shrug It Off","Hemokinesis+1","Thunderclap+1","Disarm+1"],"picked":"SKIP","floor":48}],"player_experience":687127,"relics_obtained":[{"floor":2,"key":"Bag of Marbles"},{"floor":6,"key":"Happy Flower"},{"floor":9,"key":"Smiling Mask"},{"floor":10,"key":"Dream Catcher"},{"floor":14,"key":"Molten Egg 2"},{"floor":19,"key":"Shovel"},{"floor":19,"key":"Question Card"},{"floor":25,"key":"Tiny Chest"},{"floor":26,"key":"Art of War"},{"floor":31,"key":"StoneCalendar"},{"floor":40,"key":"PreservedInsect"},{"floor":42,"key":"Strawberry"},{"floor":43,"key":"Bottled Lightning"},{"floor":45,"key":"Meat on the Bone"},{"floor":46,"key":"Boot"},{"floor":49,"key":"Bag of Preparation"}],"event_choices":[{"damage_healed":0,"gold_gain":0,"player_choice":"Entered Light","damage_taken":19,"max_hp_gain":0,"max_hp_loss":0,"event_name":"Shining Light","floor":3,"gold_loss":0,"cards_upgraded":["Defend_R","Strike_R"]},{"cards_removed":["Shame"],"damage_healed":0,"gold_gain":0,"player_choice":"Card Removal","damage_taken":0,"max_hp_gain":0,"max_hp_loss":0,"event_name":"The Cleric","floor":4,"gold_loss":50},{"damage_healed":0,"gold_gain":0,"player_choice":"Success","damage_taken":3,"relics_obtained":["War Paint"],"max_hp_gain":0,"max_hp_loss":0,"event_name":"Scrap Ooze","floor":5,"gold_loss":0},{"damage_healed":0,"gold_gain":0,"player_choice":"Lose Max HP","damage_taken":0,"relics_obtained":["Golden Idol"],"max_hp_gain":0,"max_hp_loss":7,"event_name":"Golden Idol","floor":12,"gold_loss":0},{"damage_healed":0,"gold_gain":0,"player_choice":"Ignored","damage_taken":0,"max_hp_gain":0,"max_hp_loss":0,"event_name":"Liars Game","floor":13,"gold_loss":0},{"damage_healed":0,"gold_gain":0,"player_choice":"Fight","damage_taken":0,"max_hp_gain":0,"max_hp_loss":0,"event_name":"Colosseum","floor":19,"gold_loss":0},{"damage_healed":0,"gold_gain":0,"player_choice":"Fought Nobs","damage_taken":0,"max_hp_gain":0,"max_hp_loss":0,"event_name":"Colosseum","floor":19,"gold_loss":0},{"damage_healed":0,"gold_gain":0,"player_choice":"Inject Mutagens","damage_taken":0,"relics_obtained":["MutagenicStrength"],"max_hp_gain":0,"max_hp_loss":0,"event_name":"Drug Dealer","floor":22,"gold_loss":0},{"damage_healed":0,"gold_gain":0,"player_choice":"Ignored","damage_taken":0,"max_hp_gain":0,"max_hp_loss":0,"event_name":"SecretPortal","floor":37,"gold_loss":0}],"is_beta":false,"boss_relics":[{"not_picked":["Pandora\u0027s Box","Mark of Pain"],"picked":"Orrery"},{"not_picked":["White Beast Statue","Black Blood"],"picked":"Snecko Eye"}],"items_purged_floors":[21,27,28],"is_endless":false,"potions_floor_spawned":[6,8,14,19,24,30,33,38,40,44,46,48],"ascension_level":0}