{"gold_per_floor":[115,115,126,98,115,148,163,163,163,182,202,202,212,225,225,298,298,318,318],"floor_reached":19,"playtime":845,"items_purged":[],"score":329,"play_id":"cabfdaa4-8554-409d-ab6c-e3268d5d78c3","local_time":"20190613212644","is_ascension_mode":true,"campfire_choices":[{"data":"Wild Strike","floor":8,"key":"SMITH"},{"data":"Barricade","floor":15,"key":"SMITH"}],"neow_cost":"NONE","seed_source_timestamp":80894138838013,"circlet_count":0,"master_deck":["AscendersBane","Strike_R","Strike_R","Strike_R","Strike_R","Strike_R","Defend_R","Defend_R","Defend_R","Defend_R","Bash","Whirlwind","Wild Strike+1","Cleave","Iron Wave","Battle Trance","Shrug It Off","True Grit","Rampage","Barricade+1","Feed"],"relics":["Burning Blood","Bronze Scales","Bag of Preparation","Orichalcum","Snecko Eye"],"potions_floor_usage":[6,7,16,18],"damage_taken":[{"damage":9,"enemies":"2 Louse","floor":1,"turns":2},{"damage":14,"enemies":"Small Slimes","floor":3,"turns":3},{"damage":1,"enemies":"Cultist","floor":5,"turns":3},{"damage":38,"enemies":"Lagavulin","floor":6,"turns":6},{"damage":11,"enemies":"Blue Slaver","floor":7,"turns":3},{"damage":15,"enemies":"Large Slime","floor":10,"turns":5},{"damage":0,"enemies":"2 Fungi Beasts","floor":11,"turns":3},{"damage":6,"enemies":"Looter","floor":13,"turns":3},{"damage":7,"enemies":"Blue Slaver","floor":14,"turns":3},{"damage":67,"enemies":"Slime Boss","floor":16,"turns":9},{"damage":27,"enemies":"Shell Parasite","floor":18,"turns":4},{"damage":53,"enemies":"Masked Bandits","floor":19,"turns":5}],"seed_played":"-227351599772127360","potions_obtained":[{"floor":1,"key":"BloodPotion"},{"floor":5,"key":"Block Potion"},{"floor":14,"key":"Poison Potion"},{"floor":16,"key":"Fire Potion"}],"is_trial":false,"path_per_floor":["M","?","M","$","M","E","M","R","T","M","M","?","M","M","R","B",null,"M","?"],"character_chosen":"IRONCLAD","items_purchased":["Cleave"],"campfire_rested":0,"item_purchase_floors":[4],"current_hp_per_floor":[65,65,57,57,62,30,32,32,32,23,29,75,75,74,74,13,60,39,0],"gold":318,"neow_bonus":"RANDOM_COMMON_RELIC","is_prod":false,"is_daily":false,"chose_seed":false,"campfire_upgraded":2,"win_rate":0,"timestamp":1560486404,"path_taken":["M","?","M","$","M","E","M","R","T","M","M","?","M","M","R","BOSS","M","?"],"build_version":"2019-01-23","purchased_purges":0,"victory":false,"max_hp_per_floor":[75,75,75,75,75,75,75,75,75,75,75,75,75,75,75,75,75,75,75],"card_choices":[{"not_picked":["Armaments","Searing Blow"],"picked":"Whirlwind","floor":1},{"not_picked":["Pommel Strike","Flex"],"picked":"Wild Strike","floor":3},{"not_picked":["Rage","Body Slam"],"picked":"Iron Wave","floor":5},{"not_picked":["Clothesline","Hemokinesis"],"picked":"Battle Trance","floor":6},{"not_picked":["Armaments","Havoc","Heavy Blade"],"picked":"SKIP","floor":7},{"not_picked":["Body Slam","Pummel"],"picked":"Shrug It Off","floor":10},{"not_picked":["Whirlwind","Twin Strike"],"picked":"True Grit","floor":11},{"not_picked":["Seeing Red","Burning Pact"],"picked":"Rampage","floor":13},{"not_picked":["Combust","True Grit"],"picked":"Barricade","floor":14},{"not_picked":["Bludgeon","Brutality"],"picked":"Feed","floor":16},{"not_picked":["Sword Boomerang","Havoc","Uppercut"],"picked":"SKIP","floor":18}],"player_experience":1002831,"relics_obtained":[{"floor":6,"key":"Bag of Preparation"},{"floor":9,"key":"Orichalcum"}],"event_choices":[{"damage_healed":0,"gold_gain":0,"player_choice":"Ignored","damage_taken":0,"max_hp_gain":0,"max_hp_loss":0,"event_name":"Golden Wing","floor":2,"gold_loss":0},{"damage_healed":46,"gold_gain":0,"player_choice":"Full Heal","damage_taken":0,"max_hp_gain":0,"max_hp_loss":0,"event_name":"Wheel of Change","floor":12,"gold_loss":0},{"damage_healed":0,"gold_gain":0,"player_choice":"Fought Bandits","damage_taken":0,"max_hp_gain":0,"max_hp_loss":0,"event_name":"Masked Bandits","floor":19,"gold_loss":0}],"is_beta":false,"boss_relics":[{"not_picked":["Calling Bell","Runic Pyramid"],"picked":"Snecko Eye"}],"items_purged_floors":[],"is_endless":false,"potions_floor_spawned":[1,5,14,16],"killed_by":"Masked Bandits","ascension_level":18}