{"gold_per_floor":[114,130,146,146,146,146,177,177,177,177,226,226,226,252,252,355,355,370,185,185,185,185,185,220,235,260,300,330,342,53,63,63,168,168,183,183,183,99,112,112,62,62,62,62,73,93,103,130,130,130,130,130,10,35,35],"floor_reached":55,"playtime":3535,"items_purged":["Strike_G","Strike_G+1","Strike_G+1","Strike_G+1"],"score":764,"play_id":"9692fddd-7a5e-48c3-9707-ba0527a8c1b4","local_time":"20190615171658","is_ascension_mode":false,"campfire_choices":[{"data":"Dagger Throw","floor":6,"key":"SMITH"},{"floor":8,"key":"DIG"},{"floor":12,"key":"DIG"},{"floor":15,"key":"DIG"},{"floor":23,"key":"REST"},{"data":"Bullet Time","floor":29,"key":"SMITH"},{"data":"After Image","floor":32,"key":"SMITH"},{"floor":40,"key":"DIG"},{"data":"Acrobatics","floor":42,"key":"SMITH"},{"floor":44,"key":"DIG"},{"floor":49,"key":"RECALL"},{"floor":52,"key":"DIG"}],"neow_cost":"NONE","seed_source_timestamp":665463054102103,"circlet_count":0,"master_deck":["Defend_G+1","Defend_G+1","Defend_G+1","Defend_G+1","Strike_G+1","Survivor+1","Neutralize+1","Heel Hook","Backflip+1","Dagger Throw+1","Calculated Gamble","Die Die Die","Bullet Time+1","Dash","Escape Plan","Finisher","Sucker Punch","Choke+1","After Image+1","Quick Slash","Acrobatics+1","Corpse Explosion","Caltrops+1","Riddle With Holes","Predator+1","Adrenaline","Masterful Stab"],"relics":["Ring of the Snake","Juzu Bracelet","Shovel","Matryoshka","Smiling Mask","Whetstone","Omamori","Lantern","Calipers","Vajra","Runic Pyramid","Necronomicon","Anchor","MawBank","Oddly Smooth Stone","Membership Card","Philosopher\u0027s Stone","Bronze Scales","Centennial Puzzle","War Paint","Snake Skull","Pear","TheAbacus","Ninja Scroll"],"potions_floor_usage":[7,16,31,33,50,50,55],"damage_taken":[{"damage":1,"enemies":"Cultist","floor":1,"turns":4},{"damage":0,"enemies":"2 Louse","floor":2,"turns":4},{"damage":0,"enemies":"Small Slimes","floor":3,"turns":3},{"damage":13,"enemies":"Gremlin Nob","floor":7,"turns":4},{"damage":13,"enemies":"Lagavulin","floor":14,"turns":5},{"damage":21,"enemies":"The Guardian","floor":16,"turns":17},{"damage":0,"enemies":"Spheric Guardian","floor":18,"turns":3},{"damage":4,"enemies":"Slavers","floor":24,"turns":5},{"damage":0,"enemies":"Chosen","floor":25,"turns":2},{"damage":0,"enemies":"Book of Stabbing","floor":27,"turns":3},{"damage":0,"enemies":"Shelled Parasite and Fungi","floor":28,"turns":5},{"damage":0,"enemies":"Snecko","floor":31,"turns":3},{"damage":28,"enemies":"Champ","floor":33,"turns":11},{"damage":0,"enemies":"Orb Walker","floor":35,"turns":3},{"damage":0,"enemies":"3 Darklings","floor":39,"turns":2},{"damage":0,"enemies":"Sphere and 2 Shapes","floor":45,"turns":1},{"damage":0,"enemies":"Jaw Worm Horde","floor":46,"turns":2},{"damage":0,"enemies":"Maw","floor":47,"turns":6},{"damage":0,"enemies":"Nemesis","floor":48,"turns":3},{"damage":47,"enemies":"Time Eater","floor":50,"turns":11},{"damage":2,"enemies":"Shield and Spear","floor":54,"turns":4},{"damage":85,"enemies":"The Heart","floor":55,"turns":9}],"seed_played":"8507687383751018763","potions_obtained":[{"floor":1,"key":"Explosive Potion"},{"floor":3,"key":"Ancient Potion"},{"floor":7,"key":"FairyPotion"},{"floor":14,"key":"Swift Potion"},{"floor":18,"key":"SteroidPotion"},{"floor":39,"key":"Weak Potion"},{"floor":48,"key":"Swift Potion"}],"is_trial":false,"path_per_floor":["M","M","M","?","?","R","E","R","T","?","T","R","?","E","R","B",null,"M","$","?","?","?","R","E","M","T","E","M","R","$","M","R","B",null,"M","?","?","$","M","R","$","R","T","R","M","M","M","E","R","B",null,"R","$","E","B"],"character_chosen":"THE_SILENT","items_purchased":["Escape Plan","Finisher","Quick Slash","Membership Card","Riddle With Holes","TheAbacus","Fire Potion"],"campfire_rested":1,"item_purchase_floors":[19,19,30,30,38,53,53],"current_hp_per_floor":[69,69,69,69,69,69,56,56,56,56,56,56,70,57,57,36,70,70,70,70,54,54,70,66,66,66,66,66,66,66,66,66,38,70,70,66,66,66,66,66,66,66,66,66,66,66,66,66,66,19,66,76,76,74,0],"gold":35,"neow_bonus":"RANDOM_COMMON_RELIC","is_prod":false,"is_daily":false,"chose_seed":false,"campfire_upgraded":4,"win_rate":0,"timestamp":1560644218,"path_taken":["M","M","M","?","?","R","E","R","T","?","?","R","?","E","R","BOSS","M","$","?","?","?","R","E","M","T","E","M","R","?","M","R","BOSS","M","?","?","$","M","R","$","R","T","R","M","M","M","E","R","BOSS","R","$","E","BOSS"],"build_version":"2019-01-23","purchased_purges":4,"victory":false,"max_hp_per_floor":[70,70,70,70,70,70,70,70,70,70,70,70,70,70,70,70,70,70,70,70,70,70,70,70,70,70,70,70,70,70,70,70,70,70,70,66,66,66,66,66,66,66,66,66,66,66,66,66,66,66,66,76,76,76,76],"card_choices":[{"not_picked":["Caltrops","Expertise"],"picked":"Heel Hook","floor":1},{"not_picked":["Terror","Catalyst"],"picked":"Backflip","floor":2},{"not_picked":["Masterful Stab","Deadly Poison"],"picked":"Dagger Throw","floor":3},{"not_picked":["Poisoned Stab","Deadly Poison","PiercingWail"],"picked":"SKIP","floor":7},{"not_picked":["Flying Knee","Deflect"],"picked":"Die Die Die","floor":14},{"not_picked":["Die Die Die","Wraith Form v2"],"picked":"Bullet Time","floor":16},{"not_picked":["All Out Attack","PiercingWail"],"picked":"Dash","floor":18},{"not_picked":["Well Laid Plans","Acrobatics"],"picked":"Sucker Punch","floor":24},{"not_picked":["Dagger Spray+1","Outmaneuver"],"picked":"Choke+1","floor":25},{"not_picked":["Backstab","Catalyst","Blade Dance"],"picked":"SKIP","floor":27},{"not_picked":["Calculated Gamble+1","Noxious Fumes+1"],"picked":"After Image","floor":28},{"not_picked":["Slice","Deadly Poison"],"picked":"Acrobatics","floor":31},{"not_picked":["Phantasmal Killer","Burst"],"picked":"Corpse Explosion","floor":33},{"not_picked":["Bouncing Flask+1","Crippling Poison"],"picked":"Caltrops+1","floor":35},{"not_picked":["Deadly Poison+1","Bouncing Flask+1"],"picked":"Predator+1","floor":39},{"not_picked":["Flying Knee","Deflect+1","Deadly Poison+1"],"picked":"SKIP","floor":45},{"not_picked":["Flying Knee+1","Dagger Spray"],"picked":"Adrenaline","floor":46},{"not_picked":["Deflect+1","Prepared"],"picked":"Masterful Stab","floor":47},{"not_picked":["Riddle With Holes","PiercingWail","Dash"],"picked":"SKIP","floor":48},{"not_picked":["Finisher+1","Backflip","Poisoned Stab+1"],"picked":"SKIP","floor":54}],"player_experience":390584,"relics_obtained":[{"floor":7,"key":"Shovel"},{"floor":8,"key":"Matryoshka"},{"floor":9,"key":"Smiling Mask"},{"floor":11,"key":"Whetstone"},{"floor":11,"key":"Omamori"},{"floor":12,"key":"Lantern"},{"floor":14,"key":"Calipers"},{"floor":15,"key":"Vajra"},{"floor":21,"key":"Necronomicon"},{"floor":24,"key":"Anchor"},{"floor":26,"key":"MawBank"},{"floor":27,"key":"Oddly Smooth Stone"},{"floor":40,"key":"Bronze Scales"},{"floor":43,"key":"Centennial Puzzle"},{"floor":44,"key":"War Paint"},{"floor":48,"key":"Snake Skull"},{"floor":52,"key":"Pear"},{"floor":54,"key":"Ninja Scroll"}],"event_choices":[{"damage_healed":0,"gold_gain":0,"player_choice":"Upgraded","damage_taken":0,"max_hp_gain":0,"max_hp_loss":0,"event_name":"Upgrade Shrine","floor":4,"gold_loss":0,"cards_upgraded":["Neutralize"]},{"damage_healed":0,"gold_gain":0,"player_choice":"Ignored","damage_taken":0,"max_hp_gain":0,"max_hp_loss":0,"event_name":"NoteForYourself","floor":5,"gold_loss":0},{"damage_healed":0,"gold_gain":0,"cards_transformed":["Defend_G"],"player_choice":"Transformed","damage_taken":0,"max_hp_gain":0,"max_hp_loss":0,"event_name":"Transmorgrifier","floor":10,"gold_loss":0,"cards_obtained":["Calculated Gamble"]},{"damage_healed":17,"gold_gain":0,"player_choice":"Healed and dodged fight","damage_taken":0,"max_hp_gain":0,"max_hp_loss":0,"event_name":"Mushrooms","floor":13,"gold_loss":0,"cards_obtained":["Parasite"]},{"damage_healed":0,"gold_gain":0,"player_choice":"Simplicity","damage_taken":0,"max_hp_gain":0,"max_hp_loss":0,"event_name":"Back to Basics","floor":20,"gold_loss":0,"cards_upgraded":["Defend_G","Defend_G","Defend_G","Defend_G","Strike_G","Strike_G"]},{"damage_healed":0,"gold_gain":0,"player_choice":"Obtained Book","damage_taken":16,"max_hp_gain":0,"max_hp_loss":0,"event_name":"Cursed Tome","floor":21,"gold_loss":0},{"damage_healed":0,"gold_gain":0,"player_choice":"Ignored","damage_taken":0,"max_hp_gain":0,"max_hp_loss":0,"event_name":"Beggar","floor":22,"gold_loss":0},{"damage_healed":0,"gold_gain":0,"player_choice":"Max HP","damage_taken":0,"max_hp_gain":0,"max_hp_loss":4,"event_name":"Winding Halls","floor":36,"gold_loss":0},{"damage_healed":0,"gold_gain":0,"player_choice":"Ignored","damage_taken":0,"max_hp_gain":0,"max_hp_loss":0,"event_name":"Tomb of Lord Red Mask","floor":37,"gold_loss":0}],"is_beta":false,"boss_relics":[{"not_picked":["Eternal Feather","WristBlade"],"picked":"Runic Pyramid"},{"not_picked":["Runic Dome","Astrolabe"],"picked":"Philosopher\u0027s Stone"}],"items_purged_floors":[19,30,38,41],"is_endless":false,"potions_floor_spawned":[1,3,7,14,18,28,39,48],"killed_by":"The Heart","ascension_level":0}