{"gold_per_floor":[112,123,143,68,81,81,114,124,124,136,136,136,162,177,177,273,273,288,300,300,300,311,311,323,352,352,352,224,224],"floor_reached":29,"playtime":1332,"items_purged":["Strike_G"],"score":296,"play_id":"f1930e25-8360-43bf-99fa-ff500160e9db","local_time":"20190605235913","is_ascension_mode":true,"campfire_choices":[{"data":"Well Laid Plans","floor":6,"key":"SMITH"},{"data":"Catalyst","floor":11,"key":"SMITH"},{"floor":15,"key":"REST"},{"data":"Bane","floor":23,"key":"SMITH"}],"neow_cost":"NONE","seed_source_timestamp":92077925988793,"circlet_count":0,"master_deck":["Defend_G+1","Defend_G+1","Defend_G+1","Defend_G+1","Defend_G+1","Strike_G+1","Strike_G+1","Neutralize","Bane+1","Poisoned Stab","Well Laid Plans+1","All Out Attack","Catalyst+1","Bullet Time+1","Poisoned Stab","Deadly Poison+1","Noxious Fumes","Flying Knee"],"relics":["Ring of the Snake","NeowsBlessing","Vajra","Pear","Snake Skull","Empty Cage","Dodecahedron","Singing Bowl"],"potions_floor_usage":[5,5,8,19,22],"damage_taken":[{"damage":0,"enemies":"2 Louse","floor":1,"turns":1},{"damage":0,"enemies":"Cultist","floor":2,"turns":1},{"damage":0,"enemies":"Small Slimes","floor":3,"turns":1},{"damage":0,"enemies":"Exordium Thugs","floor":5,"turns":4},{"damage":25,"enemies":"3 Sentries","floor":7,"turns":7},{"damage":4,"enemies":"Large Slime","floor":8,"turns":5},{"damage":6,"enemies":"Lots of Slimes","floor":10,"turns":2},{"damage":17,"enemies":"Lagavulin","floor":13,"turns":7},{"damage":9,"enemies":"Looter","floor":14,"turns":4},{"damage":26,"enemies":"Slime Boss","floor":16,"turns":9},{"damage":0,"enemies":"Shell Parasite","floor":18,"turns":3},{"damage":2,"enemies":"3 Byrds","floor":19,"turns":4},{"damage":8,"enemies":"Snake Plant","floor":22,"turns":3},{"damage":20,"enemies":"Shelled Parasite and Fungi","floor":24,"turns":3},{"damage":41,"enemies":"Gremlin Leader","floor":25,"turns":3},{"damage":7,"enemies":"Slavers","floor":29,"turns":1}],"seed_played":"3349666072771046192","potions_obtained":[{"floor":2,"key":"PowerPotion"},{"floor":3,"key":"AttackPotion"},{"floor":7,"key":"Dexterity Potion"},{"floor":18,"key":"SkillPotion"},{"floor":19,"key":"Energy Potion"}],"is_trial":false,"path_per_floor":["M","M","M","$","M","R","E","M","T","M","R","?","E","M","R","B",null,"M","M","?","?","M","R","M","E","T","?","$","E"],"character_chosen":"THE_SILENT","items_purchased":["GhostInAJar","Poison Potion"],"campfire_rested":1,"item_purchase_floors":[28,28],"current_hp_per_floor":[70,70,70,70,70,70,45,41,51,45,45,45,28,19,43,17,80,80,78,78,70,62,62,42,1,1,1,1,0],"gold":224,"neow_bonus":"THREE_ENEMY_KILL","is_prod":false,"is_daily":false,"chose_seed":false,"campfire_upgraded":3,"win_rate":0,"timestamp":1559804353,"path_taken":["M","M","M","$","M","R","E","M","T","M","R","?","E","?","R","BOSS","M","M","?","?","M","R","?","E","T","?","?","E"],"build_version":"2019-01-23","purchased_purges":1,"victory":false,"max_hp_per_floor":[70,70,70,70,70,70,70,70,80,80,80,80,80,80,80,80,80,80,80,80,80,80,80,80,80,80,80,80,80],"card_choices":[{"not_picked":["Finisher","Crippling Poison"],"picked":"Bane","floor":1},{"not_picked":["Deadly Poison","Dagger Throw"],"picked":"Poisoned Stab","floor":2},{"not_picked":["Infinite Blades","Dodge and Roll"],"picked":"Well Laid Plans","floor":3},{"not_picked":["Backflip","Dodge and Roll"],"picked":"All Out Attack","floor":5},{"not_picked":["Blade Dance","Terror","PiercingWail"],"picked":"SKIP","floor":7},{"not_picked":["Backflip","Outmaneuver"],"picked":"Catalyst","floor":8},{"not_picked":["Underhanded Strike","PiercingWail"],"picked":"Bullet Time","floor":10},{"not_picked":["Acrobatics","Malaise","Dash"],"picked":"SKIP","floor":13},{"not_picked":["Masterful Stab","PiercingWail"],"picked":"Poisoned Stab","floor":14},{"not_picked":["Dagger Throw","Distraction"],"picked":"Deadly Poison+1","floor":18},{"not_picked":["Dodge and Roll","Acrobatics+1","Escape Plan"],"picked":"SKIP","floor":19},{"not_picked":["Tactician+1","Deadly Poison","Calculated Gamble"],"picked":"SKIP","floor":22},{"not_picked":["Outmaneuver","Setup"],"picked":"Noxious Fumes","floor":24},{"not_picked":["Cloak And Dagger","Choke","Bane"],"picked":"SKIP","floor":25}],"player_experience":323356,"relics_obtained":[{"floor":7,"key":"Vajra"},{"floor":9,"key":"Pear"},{"floor":13,"key":"Snake Skull"},{"floor":25,"key":"Dodecahedron"},{"floor":26,"key":"Singing Bowl"}],"event_choices":[{"damage_healed":0,"gold_gain":0,"player_choice":"Upgraded","damage_taken":0,"max_hp_gain":0,"max_hp_loss":0,"event_name":"Upgrade Shrine","floor":12,"gold_loss":0,"cards_upgraded":["Bullet Time"]},{"damage_healed":0,"gold_gain":0,"player_choice":"Simplicity","damage_taken":0,"max_hp_gain":0,"max_hp_loss":0,"event_name":"Back to Basics","floor":20,"gold_loss":0,"cards_upgraded":["Defend_G","Defend_G","Defend_G","Defend_G","Defend_G","Strike_G","Strike_G"]},{"damage_healed":0,"gold_gain":0,"player_choice":"","damage_taken":8,"max_hp_gain":0,"max_hp_loss":0,"event_name":"Knowing Skull","floor":21,"potions_obtained":[],"gold_loss":0,"cards_obtained":[]},{"damage_healed":0,"gold_gain":0,"cards_transformed":["Survivor"],"player_choice":"Transformed","damage_taken":0,"max_hp_gain":0,"max_hp_loss":0,"event_name":"Transmorgrifier","floor":27,"gold_loss":0,"cards_obtained":["Flying Knee"]}],"is_beta":false,"boss_relics":[{"not_picked":["Coffee Dripper","Busted Crown"],"picked":"Empty Cage"}],"items_purged_floors":[4],"is_endless":false,"potions_floor_spawned":[2,3,7,18,19],"killed_by":"Slavers","ascension_level":3}