{"gold_per_floor":[116,2,2,12,28,28,62,62,62,143,163,163,186,229,229,357,357,373,386,386,60,83,83,98,113,136,136],"floor_reached":27,"playtime":1207,"items_purged":["Pain","Concentrate"],"score":360,"play_id":"7db74e6d-fd5c-429d-b07a-e046b928865b","local_time":"20190320161047","is_ascension_mode":true,"campfire_choices":[{"floor":6,"key":"REST"},{"floor":12,"key":"REST"},{"floor":15,"key":"REST"},{"floor":23,"key":"REST"}],"neow_cost":"CURSE","seed_source_timestamp":13493331956052,"circlet_count":0,"master_deck":["AscendersBane","Survivor","Neutralize","Corpse Explosion","Poisoned Stab+1","Infinite Blades","Noxious Fumes","Escape Plan","Dagger Spray","Dash","Deadly Poison","Cloak And Dagger","Unload","Catalyst","Skewer","Reflex","After Image","Bane","Terror","Tools of the Trade","Prepared","Flying Knee","Cloak And Dagger","PiercingWail+1","Noxious Fumes","Bouncing Flask","Blur"],"relics":["Ring of the Snake","StoneCalendar","Golden Idol","Blue Candle","Peace Pipe","Happy Flower","Pandora\u0027s Box","Vajra","Juzu Bracelet"],"potions_floor_usage":[4,10,16,16,25,27],"damage_taken":[{"damage":16,"enemies":"Jaw Worm","floor":1,"turns":9},{"damage":0,"enemies":"Small Slimes","floor":4,"turns":3},{"damage":1,"enemies":"2 Louse","floor":5,"turns":3},{"damage":22,"enemies":"Lagavulin","floor":7,"turns":6},{"damage":9,"enemies":"3 Sentries","floor":10,"turns":4},{"damage":0,"enemies":"Looter","floor":11,"turns":3},{"damage":4,"enemies":"Red Slaver","floor":13,"turns":4},{"damage":32,"enemies":"Gremlin Nob","floor":14,"turns":5},{"damage":13,"enemies":"Slime Boss","floor":16,"turns":7},{"damage":19,"enemies":"Shell Parasite","floor":18,"turns":6},{"damage":0,"enemies":"3 Byrds","floor":19,"turns":2},{"damage":17,"enemies":"Centurion and Healer","floor":22,"turns":5},{"damage":21,"enemies":"Shelled Parasite and Fungi","floor":24,"turns":5},{"damage":8,"enemies":"Snake Plant","floor":25,"turns":4},{"damage":12,"enemies":"Sentry and Sphere","floor":27,"turns":3}],"seed_played":"4125244202664175868","potions_obtained":[{"floor":1,"key":"FearPotion"},{"floor":7,"key":"SkillPotion"},{"floor":10,"key":"SpeedPotion"},{"floor":14,"key":"PowerPotion"},{"floor":16,"key":"Fire Potion"},{"floor":22,"key":"GamblersBrew"}],"is_trial":false,"path_per_floor":["M","$","?","M","M","R","E","?","T","?","M","R","M","E","R","B",null,"M","M","?","$","M","R","M","M","T","M"],"character_chosen":"THE_SILENT","items_purchased":["Infinite Blades","Vajra","Noxious Fumes"],"campfire_rested":4,"item_purchase_floors":[2,21,21],"current_hp_per_floor":[47,47,33,33,32,53,31,31,31,22,22,41,37,5,24,11,52,33,33,33,33,16,35,14,6,6,0],"gold":136,"neow_bonus":"THREE_RARE_CARDS","is_prod":false,"is_daily":false,"chose_seed":false,"campfire_upgraded":0,"win_rate":0,"timestamp":1553112647,"path_taken":["M","$","?","M","M","R","E","?","T","?","M","R","M","E","R","BOSS","M","M","?","$","M","R","M","M","T","M"],"build_version":"2019-01-23","purchased_purges":2,"victory":false,"max_hp_per_floor":[70,70,70,70,70,70,70,65,65,65,65,65,65,65,65,65,65,65,65,65,65,65,65,65,65,65,65],"card_choices":[{"not_picked":["Tools of the Trade","Unload"],"picked":"Corpse Explosion","floor":0},{"not_picked":["Heel Hook","Cloak And Dagger"],"picked":"Poisoned Stab","floor":1},{"not_picked":["Expertise","Sucker Punch"],"picked":"Flying Knee","floor":4},{"not_picked":["Quick Slash","Riddle With Holes"],"picked":"Noxious Fumes","floor":5},{"not_picked":["Poisoned Stab","PiercingWail"],"picked":"Escape Plan","floor":7},{"not_picked":["Crippling Poison","Cloak And Dagger"],"picked":"Dagger Spray","floor":10},{"not_picked":["Phantasmal Killer","Backflip"],"picked":"Dash","floor":11},{"not_picked":["Acrobatics","Dagger Spray"],"picked":"Deadly Poison","floor":13},{"not_picked":["Reflex","Flechettes"],"picked":"Cloak And Dagger","floor":14},{"not_picked":["Wraith Form v2","Doppelganger"],"picked":"Unload","floor":16},{"not_picked":["Outmaneuver","Dagger Spray"],"picked":"Cloak And Dagger","floor":18},{"not_picked":["Blade Dance","Endless Agony"],"picked":"PiercingWail+1","floor":19},{"not_picked":["Prepared","Riddle With Holes"],"picked":"Bouncing Flask","floor":22},{"not_picked":["Dodge and Roll","Outmaneuver+1"],"picked":"Blur","floor":24},{"not_picked":["Dagger Spray","Tactician","Reflex"],"picked":"SKIP","floor":25}],"player_experience":422838,"relics_obtained":[{"floor":7,"key":"StoneCalendar"},{"floor":9,"key":"Blue Candle"},{"floor":14,"key":"Happy Flower"},{"floor":26,"key":"Juzu Bracelet"}],"event_choices":[{"damage_healed":0,"gold_gain":0,"player_choice":"Entered Light","damage_taken":14,"max_hp_gain":0,"max_hp_loss":0,"event_name":"Shining Light","floor":3,"gold_loss":0,"cards_upgraded":["Poisoned Stab","Defend_G"]},{"damage_healed":0,"gold_gain":0,"player_choice":"Lose Max HP","damage_taken":0,"relics_obtained":["Golden Idol"],"max_hp_gain":0,"max_hp_loss":5,"event_name":"Golden Idol","floor":8,"gold_loss":0},{"damage_healed":0,"gold_gain":0,"player_choice":"Searched \u00273\u0027 times","damage_taken":0,"relics_obtained":["Peace Pipe"],"max_hp_gain":0,"max_hp_loss":0,"event_name":"Dead Adventurer","floor":10,"gold_loss":0},{"cards_removed":["Flying Knee"],"damage_healed":0,"gold_gain":0,"player_choice":"Elegance","damage_taken":0,"max_hp_gain":0,"max_hp_loss":0,"event_name":"Back to Basics","floor":20,"gold_loss":0}],"is_beta":false,"boss_relics":[{"not_picked":["Lizard Tail","Black Star"],"picked":"Pandora\u0027s Box"}],"items_purged_floors":[2,21],"is_endless":false,"potions_floor_spawned":[1,7,10,14,16,22],"killed_by":"Sentry and Sphere","ascension_level":12}