{"gold_per_floor":[112,112,112,131,54,83,100,45,45,45,56,68,78,95,95,95],"floor_reached":16,"playtime":518,"items_purged":[],"score":104,"play_id":"a37730bf-4eb6-4e50-88e9-9a2cf8c3852d","local_time":"20190513085119","is_ascension_mode":false,"campfire_choices":[{"data":"Rampage","floor":10,"key":"SMITH"},{"data":"Flame Barrier","floor":15,"key":"SMITH"}],"neow_cost":"PERCENT_DAMAGE","seed_source_timestamp":566025563578647,"circlet_count":0,"master_deck":["Strike_R","Strike_R","Strike_R","Strike_R+1","Strike_R+1","Defend_R","Defend_R","Defend_R","Defend_R","Bash+1","Shrug It Off","Flame Barrier+1","Rampage+1","Spot Weakness","Bludgeon","Evolve","Sword Boomerang"],"relics":["Burning Blood","Nunchaku","The Courier","Art of War"],"potions_floor_usage":[13,16,16],"damage_taken":[{"damage":7,"enemies":"2 Louse","floor":1,"turns":3},{"damage":7,"enemies":"Small Slimes","floor":4,"turns":3},{"damage":23,"enemies":"3 Sentries","floor":6,"turns":12},{"damage":1,"enemies":"Cultist","floor":7,"turns":3},{"damage":5,"enemies":"3 Louse","floor":11,"turns":3},{"damage":2,"enemies":"Blue Slaver","floor":12,"turns":4},{"damage":0,"enemies":"Large Slime","floor":13,"turns":4},{"damage":14,"enemies":"Exordium Thugs","floor":14,"turns":5},{"damage":31,"enemies":"Hexaghost","floor":16,"turns":9}],"seed_played":"5207023246372940937","potions_obtained":[{"floor":7,"key":"Fire Potion"},{"floor":11,"key":"FearPotion"},{"floor":14,"key":"Poison Potion"}],"is_trial":false,"path_per_floor":["M","?","?","M","$","E","M","$","T","R","M","M","M","M","R","B"],"character_chosen":"IRONCLAD","items_purchased":["Flame Barrier","Bludgeon"],"campfire_rested":0,"item_purchase_floors":[5,8],"current_hp_per_floor":[55,55,39,38,38,21,26,26,26,26,27,31,37,29,29,0],"gold":95,"neow_bonus":"ONE_RARE_RELIC","is_prod":false,"is_daily":false,"chose_seed":false,"campfire_upgraded":2,"win_rate":0,"timestamp":1557751879,"path_taken":["M","?","?","M","$","E","M","$","T","R","M","M","M","M","R","BOSS"],"build_version":"2019-01-23","purchased_purges":0,"victory":false,"max_hp_per_floor":[80,80,80,80,80,80,80,80,80,80,80,80,80,80,80,80],"card_choices":[{"not_picked":["Havoc","Burning Pact","Metallicize"],"picked":"SKIP","floor":1},{"not_picked":["Sword Boomerang","Twin Strike"],"picked":"Shrug It Off","floor":4},{"not_picked":["Anger","Spot Weakness"],"picked":"Rampage","floor":6},{"not_picked":["Second Wind","Body Slam"],"picked":"Spot Weakness","floor":7},{"not_picked":["Power Through","Iron Wave","Sword Boomerang"],"picked":"SKIP","floor":11},{"not_picked":["Searing Blow","Flex","Perfected Strike"],"picked":"SKIP","floor":12},{"not_picked":["Dark Embrace","Anger"],"picked":"Evolve","floor":13},{"not_picked":["Shrug It Off","Perfected Strike"],"picked":"Sword Boomerang","floor":14}],"player_experience":699755,"relics_obtained":[{"floor":6,"key":"The Courier"},{"floor":9,"key":"Art of War"}],"event_choices":[{"damage_healed":0,"gold_gain":0,"player_choice":"Grow","damage_taken":0,"max_hp_gain":0,"max_hp_loss":0,"event_name":"Living Wall","floor":2,"gold_loss":0,"cards_upgraded":["Bash"]},{"damage_healed":0,"gold_gain":0,"player_choice":"Entered Light","damage_taken":16,"max_hp_gain":0,"max_hp_loss":0,"event_name":"Shining Light","floor":3,"gold_loss":0,"cards_upgraded":["Strike_R","Strike_R"]}],"is_beta":false,"boss_relics":[],"items_purged_floors":[],"is_endless":false,"potions_floor_spawned":[7,11,14],"killed_by":"Hexaghost","ascension_level":0}