{"gold_per_floor":[113,113,131,100,100,126,157,196,284,311,334,358,370,399,411,519,531,561,128,140,40,40,65,65,65,117,135,50,61,94,104,104,202,202,222,222,237,250,47,47,75,89,142,142,104,104,123,133,133,133],"floor_reached":51,"playtime":4123,"items_purged":["Strike_B","Defend_B","Strike_B"],"score":781,"play_id":"445e8f3e-c0d7-4fb0-840a-2c9dbecff8e1","local_time":"20190501003719","is_ascension_mode":false,"campfire_choices":[{"floor":13,"key":"REST"},{"floor":15,"key":"REST"},{"floor":24,"key":"REST"},{"floor":32,"key":"REST"},{"data":"Defragment","floor":40,"key":"SMITH"},{"data":"Lockon","floor":44,"key":"SMITH"},{"data":"Electrodynamics","floor":46,"key":"SMITH"},{"data":"Zap","floor":49,"key":"SMITH"}],"neow_cost":"NONE","seed_source_timestamp":224268805629045,"circlet_count":0,"master_deck":["Strike_B","Strike_B","Defend_B","Defend_B","Zap+1","Dualcast+1","Reprogram","Redo+1","Conserve Battery","Hello World","Coolheaded","Ball Lightning","Self Repair","Electrodynamics+1","Undo+1","Capacitor","Ball Lightning","Ball Lightning","Conserve Battery","Sweeping Beam+1","Lockon+1","Echo Form","Parasite","Loop","Defragment+1","Ball Lightning","Capacitor+1","Ball Lightning"],"relics":["Cracked Core","FossilizedHelix","MawBank","Blood Vial","Mummified Hand","Nuclear Battery","Pantograph","Singing Bowl","Vajra","Dodecahedron","Ginger","Black Star","Regal Pillow","Frozen Egg 2","Lantern"],"potions_floor_usage":[6,8,18,20,30,33,42,48,50,50],"damage_taken":[{"damage":6,"enemies":"Jaw Worm","floor":1,"turns":3},{"damage":0,"enemies":"Small Slimes","floor":3,"turns":2},{"damage":3,"enemies":"Lagavulin","floor":6,"turns":6},{"damage":0,"enemies":"2 Louse","floor":7,"turns":3},{"damage":29,"enemies":"Gremlin Nob","floor":8,"turns":5},{"damage":0,"enemies":"Exordium Thugs","floor":10,"turns":4},{"damage":0,"enemies":"Red Slaver","floor":11,"turns":4},{"damage":6,"enemies":"Large Slime","floor":12,"turns":6},{"damage":2,"enemies":"3 Louse","floor":14,"turns":3},{"damage":13,"enemies":"Slime Boss","floor":16,"turns":13},{"damage":16,"enemies":"Shell Parasite","floor":18,"turns":5},{"damage":16,"enemies":"2 Thieves","floor":20,"turns":4},{"damage":18,"enemies":"Slavers","floor":23,"turns":4},{"damage":14,"enemies":"Snake Plant","floor":27,"turns":3},{"damage":0,"enemies":"3 Cultists","floor":29,"turns":4},{"damage":54,"enemies":"Book of Stabbing","floor":30,"turns":7},{"damage":3,"enemies":"Cultist and Chosen","floor":31,"turns":5},{"damage":0,"enemies":"Collector","floor":33,"turns":8},{"damage":0,"enemies":"Orb Walker","floor":35,"turns":3},{"damage":0,"enemies":"3 Shapes","floor":37,"turns":4},{"damage":10,"enemies":"Writhing Mass","floor":38,"turns":6},{"damage":9,"enemies":"Giant Head","floor":41,"turns":7},{"damage":0,"enemies":"Transient","floor":42,"turns":5},{"damage":21,"enemies":"Maw","floor":47,"turns":6},{"damage":27,"enemies":"Sphere and 2 Shapes","floor":48,"turns":5},{"damage":79,"enemies":"Time Eater","floor":50,"turns":10}],"seed_played":"3756427722178316815","potions_obtained":[{"floor":1,"key":"SteroidPotion"},{"floor":3,"key":"FocusPotion"},{"floor":7,"key":"Ancient Potion"},{"floor":8,"key":"LiquidBronze"},{"floor":16,"key":"Poison Potion"},{"floor":23,"key":"SpeedPotion"},{"floor":27,"key":"Fire Potion"},{"floor":31,"key":"SteroidPotion"},{"floor":38,"key":"SkillPotion"},{"floor":42,"key":"Fire Potion"}],"is_trial":false,"path_per_floor":["M","?","M","?","?","E","M","E","T","M","M","M","R","M","R","B",null,"M","$","M","$","$","E","R","?","T","M","?","M","E","M","R","B",null,"M","?","M","M","$","R","E","M","T","R","$","R","M","M","R","B",null],"character_chosen":"DEFECT","items_purchased":["Capacitor","Ball Lightning","Pantograph","Defragment","Capacitor+1"],"campfire_rested":4,"item_purchase_floors":[19,19,19,39,45],"current_hp_per_floor":[69,66,66,66,66,63,63,34,34,36,38,34,56,56,75,69,75,66,66,59,59,59,52,75,75,75,70,70,79,32,38,61,79,79,81,81,83,80,80,80,80,85,85,85,85,85,73,55,55,3],"gold":133,"neow_bonus":"UPGRADE_CARD","is_prod":false,"is_daily":false,"chose_seed":false,"campfire_upgraded":4,"win_rate":0.0,"timestamp":1556696239,"path_taken":["M","?","M","?","?","E","M","E","T","M","M","?","R","M","R","BOSS","M","$","M","?","$","E","R","?","T","M","?","M","E","M","R","BOSS","M","?","M","M","?","R","E","M","T","R","$","R","?","M","R","BOSS"],"build_version":"2019-01-23","purchased_purges":3,"victory":true,"max_hp_per_floor":[75,75,75,75,75,75,75,75,75,75,75,75,75,75,75,75,75,75,75,75,75,75,77,77,77,77,77,77,79,79,79,79,79,79,81,81,83,83,83,83,83,85,85,85,85,85,87,87,87,87],"card_choices":[{"not_picked":["Go for the Eyes","Steam"],"picked":"Reprogram","floor":1},{"not_picked":["Sweeping Beam","Consume"],"picked":"Redo","floor":3},{"not_picked":["Turbo","Compile Driver"],"picked":"Conserve Battery","floor":6},{"not_picked":["Sweeping Beam","Go for the Eyes","Gash"],"picked":"SKIP","floor":7},{"not_picked":["Stack","Reinforced Body"],"picked":"Hello World","floor":8},{"not_picked":["Scrape","Doom and Gloom"],"picked":"Coolheaded","floor":10},{"not_picked":["Stack","Turbo","Go for the Eyes"],"picked":"SKIP","floor":11},{"not_picked":["Loop","Aggregate"],"picked":"Ball Lightning","floor":12},{"not_picked":["Hologram","Stack"],"picked":"Self Repair","floor":14},{"not_picked":["Buffer","Rainbow"],"picked":"Electrodynamics","floor":16},{"not_picked":["Redo","Sweeping Beam+1"],"picked":"Undo+1","floor":18},{"not_picked":["Sweeping Beam+1","Lockon"],"picked":"Ball Lightning","floor":20},{"not_picked":["Aggregate+1","BootSequence","Go for the Eyes"],"picked":"Singing Bowl","floor":23},{"not_picked":["Coolheaded+1","Turbo"],"picked":"Conserve Battery","floor":27},{"not_picked":["Rebound","Turbo+1","Gash"],"picked":"Singing Bowl","floor":29},{"not_picked":["Coolheaded+1","Auto Shields"],"picked":"Sweeping Beam+1","floor":30},{"not_picked":["Gash","Compile Driver"],"picked":"Lockon","floor":31},{"not_picked":["Biased Cognition","Buffer"],"picked":"Echo Form","floor":33},{"not_picked":["Blizzard","Steam","Steam Power+1"],"picked":"Singing Bowl","floor":35},{"not_picked":["Steam","Go for the Eyes","Cold Snap"],"picked":"Singing Bowl","floor":37},{"not_picked":["Turbo","Go for the Eyes"],"picked":"Loop","floor":38},{"not_picked":["Gash","Glacier"],"picked":"Ball Lightning","floor":41},{"not_picked":["Hologram","Reprogram","Echo Form+1"],"picked":"Singing Bowl","floor":42},{"not_picked":["Reprogram","Blizzard","Conserve Battery+1"],"picked":"Singing Bowl","floor":47},{"not_picked":["Reprogram","Steam+1"],"picked":"Ball Lightning","floor":48}],"player_experience":91988,"relics_obtained":[{"floor":6,"key":"MawBank"},{"floor":8,"key":"Blood Vial"},{"floor":9,"key":"Mummified Hand"},{"floor":23,"key":"Singing Bowl"},{"floor":26,"key":"Vajra"},{"floor":30,"key":"Ginger"},{"floor":41,"key":"Regal Pillow"},{"floor":41,"key":"Frozen Egg 2"},{"floor":43,"key":"Lantern"}],"event_choices":[{"damage_healed":0,"gold_gain":0,"player_choice":"Success","damage_taken":3,"relics_obtained":["FossilizedHelix"],"max_hp_gain":0,"max_hp_loss":0,"event_name":"Scrap Ooze","floor":2,"gold_loss":0},{"damage_healed":0,"gold_gain":0,"player_choice":"Left Gold","damage_taken":0,"max_hp_gain":0,"max_hp_loss":0,"event_name":"World of Goop","floor":4,"gold_loss":31},{"damage_healed":0,"gold_gain":0,"player_choice":"Grow","damage_taken":0,"max_hp_gain":0,"max_hp_loss":0,"event_name":"Living Wall","floor":5,"gold_loss":0,"cards_upgraded":["Redo"]},{"damage_healed":0,"gold_gain":0,"player_choice":"Ignored","damage_taken":0,"max_hp_gain":0,"max_hp_loss":0,"event_name":"Vampires","floor":25,"gold_loss":0},{"damage_healed":0,"gold_gain":0,"player_choice":"Obtained Relic","damage_taken":0,"relics_obtained":["Dodecahedron"],"max_hp_gain":0,"max_hp_loss":0,"event_name":"Addict","floor":28,"gold_loss":85},{"cards_removed":["Defend_B"],"damage_healed":0,"gold_gain":0,"player_choice":"Purged","damage_taken":0,"max_hp_gain":0,"max_hp_loss":0,"event_name":"Purifier","floor":36,"gold_loss":0}],"is_beta":false,"boss_relics":[{"not_picked":["White Beast Statue","Snecko Eye"],"picked":"Nuclear Battery"},{"not_picked":["Sozu","Fusion Hammer"],"picked":"Black Star"}],"items_purged_floors":[19,21,39],"is_endless":false,"potions_floor_spawned":[1,3,7,8,16,23,27,31,38,42,47],"ascension_level":0}