{"gold_per_floor":[112,124,137,87,87,105,133,144,144,144,144,69,99,114,114,216,216],"floor_reached":17,"playtime":551,"items_purged":["Strike_R"],"score":167,"play_id":"eeb806df-122d-430a-bd45-373696ab0cb3","local_time":"20190515100620","is_ascension_mode":false,"campfire_choices":[{"data":"Searing Blow+1","floor":10,"key":"SMITH"},{"data":"Searing Blow+2","floor":15,"key":"SMITH"}],"neow_cost":"NONE","seed_source_timestamp":743291093211174,"circlet_count":0,"master_deck":["Strike_R","Strike_R","Defend_R","Defend_R","Defend_R","Defend_R","Bash","Searing Blow+3","Cleave","Inflame","Offering","Shrug It Off","Immolate+1"],"relics":["Burning Blood","NeowsBlessing","Molten Egg 2","Kunai","Paper Frog"],"potions_floor_usage":[6,13,16,16],"damage_taken":[{"damage":0,"enemies":"Small Slimes","floor":1,"turns":1},{"damage":0,"enemies":"Cultist","floor":2,"turns":1},{"damage":0,"enemies":"2 Louse","floor":3,"turns":1},{"damage":15,"enemies":"Exordium Thugs","floor":6,"turns":5},{"damage":36,"enemies":"Lagavulin","floor":7,"turns":6},{"damage":14,"enemies":"Lots of Slimes","floor":8,"turns":3},{"damage":11,"enemies":"3 Sentries","floor":13,"turns":8},{"damage":6,"enemies":"2 Fungi Beasts","floor":14,"turns":3},{"damage":12,"enemies":"Slime Boss","floor":16,"turns":9}],"seed_played":"-2267561082624100853","potions_obtained":[{"floor":1,"key":"Poison Potion"},{"floor":7,"key":"Energy Potion"},{"floor":8,"key":"LiquidBronze"},{"floor":13,"key":"Strength Potion"},{"floor":14,"key":"Swift Potion"}],"is_trial":false,"path_per_floor":["M","M","M","?","?","M","E","M","T","R","?","$","E","M","R","B",null],"character_chosen":"IRONCLAD","items_purchased":[],"campfire_rested":0,"item_purchase_floors":[],"current_hp_per_floor":[80,80,80,80,80,71,41,33,33,33,26,26,21,21,21,15,15],"gold":216,"neow_bonus":"THREE_ENEMY_KILL","is_prod":false,"is_daily":false,"chose_seed":false,"campfire_upgraded":2,"win_rate":0,"timestamp":1557929180,"path_taken":["M","M","M","?","?","?","E","M","T","R","?","?","E","M","R","BOSS"],"build_version":"2019-01-23","purchased_purges":1,"victory":false,"max_hp_per_floor":[80,80,80,80,80,80,80,80,80,80,80,80,80,80,80,80,80],"card_choices":[{"not_picked":["Combust","Armaments"],"picked":"Searing Blow","floor":1},{"not_picked":["Entrench","Havoc","Thunderclap"],"picked":"SKIP","floor":2},{"not_picked":["Disarm","Clothesline"],"picked":"Cleave","floor":3},{"not_picked":["Thunderclap","Pommel Strike"],"picked":"Inflame","floor":6},{"not_picked":["Iron Wave","Perfected Strike"],"picked":"Offering","floor":7},{"not_picked":["Intimidate","Havoc"],"picked":"Shrug It Off","floor":8},{"not_picked":["Dropkick+1","Headbutt+1","Feel No Pain"],"picked":"SKIP","floor":13},{"not_picked":["Pummel+1","Cleave+1","Whirlwind+1"],"picked":"SKIP","floor":14},{"not_picked":["Juggernaut","Impervious"],"picked":"Immolate+1","floor":16}],"player_experience":707205,"relics_obtained":[{"floor":7,"key":"Molten Egg 2"},{"floor":9,"key":"Kunai"},{"floor":13,"key":"Paper Frog"}],"event_choices":[{"cards_removed":["Strike_R"],"damage_healed":0,"gold_gain":0,"player_choice":"Card Removal","damage_taken":0,"max_hp_gain":0,"max_hp_loss":0,"event_name":"The Cleric","floor":4,"gold_loss":50},{"damage_healed":0,"gold_gain":0,"player_choice":"Upgraded","damage_taken":0,"max_hp_gain":0,"max_hp_loss":0,"event_name":"Upgrade Shrine","floor":5,"gold_loss":0,"cards_upgraded":["Searing Blow"]},{"cards_removed":["Strike_R"],"damage_healed":0,"gold_gain":0,"player_choice":"Card Removal","damage_taken":7,"max_hp_gain":0,"max_hp_loss":0,"event_name":"Golden Wing","floor":11,"gold_loss":0}],"is_beta":false,"boss_relics":[],"items_purged_floors":[12],"is_endless":false,"potions_floor_spawned":[1,7,8,13,14],"ascension_level":0}