{"gold_per_floor":[119,133,133,148,73,73,107,107,107,137,96,96,107,54,54,133,133,148,248,248],"floor_reached":20,"playtime":659,"items_purged":["Doubt"],"score":342,"play_id":"5a6e2a29-d931-48c2-8428-2cb7a697130a","local_time":"20190616114337","is_ascension_mode":true,"campfire_choices":[{"data":"True Grit","floor":6,"key":"SMITH"},{"data":"Immolate","floor":8,"key":"SMITH"},{"floor":12,"key":"DIG"},{"floor":15,"key":"REST"}],"neow_cost":"CURSE","seed_source_timestamp":305290970465998,"circlet_count":0,"master_deck":["AscendersBane","Strike_R","Strike_R","Strike_R","Strike_R","Strike_R","Defend_R","Defend_R","Defend_R","Defend_R","Bash","Immolate+1","Pommel Strike","True Grit+1","Rampage","Armaments+1","Ghostly Armor+1","Seeing Red+1","True Grit+1","True Grit+1","Immolate","Shrug It Off+1"],"relics":["Burning Blood","Toxic Egg 2","Red Skull","Shovel","Blue Candle","Sozu","Thread and Needle","Kunai"],"potions_floor_usage":[7,13,16,18],"damage_taken":[{"damage":1,"enemies":"Cultist","floor":1,"turns":3},{"damage":0,"enemies":"2 Louse","floor":2,"turns":1},{"damage":0,"enemies":"Small Slimes","floor":4,"turns":1},{"damage":31,"enemies":"Lagavulin","floor":7,"turns":6},{"damage":32,"enemies":"Gremlin Nob","floor":10,"turns":4},{"damage":0,"enemies":"Blue Slaver","floor":13,"turns":3},{"damage":31,"enemies":"Slime Boss","floor":16,"turns":8},{"damage":12,"enemies":"Spheric Guardian","floor":18,"turns":5},{"damage":43,"enemies":"Colosseum Slavers","floor":19,"turns":6},{"damage":16,"enemies":"Colosseum Nobs","floor":19,"turns":3},{"damage":11,"enemies":"Shell Parasite","floor":20,"turns":3}],"seed_played":"-3600674979379867617","potions_obtained":[{"floor":1,"key":"Fire Potion"},{"floor":10,"key":"SkillPotion"},{"floor":13,"key":"SteroidPotion"},{"floor":16,"key":"SpeedPotion"}],"is_trial":false,"path_per_floor":["M","M","?","M","$","R","E","R","T","E","$","R","M","$","R","B",null,"M","?","M"],"character_chosen":"IRONCLAD","items_purchased":["Seeing Red+1","True Grit+1"],"campfire_rested":1,"item_purchase_floors":[11,14],"current_hp_per_floor":[73,75,75,75,75,75,50,50,50,24,24,24,30,30,52,27,63,57,10,0],"gold":248,"neow_bonus":"THREE_RARE_CARDS","is_prod":false,"is_daily":false,"chose_seed":false,"campfire_upgraded":2,"win_rate":0,"timestamp":1560710617,"path_taken":["M","?","?","?","$","R","E","R","T","E","$","R","M","$","R","BOSS","M","?","M"],"build_version":"2019-01-23","purchased_purges":1,"victory":false,"max_hp_per_floor":[75,75,75,75,75,75,75,75,75,75,75,75,75,75,75,75,75,75,75,75],"card_choices":[{"not_picked":["Exhume","Dark Embrace"],"picked":"Immolate","floor":0},{"not_picked":["Iron Wave","Clash"],"picked":"Pommel Strike","floor":1},{"not_picked":["Inflame","Disarm"],"picked":"True Grit","floor":2},{"not_picked":["Disarm","Twin Strike"],"picked":"Rampage","floor":4},{"not_picked":["Heavy Blade","Dual Wield"],"picked":"Armaments","floor":7},{"not_picked":["Offering+1","Disarm+1"],"picked":"Ghostly Armor+1","floor":10},{"not_picked":["Thunderclap","Cleave"],"picked":"True Grit+1","floor":13},{"not_picked":["Bludgeon","Demon Form"],"picked":"Immolate","floor":16},{"not_picked":["Clothesline","Battle Trance+1"],"picked":"Shrug It Off+1","floor":18}],"player_experience":1023621,"relics_obtained":[{"floor":7,"key":"Toxic Egg 2"},{"floor":9,"key":"Red Skull"},{"floor":10,"key":"Shovel"},{"floor":12,"key":"Blue Candle"},{"floor":19,"key":"Thread and Needle"},{"floor":19,"key":"Kunai"}],"event_choices":[{"damage_healed":0,"gold_gain":0,"player_choice":"Full Heal","damage_taken":0,"max_hp_gain":0,"max_hp_loss":0,"event_name":"Wheel of Change","floor":3,"gold_loss":0},{"damage_healed":0,"gold_gain":0,"player_choice":"Fight","damage_taken":0,"max_hp_gain":0,"max_hp_loss":0,"event_name":"Colosseum","floor":19,"gold_loss":0},{"damage_healed":0,"gold_gain":0,"player_choice":"Fought Nobs","damage_taken":0,"max_hp_gain":0,"max_hp_loss":0,"event_name":"Colosseum","floor":19,"gold_loss":0}],"is_beta":false,"boss_relics":[{"not_picked":["Black Star","Tiny House"],"picked":"Sozu"}],"items_purged_floors":[5],"is_endless":false,"potions_floor_spawned":[1,10,13,16,19],"killed_by":"Shell Parasite","ascension_level":18}