{"gold_per_floor":[16,32,51,201,181,181,210,210],"floor_reached":8,"playtime":249,"items_purged":[],"score":101,"play_id":"376ef1ae-ca10-4cb3-96eb-c97e8669ae37","local_time":"20190602145041","is_ascension_mode":true,"campfire_choices":[{"data":"Conserve Battery","floor":6,"key":"SMITH"}],"neow_cost":"NO_GOLD","seed_source_timestamp":84846926577806,"circlet_count":0,"master_deck":["AscendersBane","Strike_B","Strike_B","Strike_B","Strike_B","Defend_B","Defend_B","Defend_B","Defend_B","Zap","Dualcast","Ball Lightning","Static Discharge","Conserve Battery+1","Doubt"],"relics":["Cracked Core","Dead Branch","Dream Catcher"],"potions_floor_usage":[7,7,7,7],"damage_taken":[{"damage":11,"enemies":"Small Slimes","floor":1,"turns":3},{"damage":6,"enemies":"2 Louse","floor":2,"turns":2},{"damage":0,"enemies":"Cultist","floor":3,"turns":3},{"damage":46,"enemies":"Gremlin Nob","floor":7,"turns":5},{"damage":18,"enemies":"Large Slime","floor":8,"turns":4}],"seed_played":"-4076915767416074169","potions_obtained":[{"floor":2,"key":"Regen Potion"},{"floor":3,"key":"EssenceOfSteel"},{"floor":5,"key":"EntropicBrew"}],"is_trial":false,"path_per_floor":["M","M","M","?","?","R","E","M"],"character_chosen":"DEFECT","items_purchased":[],"campfire_rested":0,"item_purchase_floors":[],"current_hp_per_floor":[53,47,47,47,47,47,15,0],"gold":210,"neow_bonus":"ONE_RARE_RELIC","is_prod":false,"is_daily":false,"chose_seed":false,"campfire_upgraded":1,"win_rate":0,"timestamp":1559512241,"path_taken":["M","M","M","?","?","R","E","?"],"build_version":"2019-01-23","purchased_purges":0,"victory":false,"max_hp_per_floor":[71,71,71,71,71,71,71,71],"card_choices":[{"not_picked":["Sweeping Beam","Compile Driver"],"picked":"Ball Lightning","floor":1},{"not_picked":["Beam Cell","Turbo"],"picked":"Static Discharge","floor":2},{"not_picked":["Storm","Stack"],"picked":"Conserve Battery","floor":3},{"not_picked":["Lockon","Beam Cell","Force Field"],"picked":"SKIP","floor":7}],"player_experience":938257,"relics_obtained":[{"floor":7,"key":"Dream Catcher"}],"event_choices":[{"damage_healed":0,"gold_gain":150,"player_choice":"AGREE","damage_taken":0,"max_hp_gain":0,"max_hp_loss":0,"event_name":"Liars Game","floor":4,"gold_loss":0,"cards_obtained":["Doubt"]},{"damage_healed":0,"gold_gain":0,"player_choice":"Bought 1 Potion","damage_taken":0,"max_hp_gain":0,"max_hp_loss":0,"event_name":"The Woman in Blue","floor":5,"gold_loss":0}],"is_beta":false,"boss_relics":[],"items_purged_floors":[],"is_endless":false,"potions_floor_spawned":[2,3],"killed_by":"Large Slime","ascension_level":16}