{"gold_per_floor":[112,122,139,158,158,198,198,272,272,310,46,61,76,94,94,217,217,230,250,10,24,24,24,47,61,61,80,96,96,96,96,96,96],"floor_reached":33,"playtime":1939,"items_purged":["Defend_R","Defend_R"],"score":288,"play_id":"63c013cc-e953-48da-b3f4-a9fa72e233c8","local_time":"20190429012519","is_ascension_mode":false,"campfire_choices":[{"data":"Iron Wave","floor":7,"key":"SMITH"},{"floor":15,"key":"REST"},{"floor":23,"key":"REST"},{"floor":29,"key":"REST"},{"data":"Immolate","floor":32,"key":"SMITH"}],"neow_cost":"NONE","seed_source_timestamp":56545924878209,"circlet_count":0,"master_deck":["Strike_R","Strike_R","Strike_R","Strike_R","Strike_R","Defend_R","Defend_R","Bash","Clash","Iron Wave+1","Iron Wave","Iron Wave","Cleave","Sever Soul","Fire Breathing","Blood for Blood","Iron Wave","Twin Strike","Thunderclap","Immolate+1","Pummel+1","Anger","Forethought","Anger","Iron Wave+1","Wild Strike+1","Wild Strike+1","Iron Wave+1"],"relics":["Black Blood","NeowsBlessing","Bloody Idol","Orichalcum","Question Card","Regal Pillow","Matryoshka","Shuriken","Pantograph","Enchiridion"],"potions_floor_usage":[6,10,16,16,21,25,27,28,33],"damage_taken":[{"damage":0,"enemies":"2 Louse","floor":1,"turns":2},{"damage":0,"enemies":"Jaw Worm","floor":2,"turns":1},{"damage":0,"enemies":"Cultist","floor":3,"turns":1},{"damage":9,"enemies":"2 Fungi Beasts","floor":4,"turns":4},{"damage":17,"enemies":"Lagavulin","floor":6,"turns":6},{"damage":8,"enemies":"3 Sentries","floor":8,"turns":6},{"damage":19,"enemies":"Gremlin Nob","floor":10,"turns":4},{"damage":5,"enemies":"Looter","floor":12,"turns":2},{"damage":12,"enemies":"Large Slime","floor":13,"turns":5},{"damage":0,"enemies":"3 Louse","floor":14,"turns":2},{"damage":70,"enemies":"Hexaghost","floor":16,"turns":10},{"damage":19,"enemies":"Shell Parasite","floor":18,"turns":6},{"damage":15,"enemies":"2 Thieves","floor":19,"turns":4},{"damage":50,"enemies":"Centurion and Healer","floor":21,"turns":7},{"damage":17,"enemies":"Snecko","floor":24,"turns":4},{"damage":4,"enemies":"Chosen and Byrds","floor":25,"turns":6},{"damage":18,"enemies":"Sentry and Sphere","floor":27,"turns":4},{"damage":20,"enemies":"Centurion and Healer","floor":28,"turns":4},{"damage":83,"enemies":"Automaton","floor":33,"turns":8}],"seed_played":"-449427950440582812","potions_obtained":[{"floor":2,"key":"FearPotion"},{"floor":4,"key":"Fire Potion"},{"floor":8,"key":"SkillPotion"},{"floor":14,"key":"Swift Potion"},{"floor":16,"key":"SkillPotion"},{"floor":18,"key":"AttackPotion"},{"floor":19,"key":"Dexterity Potion"},{"floor":25,"key":"Weak Potion"},{"floor":27,"key":"FearPotion"}],"is_trial":false,"path_per_floor":["M","M","M","M","?","E","R","?","T","E","$","M","M","M","R","B",null,"M","M","$","M","?","R","M","M","T","M","M","R","?","?","R","B"],"character_chosen":"IRONCLAD","items_purchased":["Fire Breathing","Blood for Blood","Regen Potion","Anger","Forethought"],"campfire_rested":3,"item_purchase_floors":[11,11,11,20,20],"current_hp_per_floor":[80,80,80,77,74,63,63,61,61,48,48,49,43,49,74,20,74,65,60,60,20,20,57,50,56,56,48,38,74,58,58,58,0],"gold":96,"neow_bonus":"THREE_ENEMY_KILL","is_prod":false,"is_daily":false,"chose_seed":false,"campfire_upgraded":2,"win_rate":0.0,"timestamp":1556526319,"path_taken":["M","M","M","M","?","E","R","?","T","E","$","M","M","M","R","BOSS","M","M","$","M","?","R","M","M","T","M","?","R","?","?","R","BOSS"],"build_version":"2019-01-23","purchased_purges":2,"victory":false,"max_hp_per_floor":[80,80,80,80,74,74,74,74,74,74,74,74,74,74,74,74,74,74,74,74,74,74,74,74,74,74,74,74,74,74,74,74,74],"card_choices":[{"not_picked":["Metallicize","Warcry"],"picked":"Clash","floor":1},{"not_picked":["Armaments","Thunderclap"],"picked":"Iron Wave","floor":2},{"not_picked":["Wild Strike","Power Through"],"picked":"Iron Wave","floor":3},{"not_picked":["Body Slam","Shrug It Off"],"picked":"Iron Wave","floor":4},{"not_picked":["Combust","Fire Breathing"],"picked":"Cleave","floor":6},{"not_picked":["Pummel","Reaper","Intimidate"],"picked":"Sever Soul","floor":10},{"not_picked":["Anger","Metallicize","Armaments"],"picked":"Iron Wave","floor":12},{"not_picked":["Searing Blow","Rupture","Corruption"],"picked":"Twin Strike","floor":13},{"not_picked":["Metallicize","Armaments","True Grit"],"picked":"Thunderclap","floor":14},{"not_picked":["Limit Break","Juggernaut","Berserk"],"picked":"Immolate","floor":16},{"not_picked":["Combust","Spot Weakness+1","Pummel+1","Corruption+1"],"picked":"SKIP","floor":18},{"not_picked":["Reckless Charge","Havoc","Thunderclap"],"picked":"Pummel+1","floor":19},{"not_picked":["True Grit+1","Reaper","Uppercut"],"picked":"Anger","floor":21},{"not_picked":["Twin Strike","True Grit+1","Ghostly Armor"],"picked":"Iron Wave+1","floor":24},{"not_picked":["Clash","Cleave","Body Slam"],"picked":"Wild Strike+1","floor":25},{"not_picked":["Juggernaut","Rupture","Power Through"],"picked":"Wild Strike+1","floor":27},{"not_picked":["Armaments+1","Spot Weakness","Infernal Blade"],"picked":"Iron Wave+1","floor":28}],"player_experience":48351,"relics_obtained":[{"floor":6,"key":"Orichalcum"},{"floor":8,"key":"Question Card"},{"floor":9,"key":"Regal Pillow"},{"floor":10,"key":"Matryoshka"},{"floor":26,"key":"Shuriken"},{"floor":26,"key":"Pantograph"},{"floor":30,"key":"Enchiridion"}],"event_choices":[{"damage_healed":0,"gold_gain":0,"player_choice":"Lose Max HP","damage_taken":0,"relics_obtained":["Golden Idol"],"max_hp_gain":0,"max_hp_loss":6,"event_name":"Golden Idol","floor":5,"gold_loss":0},{"damage_healed":0,"gold_gain":30,"player_choice":"Searched \u00272\u0027 times","damage_taken":0,"max_hp_gain":0,"max_hp_loss":0,"event_name":"Dead Adventurer","floor":8,"gold_loss":0},{"damage_healed":0,"gold_gain":0,"player_choice":"Leave","damage_taken":0,"max_hp_gain":0,"max_hp_loss":0,"event_name":"FaceTrader","floor":22,"gold_loss":0},{"damage_healed":0,"gold_gain":0,"player_choice":"Obtained Book","damage_taken":16,"max_hp_gain":0,"max_hp_loss":0,"event_name":"Cursed Tome","floor":30,"gold_loss":0},{"damage_healed":0,"gold_gain":0,"player_choice":"Gave Idol","damage_taken":0,"relics_obtained":["Bloody Idol"],"max_hp_gain":0,"max_hp_loss":0,"event_name":"Forgotten Altar","floor":31,"relics_lost":["Golden Idol"],"gold_loss":0}],"is_beta":false,"boss_relics":[{"not_picked":["Cursed Key","Fusion Hammer"],"picked":"Black Blood"}],"items_purged_floors":[11,20],"is_endless":false,"potions_floor_spawned":[2,4,8,14,16,18,19,25,27],"killed_by":"Automaton","ascension_level":0}