{"gold_per_floor":[215,215,240,253,253,285,285,21,21,21,21,41,53,83,83,157,157,170,85,114,129,142,142,160,177,226,226,245,263,263,47,47,47],"floor_reached":33,"playtime":1335,"items_purged":[],"score":463,"play_id":"6170405b-9104-4b53-ab01-e88cbbc0cb0c","local_time":"20190412223512","is_ascension_mode":true,"campfire_choices":[{"data":"Neutralize","floor":7,"key":"SMITH"},{"data":"Bouncing Flask","floor":10,"key":"SMITH"},{"data":"Bane","floor":15,"key":"SMITH"},{"data":"Malaise","floor":23,"key":"SMITH"},{"data":"Terror","floor":27,"key":"SMITH"},{"data":"Noxious Fumes","floor":30,"key":"SMITH"},{"floor":32,"key":"REST"}],"neow_cost":"NONE","seed_source_timestamp":248702505170351,"circlet_count":0,"master_deck":["AscendersBane","Defend_G","Defend_G+1","Defend_G+1","Defend_G","Defend_G","Strike_G","Strike_G","Strike_G","Strike_G","Strike_G+1","Survivor","Neutralize+1","Underhanded Strike+1","Terror+1","Bouncing Flask+1","Poisoned Stab","Bane+1","Corpse Explosion","Dodge and Roll","Tools of the Trade","Backflip+1","Malaise+1","Well Laid Plans","Cloak And Dagger+1","Leg Sweep","Noxious Fumes+1"],"relics":["Ring of the Snake","War Paint","Gremlin Horn","Whetstone","Snake Skull","Sundial","Tough Bandages","Eternal Feather","Omamori","Red Mask","Strawberry","ClockworkSouvenir"],"potions_floor_usage":[6,6,14,14,20,24,33],"damage_taken":[{"damage":5,"enemies":"Small Slimes","floor":1,"turns":5},{"damage":7,"enemies":"Jaw Worm","floor":4,"turns":5},{"damage":11,"enemies":"3 Sentries","floor":6,"turns":9},{"damage":0,"enemies":"2 Louse","floor":12,"turns":2},{"damage":1,"enemies":"Exordium Thugs","floor":13,"turns":4},{"damage":1,"enemies":"Gremlin Nob","floor":14,"turns":3},{"damage":11,"enemies":"Hexaghost","floor":16,"turns":7},{"damage":8,"enemies":"Chosen","floor":18,"turns":3},{"damage":12,"enemies":"Masked Bandits","floor":20,"turns":3},{"damage":1,"enemies":"Shell Parasite","floor":21,"turns":4},{"damage":1,"enemies":"Snecko","floor":22,"turns":5},{"damage":8,"enemies":"Sentry and Sphere","floor":24,"turns":5},{"damage":16,"enemies":"Cultist and Chosen","floor":25,"turns":5},{"damage":4,"enemies":"Chosen and Byrds","floor":28,"turns":6},{"damage":25,"enemies":"3 Cultists","floor":29,"turns":5},{"damage":80,"enemies":"Collector","floor":33,"turns":6}],"seed_played":"-4343102232832028215","potions_obtained":[{"floor":1,"key":"Strength Potion"},{"floor":4,"key":"Regen Potion"},{"floor":12,"key":"Fire Potion"},{"floor":13,"key":"EssenceOfSteel"},{"floor":18,"key":"SpeedPotion"},{"floor":22,"key":"Block Potion"},{"floor":28,"key":"Strength Potion"}],"is_trial":false,"path_per_floor":["M","?","T","M","?","E","R","$","T","R","$","M","M","E","R","B",null,"M","?","?","M","M","R","M","M","T","R","M","M","R","$","R","B"],"character_chosen":"THE_SILENT","items_purchased":["Snake Skull","Bouncing Flask","Poisoned Stab","ClockworkSouvenir"],"campfire_rested":1,"item_purchase_floors":[8,8,8,31],"current_hp_per_floor":[54,59,59,52,34,38,38,38,38,38,38,38,37,36,36,25,60,52,52,40,39,38,50,42,26,33,48,44,19,34,34,72,0],"gold":47,"neow_bonus":"HUNDRED_GOLD","is_prod":false,"is_daily":false,"chose_seed":false,"campfire_upgraded":6,"win_rate":0,"timestamp":1555122912,"path_taken":["M","?","?","M","?","E","R","$","T","R","?","?","M","E","R","BOSS","M","?","?","M","?","R","M","M","T","R","M","?","R","$","R","BOSS"],"build_version":"2019-01-23","purchased_purges":0,"victory":false,"max_hp_per_floor":[66,71,71,71,71,71,71,71,71,71,71,71,71,71,71,71,71,71,71,71,71,71,71,71,71,78,78,78,78,78,78,78,78],"card_choices":[{"not_picked":["Backflip","Setup"],"picked":"Underhanded Strike","floor":1},{"not_picked":["Blade Dance","Deadly Poison"],"picked":"Terror","floor":4},{"not_picked":["Cloak And Dagger","Poisoned Stab","Outmaneuver"],"picked":"SKIP","floor":6},{"not_picked":["Outmaneuver","Dagger Spray"],"picked":"Bane","floor":12},{"not_picked":["Noxious Fumes","Predator"],"picked":"Corpse Explosion","floor":13},{"not_picked":["Eviscerate","Slice"],"picked":"Dodge and Roll","floor":14},{"not_picked":["Doppelganger","Burst"],"picked":"Tools of the Trade","floor":16},{"not_picked":["All Out Attack","Flying Knee"],"picked":"Backflip+1","floor":18},{"not_picked":["Prepared","Dagger Spray"],"picked":"Malaise","floor":21},{"not_picked":["Quick Slash","Acrobatics"],"picked":"Well Laid Plans","floor":22},{"not_picked":["Deadly Poison","Skewer"],"picked":"Cloak And Dagger+1","floor":24},{"not_picked":["Concentrate","Distraction"],"picked":"Leg Sweep","floor":25},{"not_picked":["Bane","Escape Plan"],"picked":"Noxious Fumes","floor":28},{"not_picked":["Accuracy","Poisoned Stab","Flying Knee"],"picked":"SKIP","floor":29}],"player_experience":571707,"relics_obtained":[{"floor":3,"key":"War Paint"},{"floor":6,"key":"Whetstone"},{"floor":9,"key":"Sundial"},{"floor":14,"key":"Tough Bandages"},{"floor":20,"key":"Red Mask"},{"floor":26,"key":"Strawberry"}],"event_choices":[{"damage_healed":0,"gold_gain":0,"player_choice":"Donut","damage_taken":0,"max_hp_gain":5,"max_hp_loss":0,"event_name":"Big Fish","floor":2,"gold_loss":0},{"damage_healed":0,"gold_gain":0,"player_choice":"Success","damage_taken":18,"relics_obtained":["Gremlin Horn"],"max_hp_gain":0,"max_hp_loss":0,"event_name":"Scrap Ooze","floor":5,"gold_loss":0},{"damage_healed":0,"gold_gain":0,"player_choice":"Obtained Relic","damage_taken":0,"relics_obtained":["Omamori"],"max_hp_gain":0,"max_hp_loss":0,"event_name":"Addict","floor":19,"gold_loss":85},{"damage_healed":0,"gold_gain":0,"player_choice":"Fought Bandits","damage_taken":0,"max_hp_gain":0,"max_hp_loss":0,"event_name":"Masked Bandits","floor":20,"gold_loss":0}],"is_beta":false,"boss_relics":[{"not_picked":["Ectoplasm","Coffee Dripper"],"picked":"Eternal Feather"}],"items_purged_floors":[],"is_endless":false,"potions_floor_spawned":[1,4,12,13,18,22,28],"killed_by":"Collector","ascension_level":16}