{"gold_per_floor":[113,131,131,60,79,110,121,149,149,163,183,146,146,165,165,270,270,287,287,305,76,76,105,105],"floor_reached":24,"playtime":1661,"items_purged":["Strike_R"],"score":228,"play_id":"db13cb14-676d-4479-baee-988e153d5968","local_time":"20190509201328","is_ascension_mode":false,"campfire_choices":[{"floor":13,"key":"REST"},{"floor":15,"key":"REST"}],"neow_cost":"NONE","seed_source_timestamp":988516113025649,"circlet_count":0,"master_deck":["Strike_R","Strike_R","Strike_R+1","Strike_R","Defend_R","Defend_R","Defend_R","Defend_R","Bash","Body Slam+1","Sword Boomerang","Warcry","Rampage","Shrug It Off","Rampage","Ghostly Armor","Rage","Juggernaut","Rampage","Cleave+1","Impervious"],"relics":["Burning Blood","Self Forming Clay","Oddly Smooth Stone","Paper Frog","Eternal Feather","Whetstone","Question Card"],"potions_floor_usage":[8,10,16,23,23],"damage_taken":[{"damage":20,"enemies":"Cultist","floor":1,"turns":6},{"damage":10,"enemies":"Jaw Worm","floor":2,"turns":5},{"damage":0,"enemies":"2 Louse","floor":5,"turns":3},{"damage":36,"enemies":"3 Sentries","floor":6,"turns":9},{"damage":0,"enemies":"Large Slime","floor":7,"turns":4},{"damage":13,"enemies":"Lagavulin","floor":8,"turns":5},{"damage":11,"enemies":"Exordium Thugs","floor":10,"turns":5},{"damage":0,"enemies":"3 Louse","floor":11,"turns":4},{"damage":7,"enemies":"Exordium Wildlife","floor":14,"turns":5},{"damage":71,"enemies":"Slime Boss","floor":16,"turns":14},{"damage":7,"enemies":"Shell Parasite","floor":18,"turns":6},{"damage":24,"enemies":"Spheric Guardian","floor":20,"turns":5},{"damage":36,"enemies":"Book of Stabbing","floor":23,"turns":6},{"damage":33,"enemies":"Cultist and Chosen","floor":24,"turns":8}],"seed_played":"2855152893945090681","potions_obtained":[{"floor":6,"key":"Strength Potion"},{"floor":8,"key":"AttackPotion"},{"floor":10,"key":"Weak Potion"},{"floor":18,"key":"Energy Potion"},{"floor":20,"key":"SkillPotion"}],"is_trial":false,"path_per_floor":["M","M","?","$","M","E","M","E","T","M","M","?","R","M","R","B",null,"M","?","M","$","?","E","M"],"character_chosen":"IRONCLAD","items_purchased":["Rampage","Whetstone"],"campfire_rested":2,"item_purchase_floors":[4,21],"current_hp_per_floor":[66,62,62,62,68,38,44,37,37,32,38,38,62,61,80,15,80,79,79,61,61,61,31,0],"gold":105,"neow_bonus":"THREE_CARDS","is_prod":false,"is_daily":false,"chose_seed":false,"campfire_upgraded":0,"win_rate":0,"timestamp":1557458008,"path_taken":["M","M","?","?","M","E","M","E","T","?","?","?","R","M","R","BOSS","M","?","M","?","?","E","M"],"build_version":"2019-01-23","purchased_purges":1,"victory":false,"max_hp_per_floor":[80,80,80,80,80,80,80,80,80,80,80,80,80,80,80,80,80,80,80,80,80,80,80,80],"card_choices":[{"not_picked":["Sword Boomerang","Uppercut"],"picked":"Body Slam","floor":0},{"not_picked":["Havoc","Body Slam"],"picked":"Sword Boomerang","floor":1},{"not_picked":["True Grit","Clash"],"picked":"Warcry","floor":2},{"not_picked":["Cleave","Dropkick"],"picked":"Shrug It Off","floor":5},{"not_picked":["Dropkick","Clash","Ghostly Armor"],"picked":"SKIP","floor":6},{"not_picked":["Evolve","Heavy Blade"],"picked":"Rampage","floor":7},{"not_picked":["Intimidate","Spot Weakness"],"picked":"Ghostly Armor","floor":8},{"not_picked":["Body Slam","Clothesline","Pummel"],"picked":"SKIP","floor":10},{"not_picked":["Bludgeon","Clothesline","Shockwave"],"picked":"SKIP","floor":11},{"not_picked":["Warcry","Uppercut"],"picked":"Rage","floor":14},{"not_picked":["Limit Break","Exhume"],"picked":"Juggernaut","floor":16},{"not_picked":["Body Slam+1","Searing Blow+1"],"picked":"Rampage","floor":18},{"not_picked":["Blood for Blood","Ghostly Armor"],"picked":"Cleave","floor":20},{"not_picked":["Blood for Blood","True Grit"],"picked":"Impervious","floor":23}],"player_experience":150803,"relics_obtained":[{"floor":6,"key":"Self Forming Clay"},{"floor":8,"key":"Oddly Smooth Stone"},{"floor":9,"key":"Paper Frog"},{"floor":23,"key":"Question Card"}],"event_choices":[{"damage_healed":0,"gold_gain":0,"player_choice":"Grow","damage_taken":0,"max_hp_gain":0,"max_hp_loss":0,"event_name":"Living Wall","floor":3,"gold_loss":0,"cards_upgraded":["Body Slam"]},{"damage_healed":0,"gold_gain":0,"player_choice":"Left Gold","damage_taken":0,"max_hp_gain":0,"max_hp_loss":0,"event_name":"World of Goop","floor":12,"gold_loss":37},{"damage_healed":0,"gold_gain":0,"player_choice":"0 cards matched","damage_taken":0,"max_hp_gain":0,"max_hp_loss":0,"event_name":"Match and Keep!","floor":19,"gold_loss":0,"cards_obtained":[]},{"damage_healed":0,"gold_gain":0,"player_choice":"Ignored","damage_taken":0,"max_hp_gain":0,"max_hp_loss":0,"event_name":"Vampires","floor":22,"gold_loss":0}],"is_beta":false,"boss_relics":[{"not_picked":["White Beast Statue","Sozu"],"picked":"Eternal Feather"}],"items_purged_floors":[21],"is_endless":false,"potions_floor_spawned":[6,8,10,18,20],"killed_by":"Cultist and Chosen","ascension_level":0}