{"gold_per_floor":[17,30,43,43,63,98,116,148,175,195,195,237,249,273,285,399,411,435,460,27,45,45,45,45],"floor_reached":24,"playtime":1041,"items_purged":["Strike_R"],"score":315,"play_id":"3195d166-dc68-48c8-8020-4af8002428f0","local_time":"20190228163612","is_ascension_mode":true,"campfire_choices":[{"data":"Shrug It Off","floor":13,"key":"SMITH"},{"data":"Shrug It Off","floor":15,"key":"SMITH"},{"data":"True Grit","floor":23,"key":"SMITH"}],"neow_cost":"NO_GOLD","seed_source_timestamp":1113238391096777,"circlet_count":0,"master_deck":["AscendersBane","Strike_R","Strike_R","Strike_R","Defend_R","Defend_R","Defend_R","Bash","Shrug It Off+1","Perfected Strike+1","Twin Strike","Thunderclap","Shrug It Off+1","Twin Strike","Reaper","Limit Break","Flame Barrier+1","Clothesline","Flash of Steel","Heavy Blade","True Grit+1"],"relics":["Burning Blood","Dream Catcher","The Courier","Omamori","MawBank","Odd Mushroom","Velvet Choker","FossilizedHelix"],"potions_floor_usage":[6,8,12,16,21,24],"damage_taken":[{"damage":1,"enemies":"Cultist","floor":1,"turns":3},{"damage":4,"enemies":"2 Louse","floor":2,"turns":4},{"damage":7,"enemies":"Jaw Worm","floor":3,"turns":3},{"damage":6,"enemies":"Looter","floor":5,"turns":2},{"damage":32,"enemies":"Gremlin Nob","floor":6,"turns":4},{"damage":8,"enemies":"Blue Slaver","floor":7,"turns":4},{"damage":17,"enemies":"3 Sentries","floor":8,"turns":5},{"damage":3,"enemies":"3 Louse","floor":10,"turns":3},{"damage":2,"enemies":"The Mushroom Lair","floor":12,"turns":3},{"damage":1,"enemies":"2 Fungi Beasts","floor":14,"turns":3},{"damage":37,"enemies":"The Guardian","floor":16,"turns":18},{"damage":9,"enemies":"Chosen","floor":18,"turns":6},{"damage":14,"enemies":"2 Thieves","floor":19,"turns":5},{"damage":7,"enemies":"Shelled Parasite and Fungi","floor":21,"turns":6},{"damage":74,"enemies":"Gremlin Leader","floor":24,"turns":7}],"seed_played":"-5721600797482038351","potions_obtained":[{"floor":5,"key":"Ancient Potion"},{"floor":6,"key":"Strength Potion"},{"floor":8,"key":"Strength Potion"},{"floor":10,"key":"Dexterity Potion"},{"floor":12,"key":"Ancient Potion"},{"floor":16,"key":"Poison Potion"},{"floor":21,"key":"Weak Potion"}],"is_trial":false,"path_per_floor":["M","M","M","?","M","E","M","E","T","M","?","?","R","M","R","B",null,"M","M","$","M","?","R","E"],"character_chosen":"IRONCLAD","items_purchased":["FossilizedHelix","Flash of Steel","Heavy Blade","True Grit"],"campfire_rested":0,"item_purchase_floors":[20,20,20,20],"current_hp_per_floor":[77,79,78,78,78,52,50,39,39,42,42,46,46,51,51,26,67,68,60,60,59,59,59,0],"gold":45,"neow_bonus":"REMOVE_TWO","is_prod":false,"is_daily":false,"chose_seed":false,"campfire_upgraded":3,"win_rate":0,"timestamp":1551389772,"path_taken":["M","M","?","?","M","E","M","E","T","M","?","?","R","M","R","BOSS","M","M","$","M","?","R","E"],"build_version":"2019-01-23","purchased_purges":1,"victory":false,"max_hp_per_floor":[80,80,80,80,80,80,80,80,80,80,80,80,80,80,80,80,80,80,80,80,80,80,80,80],"card_choices":[{"not_picked":["Headbutt","Havoc"],"picked":"Shrug It Off","floor":1},{"not_picked":["Entrench","Wild Strike"],"picked":"Perfected Strike","floor":2},{"not_picked":["Entrench","Hemokinesis","Intimidate"],"picked":"SKIP","floor":3},{"not_picked":["Feel No Pain","Cleave"],"picked":"Twin Strike","floor":5},{"not_picked":["Burning Pact","Feel No Pain","Evolve"],"picked":"SKIP","floor":6},{"not_picked":["Metallicize","Heavy Blade"],"picked":"Thunderclap","floor":7},{"not_picked":["Combust","Twin Strike"],"picked":"Shrug It Off","floor":8},{"not_picked":["Second Wind","Headbutt","Evolve"],"picked":"SKIP","floor":10},{"not_picked":["Pummel","Warcry"],"picked":"Twin Strike","floor":12},{"not_picked":["Armaments","Infernal Blade"],"picked":"Reaper","floor":14},{"not_picked":["Berserk","Bludgeon"],"picked":"Limit Break","floor":16},{"not_picked":["True Grit+1","Carnage"],"picked":"Flame Barrier+1","floor":18},{"not_picked":["Sentinel","Warcry"],"picked":"Clothesline","floor":19},{"not_picked":["Sword Boomerang","Havoc","Iron Wave"],"picked":"SKIP","floor":21}],"player_experience":331454,"relics_obtained":[{"floor":6,"key":"Dream Catcher"},{"floor":8,"key":"The Courier"},{"floor":9,"key":"Omamori"},{"floor":12,"key":"Odd Mushroom"}],"event_choices":[{"damage_healed":0,"gold_gain":0,"player_choice":"Grow","damage_taken":0,"max_hp_gain":0,"max_hp_loss":0,"event_name":"Living Wall","floor":4,"gold_loss":0,"cards_upgraded":["Perfected Strike"]},{"damage_healed":0,"gold_gain":0,"player_choice":"Box","damage_taken":0,"relics_obtained":["MawBank"],"max_hp_gain":0,"max_hp_loss":0,"event_name":"Big Fish","floor":11,"gold_loss":0,"cards_obtained":["Regret"]},{"damage_healed":0,"gold_gain":0,"player_choice":"Fought Mushrooms","damage_taken":0,"max_hp_gain":0,"max_hp_loss":0,"event_name":"Mushrooms","floor":12,"gold_loss":0},{"damage_healed":0,"gold_gain":0,"player_choice":"Smashed Altar","damage_taken":0,"max_hp_gain":0,"max_hp_loss":0,"event_name":"Forgotten Altar","floor":22,"gold_loss":0,"cards_obtained":["Decay"]}],"is_beta":false,"boss_relics":[{"not_picked":["Black Star","Runic Dome"],"picked":"Velvet Choker"}],"items_purged_floors":[20],"is_endless":false,"potions_floor_spawned":[5,6,8,10,12,16,21],"killed_by":"Gremlin Leader","ascension_level":10}