{"gold_per_floor":[109,122,139,64,75,75,88,88,88,88,119,136,136,169,169,169],"floor_reached":16,"playtime":724,"items_purged":["Strike_R"],"score":134,"play_id":"533617b2-7cac-448c-9edb-5b5f27686d64","local_time":"20190620214501","is_ascension_mode":true,"campfire_choices":[{"data":"Rampage","floor":6,"key":"SMITH"},{"data":"Anger","floor":10,"key":"SMITH"},{"data":"Defend_R","floor":15,"key":"SMITH"}],"neow_cost":"NONE","seed_source_timestamp":100542634267289,"circlet_count":0,"master_deck":["Strike_R","Strike_R","Strike_R","Strike_R","Defend_R","Defend_R","Defend_R","Defend_R+1","Bash+1","Rampage+1","Headbutt","Anger+1","Armaments+1","Cleave","Shrug It Off"],"relics":["Burning Blood","Letter Opener","Strawberry","Golden Idol","Matryoshka"],"potions_floor_usage":[7,11,11,14],"damage_taken":[{"damage":7,"enemies":"2 Louse","floor":1,"turns":3},{"damage":7,"enemies":"Jaw Worm","floor":2,"turns":2},{"damage":1,"enemies":"Cultist","floor":3,"turns":3},{"damage":7,"enemies":"Looter","floor":5,"turns":3},{"damage":0,"enemies":"Gremlin Gang","floor":7,"turns":2},{"damage":15,"enemies":"Lagavulin","floor":11,"turns":3},{"damage":7,"enemies":"2 Fungi Beasts","floor":12,"turns":3},{"damage":16,"enemies":"Gremlin Nob","floor":14,"turns":3},{"damage":46,"enemies":"Hexaghost","floor":16,"turns":7}],"seed_played":"-872914868625087005","potions_obtained":[{"floor":2,"key":"Explosive Potion"},{"floor":5,"key":"SkillPotion"},{"floor":7,"key":"SteroidPotion"},{"floor":12,"key":"SkillPotion"}],"is_trial":false,"path_per_floor":["M","M","M","$","M","R","M","?","T","R","E","M","?","E","R","B"],"character_chosen":"IRONCLAD","items_purchased":[],"campfire_rested":0,"item_purchase_floors":[],"current_hp_per_floor":[79,78,80,80,79,79,80,80,80,80,78,77,56,46,46,0],"gold":169,"neow_bonus":"UPGRADE_CARD","is_prod":false,"is_daily":false,"chose_seed":false,"campfire_upgraded":3,"win_rate":0,"timestamp":1561092301,"path_taken":["M","M","M","$","M","R","M","?","T","R","E","M","?","E","R","BOSS"],"build_version":"2019-01-23","purchased_purges":1,"victory":false,"max_hp_per_floor":[80,80,80,80,80,80,80,80,80,80,87,87,87,87,87,87],"card_choices":[{"not_picked":["Anger","Armaments"],"picked":"Rampage","floor":1},{"not_picked":["Flex","Dual Wield"],"picked":"Headbutt","floor":2},{"not_picked":["Uppercut","Reckless Charge","Dual Wield"],"picked":"SKIP","floor":3},{"not_picked":["Searing Blow","Twin Strike"],"picked":"Anger","floor":5},{"not_picked":["Anger","Flex"],"picked":"Armaments","floor":7},{"not_picked":["Twin Strike","Thunderclap"],"picked":"Cleave","floor":11},{"not_picked":["Dark Embrace","Clash","Blood for Blood"],"picked":"SKIP","floor":12},{"not_picked":["Wild Strike","Clash"],"picked":"Shrug It Off","floor":14}],"player_experience":448955,"relics_obtained":[{"floor":9,"key":"Letter Opener"},{"floor":11,"key":"Strawberry"},{"floor":14,"key":"Matryoshka"}],"event_choices":[{"damage_healed":0,"gold_gain":0,"player_choice":"Grow","damage_taken":0,"max_hp_gain":0,"max_hp_loss":0,"event_name":"Living Wall","floor":8,"gold_loss":0,"cards_upgraded":["Armaments"]},{"damage_healed":0,"gold_gain":0,"player_choice":"Take Damage","damage_taken":21,"relics_obtained":["Golden Idol"],"max_hp_gain":0,"max_hp_loss":0,"event_name":"Golden Idol","floor":13,"gold_loss":0}],"is_beta":false,"boss_relics":[],"items_purged_floors":[4],"is_endless":false,"potions_floor_spawned":[2,5,7,12],"killed_by":"Hexaghost","ascension_level":4}