{"gold_per_floor":[217,217,217,233,252,252,252,252,322,322,338,338,370,390,390,462,462,474,474,494,46,96,96,126,137,137,56,56,71,86,103,103,103],"floor_reached":33,"playtime":1476,"items_purged":["Decay"],"score":494,"play_id":"7b9d4e26-ee5b-412f-9891-1aebb6e10ffe","local_time":"20190607201009","is_ascension_mode":true,"campfire_choices":[{"data":"Underhanded Strike","floor":6,"key":"SMITH"},{"data":"Backstab","floor":10,"key":"SMITH"},{"data":"Dodge and Roll","floor":12,"key":"SMITH"},{"floor":15,"key":"REST"},{"floor":23,"key":"REST"},{"floor":28,"key":"REST"},{"floor":32,"key":"REST"}],"neow_cost":"NONE","seed_source_timestamp":534783997332149,"circlet_count":0,"master_deck":["AscendersBane","Defend_G","Defend_G+1","Defend_G","Defend_G","Defend_G","Strike_G","Strike_G","Strike_G","Strike_G+1","Survivor","Neutralize","Underhanded Strike+1","Backstab+1","Crippling Poison","Dodge and Roll+1","Finisher+1","Sucker Punch+1","Glass Knife+1","Sucker Punch+1","Cloak And Dagger","Quick Slash+1","All Out Attack+1","Backflip","Noxious Fumes","Expertise","Venomology","Tactician+1","Leg Sweep","Dagger Throw+1","Cloak And Dagger+1","Underhanded Strike+1"],"relics":["Ring of the Snake","Oddly Smooth Stone","Molten Egg 2","Smiling Mask","Orrery","Ice Cream","Matryoshka","Bag of Marbles","Darkstone Periapt"],"potions_floor_usage":[13,13,20,29,30,31,31,33],"damage_taken":[{"damage":0,"enemies":"2 Louse","floor":1,"turns":2},{"damage":0,"enemies":"Jaw Worm","floor":4,"turns":4},{"damage":0,"enemies":"Cultist","floor":5,"turns":4},{"damage":5,"enemies":"Looter","floor":11,"turns":3},{"damage":20,"enemies":"Lagavulin","floor":13,"turns":8},{"damage":0,"enemies":"3 Louse","floor":14,"turns":3},{"damage":28,"enemies":"The Guardian","floor":16,"turns":21},{"damage":5,"enemies":"3 Byrds","floor":18,"turns":6},{"damage":7,"enemies":"Shell Parasite","floor":20,"turns":5},{"damage":26,"enemies":"Slavers","floor":24,"turns":7},{"damage":19,"enemies":"3 Cultists","floor":25,"turns":5},{"damage":10,"enemies":"Snake Plant","floor":29,"turns":4},{"damage":18,"enemies":"Shelled Parasite and Fungi","floor":30,"turns":11},{"damage":0,"enemies":"3 Cultists","floor":31,"turns":5},{"damage":25,"enemies":"Collector","floor":33,"turns":3}],"seed_played":"-2588529896163758269","potions_obtained":[{"floor":1,"key":"Block Potion"},{"floor":11,"key":"GamblersBrew"},{"floor":16,"key":"Fire Potion"},{"floor":30,"key":"Fire Potion"},{"floor":31,"key":"SpeedPotion"}],"is_trial":false,"path_per_floor":["M","?","?","M","M","R","?","?","T","R","M","R","E","M","R","B",null,"M","?","M","$","?","R","E","M","T","$","R","M","M","M","R","B"],"character_chosen":"THE_SILENT","items_purchased":["Ice Cream","Expertise","Leg Sweep"],"campfire_rested":4,"item_purchase_floors":[21,21,27],"current_hp_per_floor":[59,39,39,39,39,39,39,39,39,39,34,34,14,14,33,5,51,46,46,39,39,39,58,32,13,13,13,32,22,4,4,23,0],"gold":103,"neow_bonus":"HUNDRED_GOLD","is_prod":false,"is_daily":false,"chose_seed":false,"campfire_upgraded":3,"win_rate":0,"timestamp":1559963409,"path_taken":["M","?","?","M","?","R","?","?","T","R","M","R","E","?","R","BOSS","M","?","M","$","?","R","E","M","T","$","R","M","M","M","R","BOSS"],"build_version":"2019-01-23","purchased_purges":1,"victory":false,"max_hp_per_floor":[66,66,66,66,66,66,66,66,66,66,66,66,66,66,66,66,66,66,66,66,66,66,66,66,66,66,66,66,66,66,66,66,66],"card_choices":[{"not_picked":["Accuracy","Backflip"],"picked":"Underhanded Strike","floor":1},{"not_picked":["Bane","Outmaneuver"],"picked":"Backstab","floor":4},{"not_picked":["Masterful Stab","Tactician"],"picked":"Crippling Poison","floor":5},{"not_picked":["Outmaneuver","Slice+1"],"picked":"Dodge and Roll","floor":11},{"not_picked":["Prepared","Grand Finale+1"],"picked":"Finisher+1","floor":13},{"not_picked":["Infinite Blades","Bane+1"],"picked":"Sucker Punch+1","floor":14},{"not_picked":["Doppelganger","Tools of the Trade"],"picked":"Glass Knife+1","floor":16},{"not_picked":["Slice+1","Eviscerate+1"],"picked":"Sucker Punch+1","floor":17},{"not_picked":["Deflect","Calculated Gamble"],"picked":"Cloak And Dagger","floor":17},{"not_picked":["Sucker Punch+1","Prepared"],"picked":"Quick Slash+1","floor":17},{"not_picked":["Flying Knee+1","Night Terror"],"picked":"All Out Attack+1","floor":17},{"not_picked":["Flying Knee+1","Masterful Stab+1"],"picked":"Backflip","floor":18},{"not_picked":["Infinite Blades","Calculated Gamble"],"picked":"Noxious Fumes","floor":20},{"not_picked":["Quick Slash+1","Expertise"],"picked":"Venomology","floor":24},{"not_picked":["Deadly Poison","Quick Slash+1"],"picked":"Tactician+1","floor":25},{"not_picked":["PiercingWail","Terror"],"picked":"Dagger Throw+1","floor":29},{"not_picked":["Dodge and Roll","Tactician"],"picked":"Cloak And Dagger+1","floor":30},{"not_picked":["Dagger Spray+1","Crippling Poison"],"picked":"Underhanded Strike+1","floor":31}],"player_experience":966835,"relics_obtained":[{"floor":3,"key":"Oddly Smooth Stone"},{"floor":9,"key":"Molten Egg 2"},{"floor":13,"key":"Smiling Mask"},{"floor":24,"key":"Matryoshka"},{"floor":26,"key":"Bag of Marbles"},{"floor":26,"key":"Darkstone Periapt"}],"event_choices":[{"damage_healed":0,"gold_gain":0,"player_choice":"Entered Light","damage_taken":20,"max_hp_gain":0,"max_hp_loss":0,"event_name":"Shining Light","floor":2,"gold_loss":0,"cards_upgraded":["Defend_G","Strike_G"]},{"damage_healed":0,"gold_gain":0,"player_choice":"Relic","damage_taken":0,"max_hp_gain":0,"max_hp_loss":0,"event_name":"Wheel of Change","floor":3,"gold_loss":0},{"damage_healed":0,"gold_gain":0,"player_choice":"Searched \u00270\u0027 times","damage_taken":0,"max_hp_gain":0,"max_hp_loss":0,"event_name":"Dead Adventurer","floor":7,"gold_loss":0},{"cards_removed":["Strike_G"],"damage_healed":0,"gold_gain":0,"player_choice":"Offered Basic","damage_taken":0,"max_hp_gain":0,"max_hp_loss":0,"event_name":"Bonfire Elementals","floor":8,"gold_loss":0},{"damage_healed":0,"gold_gain":0,"player_choice":"Smashed Altar","damage_taken":0,"max_hp_gain":0,"max_hp_loss":0,"event_name":"Forgotten Altar","floor":19,"gold_loss":0,"cards_obtained":["Decay"]},{"damage_healed":0,"gold_gain":50,"player_choice":"Pray","damage_taken":0,"max_hp_gain":0,"max_hp_loss":0,"event_name":"Golden Shrine","floor":22,"gold_loss":0}],"is_beta":false,"boss_relics":[{"not_picked":["Philosopher\u0027s Stone","Tiny House"],"picked":"Orrery"}],"items_purged_floors":[21],"is_endless":false,"potions_floor_spawned":[1,11,16,30,31],"killed_by":"Collector","ascension_level":17}