{"gold_per_floor":[114,131,131,142,157,157,168,186,186,186,214,230,250,50,50,145,145,162,177,195,2,2],"floor_reached":22,"playtime":1001,"items_purged":["Searing Blow"],"score":230,"play_id":"72b2ccba-cef3-408f-8677-30a5b11a3ce5","local_time":"20190625004903","is_ascension_mode":true,"campfire_choices":[{"data":"Searing Blow","floor":6,"key":"SMITH"},{"data":"Searing Blow+1","floor":10,"key":"SMITH"},{"data":"Searing Blow+2","floor":15,"key":"SMITH"}],"neow_cost":"TEN_PERCENT_HP_LOSS","seed_source_timestamp":171723932199930,"circlet_count":0,"master_deck":["Bash","Seeing Red","Searing Blow+3","Perfected Strike","Wild Strike","Iron Wave","True Grit","Exhume","Shrug It Off","Offering","Whirlwind","Bloodletting","Whirlwind","Corruption","Spot Weakness","Exhume","Thunderclap","Flame Barrier","Entrench+1","Power Through","Shrug It Off","Finesse"],"relics":["Burning Blood","Calipers","Matryoshka","Mummified Hand","Lee\u0027s Waffle","Pandora\u0027s Box"],"potions_floor_usage":[7,7,11,12,22,22],"damage_taken":[{"damage":0,"enemies":"2 Louse","floor":1,"turns":3},{"damage":6,"enemies":"Cultist","floor":2,"turns":3},{"damage":7,"enemies":"Jaw Worm","floor":4,"turns":3},{"damage":7,"enemies":"Looter","floor":5,"turns":4},{"damage":28,"enemies":"Exordium Thugs","floor":7,"turns":6},{"damage":9,"enemies":"3 Louse","floor":8,"turns":3},{"damage":5,"enemies":"Gremlin Nob","floor":11,"turns":3},{"damage":12,"enemies":"Blue Slaver","floor":12,"turns":4},{"damage":11,"enemies":"Looter","floor":13,"turns":2},{"damage":64,"enemies":"Slime Boss","floor":16,"turns":11},{"damage":13,"enemies":"Chosen","floor":18,"turns":4},{"damage":39,"enemies":"Shell Parasite","floor":19,"turns":4},{"damage":28,"enemies":"Centurion and Healer","floor":20,"turns":3},{"damage":24,"enemies":"Snake Plant","floor":22,"turns":2}],"seed_played":"-3266632394941556271","potions_obtained":[{"floor":1,"key":"Dexterity Potion"},{"floor":4,"key":"BloodPotion"},{"floor":8,"key":"PowerPotion"},{"floor":11,"key":"BloodPotion"},{"floor":16,"key":"Strength Potion"},{"floor":19,"key":"SteroidPotion"}],"is_trial":false,"path_per_floor":["M","M","?","M","M","R","M","M","T","R","E","M","M","$","R","B",null,"M","M","M","$","M"],"character_chosen":"IRONCLAD","items_purchased":["Lee\u0027s Waffle","Shrug It Off","Finesse"],"campfire_rested":0,"item_purchase_floors":[14,21,21],"current_hp_per_floor":[72,72,72,71,70,70,55,52,52,52,53,54,49,79,79,21,79,72,39,17,17,0],"gold":2,"neow_bonus":"ONE_RARE_RELIC","is_prod":false,"is_daily":false,"chose_seed":false,"campfire_upgraded":3,"win_rate":0,"timestamp":1561448943,"path_taken":["M","M","?","M","M","R","?","M","T","R","E","M","M","$","R","BOSS","M","M","M","$","M"],"build_version":"2019-01-23","purchased_purges":1,"victory":false,"max_hp_per_floor":[72,72,72,72,72,72,72,72,72,72,72,72,72,79,79,79,79,79,79,79,79,79],"card_choices":[{"not_picked":["Entrench","Shockwave"],"picked":"Seeing Red","floor":1},{"not_picked":["Evolve","Flex"],"picked":"Searing Blow","floor":2},{"not_picked":["Havoc","Perfected Strike","Flex"],"picked":"SKIP","floor":4},{"not_picked":["Metallicize","True Grit"],"picked":"Wild Strike","floor":5},{"not_picked":["Combust","Twin Strike"],"picked":"Iron Wave","floor":7},{"not_picked":["Anger","Armaments"],"picked":"True Grit","floor":8},{"not_picked":["Heavy Blade","Iron Wave"],"picked":"Exhume","floor":11},{"not_picked":["Iron Wave","Twin Strike","Sword Boomerang"],"picked":"SKIP","floor":12},{"not_picked":["Wild Strike","Uppercut"],"picked":"Shrug It Off","floor":13},{"not_picked":["Limit Break","Reaper"],"picked":"Offering","floor":16},{"not_picked":["True Grit","Anger","Dropkick"],"picked":"SKIP","floor":18},{"not_picked":["Thunderclap","Havoc"],"picked":"Entrench+1","floor":19},{"not_picked":["Pummel","Spot Weakness"],"picked":"Power Through","floor":20}],"player_experience":489046,"relics_obtained":[{"floor":9,"key":"Matryoshka"},{"floor":11,"key":"Mummified Hand"}],"event_choices":[{"damage_healed":0,"gold_gain":0,"player_choice":"1 cards matched","damage_taken":0,"max_hp_gain":0,"max_hp_loss":0,"event_name":"Match and Keep!","floor":3,"gold_loss":0,"cards_obtained":["Perfected Strike"]}],"is_beta":false,"boss_relics":[{"not_picked":["Tiny House","Mark of Pain"],"picked":"Pandora\u0027s Box"}],"items_purged_floors":[21],"is_endless":false,"potions_floor_spawned":[1,4,8,11,16,19],"killed_by":"Snake Plant","ascension_level":4}