{"gold_per_floor":[116,128,128,140,152,180,180,180,230,242,281,293,305,334,346,358],"floor_reached":16,"playtime":342,"items_purged":[],"score":220,"play_id":"e1516cd8-2a0e-4c69-b162-7abe35865e42","local_time":"20190608093108","is_ascension_mode":true,"campfire_choices":[{"data":"Zap","floor":8,"key":"SMITH"},{"data":"Cold Snap","floor":10,"key":"SMITH"},{"data":"Coolheaded","floor":13,"key":"SMITH"},{"data":"Defragment","floor":15,"key":"SMITH"}],"neow_cost":"NONE","seed_source_timestamp":379730030182425,"circlet_count":0,"master_deck":["AscendersBane","Strike_B","Strike_B","Strike_B","Defend_B","Defend_B","Defend_B","Defend_B","Zap+1","Dualcast","Self Repair","Beam Cell+1","Cold Snap","Coolheaded+1","Cold Snap+1","Core Surge","Defragment+1"],"relics":["Cracked Core","NeowsBlessing","Kunai","MawBank","Smiling Mask"],"potions_floor_usage":[6,11],"damage_taken":[{"damage":0,"enemies":"Small Slimes","floor":1,"turns":1},{"damage":0,"enemies":"Cultist","floor":2,"turns":1},{"damage":0,"enemies":"Jaw Worm","floor":4,"turns":1},{"damage":7,"enemies":"Blue Slaver","floor":5,"turns":3},{"damage":27,"enemies":"Gremlin Nob","floor":6,"turns":4},{"damage":19,"enemies":"3 Sentries","floor":11,"turns":11},{"damage":11,"enemies":"Looter","floor":14,"turns":2},{"damage":27,"enemies":"The Guardian","floor":16,"turns":2}],"seed_played":"-7201655511850029619","potions_obtained":[{"floor":1,"key":"EssenceOfSteel"},{"floor":2,"key":"Dexterity Potion"},{"floor":4,"key":"FocusPotion"}],"is_trial":false,"path_per_floor":["M","M","?","M","M","E","$","R","T","R","E","?","R","M","R","B"],"character_chosen":"DEFECT","items_purchased":[],"campfire_rested":0,"item_purchase_floors":[],"current_hp_per_floor":[64,64,64,64,64,37,37,37,37,37,25,25,25,21,21,0],"gold":358,"neow_bonus":"THREE_ENEMY_KILL","is_prod":false,"is_daily":false,"chose_seed":false,"campfire_upgraded":4,"win_rate":0,"timestamp":1560000668,"path_taken":["M","M","?","M","M","E","?","R","T","R","E","?","R","M","R","BOSS"],"build_version":"2019-01-23","purchased_purges":0,"victory":false,"max_hp_per_floor":[71,71,71,71,71,71,71,71,71,71,71,71,71,71,71,71],"card_choices":[{"not_picked":["Genetic Algorithm","Beam Cell"],"picked":"Self Repair","floor":1},{"not_picked":["Gash","Turbo"],"picked":"Beam Cell","floor":2},{"not_picked":["Stack","Rebound"],"picked":"Cold Snap","floor":4},{"not_picked":["Hologram","Leap"],"picked":"Coolheaded","floor":5},{"not_picked":["Hyperbeam","Turbo"],"picked":"Cold Snap","floor":6},{"not_picked":["Gash","FTL"],"picked":"Core Surge","floor":11},{"not_picked":["Cold Snap","Steam"],"picked":"Defragment","floor":14}],"player_experience":866338,"relics_obtained":[{"floor":6,"key":"Kunai"},{"floor":9,"key":"MawBank"},{"floor":11,"key":"Smiling Mask"}],"event_choices":[{"damage_healed":0,"gold_gain":0,"player_choice":"Upgraded","damage_taken":0,"max_hp_gain":0,"max_hp_loss":0,"event_name":"Upgrade Shrine","floor":3,"gold_loss":0,"cards_upgraded":["Beam Cell"]},{"cards_removed":["Strike_B"],"damage_healed":0,"gold_gain":0,"player_choice":"Purged","damage_taken":0,"max_hp_gain":0,"max_hp_loss":0,"event_name":"Purifier","floor":12,"gold_loss":0}],"is_beta":false,"boss_relics":[],"items_purged_floors":[],"is_endless":false,"potions_floor_spawned":[1,2,4],"killed_by":"The Guardian","ascension_level":20}