{"gold_per_floor":[210,227,244,144,162,191,191,191,191,191,266,98,116,135,135,135],"floor_reached":16,"playtime":463,"items_purged":["Strike_B","Strike_B"],"score":127,"play_id":"82873d39-5935-4a48-8107-e5cec0e84864","local_time":"20190513084230","is_ascension_mode":false,"campfire_choices":[{"floor":7,"key":"REST"},{"data":"Fusion","floor":10,"key":"SMITH"},{"floor":15,"key":"REST"}],"neow_cost":"NONE","seed_source_timestamp":565551853990323,"circlet_count":0,"master_deck":["Strike_B","Strike_B","Defend_B","Defend_B","Defend_B","Defend_B","Zap","Dualcast","Consume+1","Redo","Fusion+1","Gash","Self Repair","Defragment"],"relics":["Cracked Core","Mango","Incense Burner"],"potions_floor_usage":[3],"damage_taken":[{"damage":2,"enemies":"2 Louse","floor":1,"turns":2},{"damage":0,"enemies":"Small Slimes","floor":2,"turns":2},{"damage":1,"enemies":"Cultist","floor":3,"turns":3},{"damage":35,"enemies":"Gremlin Gang","floor":5,"turns":3},{"damage":39,"enemies":"Lagavulin","floor":6,"turns":7},{"damage":4,"enemies":"Blue Slaver","floor":13,"turns":3},{"damage":17,"enemies":"3 Louse","floor":14,"turns":3},{"damage":49,"enemies":"The Guardian","floor":16,"turns":10}],"seed_played":"2737238359018672242","potions_obtained":[{"floor":1,"key":"Dexterity Potion"},{"floor":3,"key":"Fruit Juice"}],"is_trial":false,"path_per_floor":["M","M","M","$","M","E","R","?","T","R","?","$","M","M","R","B"],"character_chosen":"DEFECT","items_purchased":["Gash","Defragment"],"campfire_rested":2,"item_purchase_floors":[4,12],"current_hp_per_floor":[73,73,77,77,42,17,45,45,45,45,34,34,37,20,48,0],"gold":135,"neow_bonus":"HUNDRED_GOLD","is_prod":false,"is_daily":false,"chose_seed":false,"campfire_upgraded":1,"win_rate":0,"timestamp":1557751350,"path_taken":["M","M","M","$","M","E","R","?","T","R","?","$","M","M","R","BOSS"],"build_version":"2019-01-23","purchased_purges":2,"victory":false,"max_hp_per_floor":[75,75,80,80,80,94,94,94,94,94,94,94,94,94,94,94],"card_choices":[{"not_picked":["Sweeping Beam","Force Field"],"picked":"Consume","floor":1},{"not_picked":["Barrage","Cold Snap"],"picked":"Redo","floor":2},{"not_picked":["FTL","Coolheaded"],"picked":"Fusion","floor":3},{"not_picked":["Tempest","Genetic Algorithm","Aggregate"],"picked":"SKIP","floor":5},{"not_picked":["Cold Snap","Go for the Eyes"],"picked":"Self Repair","floor":6},{"not_picked":["Multi-Cast","Beam Cell","Turbo"],"picked":"SKIP","floor":13},{"not_picked":["Leap","Steam Power","Self Repair"],"picked":"SKIP","floor":14}],"player_experience":699292,"relics_obtained":[{"floor":6,"key":"Mango"},{"floor":9,"key":"Incense Burner"}],"event_choices":[{"damage_healed":0,"gold_gain":0,"player_choice":"Grow","damage_taken":0,"max_hp_gain":0,"max_hp_loss":0,"event_name":"Living Wall","floor":8,"gold_loss":0,"cards_upgraded":["Consume"]},{"damage_healed":0,"gold_gain":75,"player_choice":"Gather Gold","damage_taken":11,"max_hp_gain":0,"max_hp_loss":0,"event_name":"World of Goop","floor":11,"gold_loss":0}],"is_beta":false,"boss_relics":[],"items_purged_floors":[4,12],"is_endless":false,"potions_floor_spawned":[1,3],"killed_by":"The Guardian","ascension_level":0}