{"gold_per_floor":[119,194,144,19,33,33,59,33,33,52,80,80,98,98,98,228,228,244,244,62,82,101,134,134,168,193,193,123,136,136,150,150,278,278,301,130,144,75,90,126,126,170,245,245,245,261,261,261,261,261],"floor_reached":51,"playtime":3144,"items_purged":["Defend_B","Meteor Strike"],"score":1137,"play_id":"73a1dba2-ad5b-43f4-b305-ffc49a47cb9e","local_time":"20190220214212","is_ascension_mode":true,"campfire_choices":[{"data":"Dualcast","floor":6,"key":"SMITH"},{"floor":15,"key":"REST"},{"floor":24,"key":"REST"},{"floor":27,"key":"REST"},{"floor":30,"key":"REST"},{"floor":32,"key":"REST"},{"data":"Defragment","floor":41,"key":"SMITH"},{"floor":44,"key":"REST"},{"data":"Fusion","floor":47,"key":"SMITH"},{"floor":49,"key":"REST"}],"neow_cost":"NONE","seed_source_timestamp":438258064389101,"circlet_count":0,"master_deck":["AscendersBane","Zap+1","Dualcast+1","Auto Shields","Sweeping Beam","Electrodynamics","Ball Lightning","Cold Snap","Sunder+1","Defragment+1","Echo Form","Leap","Skim","Capacitor+1","Reinforced Body+1","Defragment","Redo+1","Conserve Battery+1","Self Repair+1","Darkness+1","Machine Learning","Cold Snap","Fusion+1","Buffer","Seek","Biased Cognition","Defragment+1","Blizzard","Self Repair","Parasite","Stack","Go for the Eyes+1","Machine Learning","Finesse","FTL+1"],"relics":["FrozenCore","Art of War","Dodecahedron","Blood Vial","Golden Idol","Oddly Smooth Stone","Prayer Wheel","Anchor","Whetstone","Pandora\u0027s Box","Mercury Hourglass","Question Card","Symbiotic Virus"],"potions_floor_usage":[7,16,18,22,23,25,29,40,50],"damage_taken":[{"damage":2,"enemies":"2 Louse","floor":1,"turns":2},{"damage":12,"enemies":"Small Slimes","floor":5,"turns":3},{"damage":10,"enemies":"3 Sentries","floor":7,"turns":3},{"damage":2,"enemies":"Jaw Worm","floor":10,"turns":3},{"damage":18,"enemies":"Lagavulin","floor":11,"turns":6},{"damage":0,"enemies":"3 Louse","floor":13,"turns":2},{"damage":23,"enemies":"The Guardian","floor":16,"turns":9},{"damage":4,"enemies":"Chosen","floor":18,"turns":4},{"damage":4,"enemies":"Spheric Guardian","floor":21,"turns":6},{"damage":21,"enemies":"Snake Plant","floor":22,"turns":6},{"damage":29,"enemies":"Slavers","floor":23,"turns":5},{"damage":21,"enemies":"Gremlin Leader","floor":25,"turns":6},{"damage":34,"enemies":"Shelled Parasite and Fungi","floor":29,"turns":6},{"damage":20,"enemies":"Centurion and Healer","floor":31,"turns":8},{"damage":17,"enemies":"Champ","floor":33,"turns":12},{"damage":42,"enemies":"3 Darklings","floor":35,"turns":6},{"damage":35,"enemies":"3 Shapes","floor":37,"turns":5},{"damage":0,"enemies":"Writhing Mass","floor":39,"turns":7},{"damage":23,"enemies":"Nemesis","floor":40,"turns":11},{"damage":49,"enemies":"Giant Head","floor":42,"turns":11},{"damage":1,"enemies":"Maw","floor":46,"turns":6},{"damage":61,"enemies":"Awakened One","floor":50,"turns":17}],"seed_played":"7235179243400384920","potions_obtained":[{"floor":1,"key":"Poison Potion"},{"floor":5,"key":"Strength Potion"},{"floor":10,"key":"Fire Potion"},{"floor":13,"key":"Strength Potion"},{"floor":18,"key":"Fruit Juice"},{"floor":21,"key":"SkillPotion"},{"floor":23,"key":"Weak Potion"},{"floor":25,"key":"GamblersBrew"},{"floor":33,"key":"SteroidPotion"},{"floor":35,"key":"EssenceOfSteel"},{"floor":46,"key":"Regen Potion"}],"is_trial":false,"path_per_floor":["M","?","?","$","M","R","E","$","T","M","E","?","M","?","R","B",null,"M","?","$","M","M","E","R","E","T","R","$","M","R","M","R","B",null,"M","$","M","$","M","E","R","E","T","R","?","M","R","?","R","B",null],"character_chosen":"DEFECT","items_purchased":["Sweeping Beam","Cold Snap","Oddly Smooth Stone","Leap","Defragment","Blizzard","Self Repair"],"campfire_rested":7,"item_purchase_floors":[4,8,20,20,28,36,38],"current_hp_per_floor":[66,55,55,55,43,43,33,33,33,31,13,13,15,15,35,14,55,58,58,58,56,37,10,32,13,13,35,35,3,25,7,29,24,62,42,42,19,19,45,58,58,28,28,50,50,61,61,61,74,45],"gold":261,"neow_bonus":"UPGRADE_CARD","is_prod":false,"is_daily":false,"chose_seed":false,"campfire_upgraded":3,"win_rate":0,"timestamp":1550716932,"path_taken":["M","?","?","?","M","R","E","$","T","M","E","?","M","?","R","BOSS","M","?","$","M","M","E","R","E","T","R","$","M","R","M","R","BOSS","M","$","M","$","M","E","R","E","T","R","?","M","R","?","R","BOSS"],"build_version":"2019-01-23","purchased_purges":2,"victory":true,"max_hp_per_floor":[75,75,75,75,75,75,75,75,75,75,75,75,75,69,69,69,69,74,74,74,74,74,74,74,74,74,74,74,74,74,74,74,74,74,74,74,74,74,74,74,74,74,74,74,74,74,74,74,74,74],"card_choices":[{"not_picked":["Steam","Rebound"],"picked":"Auto Shields","floor":1},{"not_picked":["Turbo","Barrage"],"picked":"Electrodynamics","floor":5},{"not_picked":["Meteor Strike","Compile Driver"],"picked":"Ball Lightning","floor":7},{"not_picked":["Redo","Chaos"],"picked":"Sunder","floor":10},{"not_picked":["Coolheaded","Hologram"],"picked":"Defragment","floor":11},{"not_picked":["Hologram","Beam Cell","Sweeping Beam"],"picked":"SKIP","floor":13},{"not_picked":["Biased Cognition","Electrodynamics"],"picked":"Echo Form","floor":16},{"not_picked":["Compile Driver","FTL","Beam Cell+1"],"picked":"SKIP","floor":18},{"not_picked":["Compile Driver","Hologram"],"picked":"Skim","floor":21},{"not_picked":["Hologram","Electrodynamics","Barrage"],"picked":"SKIP","floor":22},{"not_picked":["Compile Driver","Fusion"],"picked":"Capacitor+1","floor":23},{"not_picked":["Genetic Algorithm","Streamline"],"picked":"Reinforced Body+1","floor":25},{"not_picked":["Barrage","Ball Lightning+1"],"picked":"Redo+1","floor":29},{"not_picked":["Steam","Hologram"],"picked":"Conserve Battery+1","floor":29},{"not_picked":["Force Field","Reprogram+1"],"picked":"Self Repair+1","floor":31},{"not_picked":["Chaos","Redo+1"],"picked":"Darkness+1","floor":31},{"not_picked":["All For One","Rainbow"],"picked":"Machine Learning","floor":33},{"not_picked":["Undo+1","Compile Driver+1"],"picked":"Defragment+1","floor":35},{"not_picked":["Fusion","Steam","Chill"],"picked":"SKIP","floor":35},{"not_picked":["Cold Snap","Rebound+1","Lockon+1"],"picked":"SKIP","floor":37},{"not_picked":["Steam+1","Hologram","Chill"],"picked":"SKIP","floor":37},{"not_picked":["Rebound","Steam"],"picked":"Stack","floor":39},{"not_picked":["Genetic Algorithm","Sunder"],"picked":"Go for the Eyes+1","floor":39},{"not_picked":["Skim+1","Beam Cell+1","Electrodynamics"],"picked":"SKIP","floor":40},{"not_picked":["Ball Lightning","Barrage+1"],"picked":"Machine Learning","floor":42},{"not_picked":["Dramatic Entrance","Mayhem","Chrysalis"],"picked":"Finesse","floor":45},{"not_picked":["Barrage+1","Steam Power+1","Hologram+1"],"picked":"FTL+1","floor":46},{"not_picked":["Force Field","Darkness","Streamline+1","Rip and Tear"],"picked":"SKIP","floor":46}],"player_experience":296944,"relics_obtained":[{"floor":7,"key":"Art of War"},{"floor":9,"key":"Dodecahedron"},{"floor":11,"key":"Blood Vial"},{"floor":23,"key":"Prayer Wheel"},{"floor":25,"key":"Anchor"},{"floor":26,"key":"Whetstone"},{"floor":40,"key":"Mercury Hourglass"},{"floor":42,"key":"Question Card"},{"floor":43,"key":"Symbiotic Virus"}],"event_choices":[{"damage_healed":0,"gold_gain":75,"player_choice":"Gather Gold","damage_taken":11,"max_hp_gain":0,"max_hp_loss":0,"event_name":"World of Goop","floor":2,"gold_loss":0},{"cards_removed":["Strike_B"],"damage_healed":0,"gold_gain":0,"player_choice":"Card Removal","damage_taken":0,"max_hp_gain":0,"max_hp_loss":0,"event_name":"The Cleric","floor":3,"gold_loss":50},{"damage_healed":0,"gold_gain":0,"player_choice":"Fled","damage_taken":0,"max_hp_gain":0,"max_hp_loss":0,"event_name":"Scrap Ooze","floor":12,"gold_loss":0},{"damage_healed":0,"gold_gain":0,"player_choice":"Lose Max HP","damage_taken":0,"relics_obtained":["Golden Idol"],"max_hp_gain":0,"max_hp_loss":6,"event_name":"Golden Idol","floor":14,"gold_loss":0},{"damage_healed":0,"gold_gain":0,"player_choice":"Ignored","damage_taken":0,"max_hp_gain":0,"max_hp_loss":0,"event_name":"Ghosts","floor":19,"gold_loss":0},{"damage_healed":0,"gold_gain":0,"player_choice":"Memory 1","damage_taken":0,"max_hp_gain":0,"max_hp_loss":0,"event_name":"SensoryStone","floor":45,"gold_loss":0},{"damage_healed":0,"gold_gain":0,"player_choice":"Leave","damage_taken":0,"max_hp_gain":0,"max_hp_loss":0,"event_name":"FaceTrader","floor":48,"gold_loss":0}],"is_beta":false,"boss_relics":[{"not_picked":["Coffee Dripper","Ectoplasm"],"picked":"FrozenCore"},{"not_picked":["Runic Dome","Empty Cage"],"picked":"Pandora\u0027s Box"}],"items_purged_floors":[4,36],"is_endless":false,"potions_floor_spawned":[1,5,10,11,13,18,21,23,25,33,35,46],"ascension_level":11}