{"gold_per_floor":[215,234,251,262,4,29,29,42,69,88,88,119,119,130,130,225,225,240,240,2,2,20,55,55,55,137,149,163,175,107,124,124,225,225,240,115,468,32,32,32,32,32,32,58,58,77,91,104,104,104],"floor_reached":51,"playtime":2600,"items_purged":["Strike_B","Strike_B","Defend_B"],"score":891,"play_id":"aba32514-307c-43df-97ab-6b15a1b0f17a","local_time":"20190209202731","is_ascension_mode":true,"campfire_choices":[{"data":"Loop","floor":7.0,"key":"SMITH"},{"floor":11.0,"key":"REST"},{"data":"Defragment","floor":13.0,"key":"SMITH"},{"data":"Zap","floor":15.0,"key":"SMITH"},{"floor":25,"key":"REST"},{"floor":32,"key":"REST"},{"data":"Apotheosis","floor":40,"key":"SMITH"},{"data":"Dualcast","floor":45,"key":"SMITH"},{"floor":49,"key":"REST"}],"neow_cost":"NONE","seed_source_timestamp":0,"circlet_count":0,"master_deck":["Strike_B","Strike_B","Defend_B","Defend_B","Zap+1","Dualcast+1","Defragment+1","Gash","Leap","Undo","BootSequence","Loop+1","Rebound","Glacier","Conserve Battery","Gash","Thunder Strike","Storm+1","Hologram","Rebound","Lockon","Consume+1","Capacitor","Rebound","Fusion+1","Cold Snap+1","Self Repair","Machine Learning","Capacitor+1","Apotheosis+1","Madness","Madness","Redo+1","Aggregate+1","Storm+1"],"special_seed":0,"relics":["Cracked Core","Vajra","Boot","Regal Pillow","Bronze Scales","Eternal Feather","Centennial Puzzle","Incense Burner","Mercury Hourglass","Sozu","Old Coin","Cables","Turnip","Mango"],"potions_floor_usage":[23,23,33,33,48],"damage_taken":[{"damage":1.0,"enemies":"2 Louse","floor":1.0,"turns":2.0},{"damage":0.0,"enemies":"Small Slimes","floor":2.0,"turns":2.0},{"damage":0.0,"enemies":"Cultist","floor":3.0,"turns":3.0},{"damage":8.0,"enemies":"3 Louse","floor":4.0,"turns":3.0},{"damage":8.0,"enemies":"Lagavulin","floor":6.0,"turns":6.0},{"damage":8.0,"enemies":"Exordium Wildlife","floor":8.0,"turns":4.0},{"damage":13.0,"enemies":"Large Slime","floor":10.0,"turns":5.0},{"damage":17.0,"enemies":"Gremlin Nob","floor":12.0,"turns":4.0},{"damage":0.0,"enemies":"2 Fungi Beasts","floor":14.0,"turns":3.0},{"damage":31.0,"enemies":"Slime Boss","floor":16.0,"turns":11.0},{"damage":23,"enemies":"Chosen","floor":18,"turns":7},{"damage":15,"enemies":"Spheric Guardian","floor":22,"turns":4},{"damage":27,"enemies":"Slavers","floor":23,"turns":6},{"damage":2,"enemies":"Chosen and Byrds","floor":27,"turns":4},{"damage":0,"enemies":"Centurion and Healer","floor":28,"turns":5},{"damage":9,"enemies":"Snecko","floor":29,"turns":4},{"damage":16,"enemies":"Snake Plant","floor":31,"turns":4},{"damage":9,"enemies":"Champ","floor":33,"turns":14},{"damage":0,"enemies":"3 Shapes","floor":35,"turns":4},{"damage":60,"enemies":"2 Orb Walkers","floor":37,"turns":6},{"damage":41,"enemies":"Reptomancer","floor":44,"turns":5},{"damage":13,"enemies":"3 Darklings","floor":46,"turns":4},{"damage":31,"enemies":"Sphere and 2 Shapes","floor":47,"turns":4},{"damage":20,"enemies":"Transient","floor":48,"turns":5},{"damage":39,"enemies":"Time Eater","floor":50,"turns":9}],"seed_played":"-3917513921469300922","potions_obtained":[{"floor":1.0,"key":"Swift Potion"},{"floor":3.0,"key":"Strength Potion"},{"floor":6.0,"key":"Swift Potion"},{"floor":21,"key":"EssenceOfSteel"},{"floor":28,"key":"Energy Potion"},{"floor":29,"key":"EssenceOfSteel"}],"is_trial":false,"path_per_floor":["M","M","M","M","$","E","R","M","T","M","R","E","R","M","R","B",null,"M","?","$","?","M","E","?","R","T","M","M","M","$","M","R","B",null,"M","$","?","$","?","R","?","?","T","E","R","M","M","M","R","B",null],"character_chosen":"DEFECT","items_purchased":["Vajra","BootSequence","Hologram","Rebound","Lockon","Self Repair","Apotheosis","Cables"],"campfire_rested":4,"item_purchase_floors":[5,5,20,20,20,30,38,38],"current_hp_per_floor":[74,74,74,66,66,58,58,50,50,37,74,57,57,57,57,26,75,52,52,52,52,37,10,10,62,62,60,60,51,51,42,75,73,75,75,75,22,22,66,66,58,58,58,38,56,53,29,19,79,50],"gold":104,"neow_bonus":"HUNDRED_GOLD","is_prod":false,"is_daily":false,"chose_seed":false,"campfire_upgraded":5,"win_rate":0,"timestamp":1549762051,"path_taken":["M","M","M","M","$","E","R","M","T","M","R","E","R","M","R","BOSS","M","?","$","?","?","E","?","R","T","M","M","M","?","M","R","BOSS","M","$","?","$","?","R","?","?","T","E","R","M","M","M","R","BOSS"],"build_version":"2019-01-23","purchased_purges":3,"victory":true,"max_hp_per_floor":[75,75,75,75,75,75,75,75,75,75,75,75,75,75,75,75,75,75,75,75,75,75,75,75,75,75,75,75,75,75,75,75,75,75,75,75,75,75,66,66,66,66,66,80,80,80,80,80,80,80],"card_choices":[{"not_picked":["Melter","Barrage"],"picked":"Defragment","floor":1.0},{"not_picked":["Compile Driver","Leap"],"picked":"Gash","floor":2.0},{"not_picked":["Reinforced Body","Coolheaded"],"picked":"Leap","floor":3.0},{"not_picked":["Tempest","Chaos"],"picked":"Undo","floor":4.0},{"not_picked":["Tempest","FTL"],"picked":"Loop","floor":6.0},{"not_picked":["Beam Cell","Go for the Eyes"],"picked":"Rebound","floor":8.0},{"not_picked":["Turbo","Undo"],"picked":"Glacier","floor":10.0},{"not_picked":["Barrage","Storm"],"picked":"Conserve Battery","floor":12.0},{"not_picked":["Coolheaded","Redo"],"picked":"Gash","floor":14.0},{"not_picked":["Hyperbeam","Buffer"],"picked":"Thunder Strike","floor":16.0},{"not_picked":["Reprogram","Barrage"],"picked":"Storm+1","floor":18},{"not_picked":["Hello World","Sweeping Beam","Steam Power"],"picked":"SKIP","floor":22},{"not_picked":["Sweeping Beam+1","Tempest+1"],"picked":"Consume+1","floor":23},{"not_picked":["Sweeping Beam","Hologram"],"picked":"Rebound","floor":27},{"not_picked":["Blizzard","Ball Lightning"],"picked":"Fusion+1","floor":28},{"not_picked":["Streamline","Turbo"],"picked":"Cold Snap+1","floor":29},{"not_picked":["Sunder","Leap","Rebound"],"picked":"SKIP","floor":31},{"not_picked":["Meteor Strike","Rainbow"],"picked":"Machine Learning","floor":33},{"not_picked":["Self Repair","Storm+1"],"picked":"Capacitor+1","floor":35},{"not_picked":["Barrage","Skim"],"picked":"Redo+1","floor":44},{"not_picked":["Tempest","Reinforced Body"],"picked":"Aggregate+1","floor":46},{"not_picked":["Rebound","Recycle","Gash+1"],"picked":"SKIP","floor":47},{"not_picked":["Stack+1","Scrape"],"picked":"Storm+1","floor":48}],"player_experience":196634,"relics_obtained":[{"floor":6.0,"key":"Boot"},{"floor":9.0,"key":"Regal Pillow"},{"floor":12.0,"key":"Bronze Scales"},{"floor":23,"key":"Incense Burner"},{"floor":26,"key":"Mercury Hourglass"},{"floor":37,"key":"Old Coin"},{"floor":43,"key":"Turnip"},{"floor":44,"key":"Mango"}],"event_choices":[{"damage_healed":0,"gold_gain":0,"player_choice":"Opened","damage_taken":0,"relics_obtained":["Centennial Puzzle"],"max_hp_gain":0,"max_hp_loss":0,"event_name":"The Mausoleum","floor":19,"gold_loss":0},{"damage_healed":0,"gold_gain":0,"player_choice":"Got Potions","damage_taken":0,"max_hp_gain":0,"max_hp_loss":0,"event_name":"Lab","floor":21,"gold_loss":0},{"damage_healed":0,"gold_gain":0,"player_choice":"Read","damage_taken":0,"max_hp_gain":0,"max_hp_loss":0,"event_name":"The Library","floor":24,"gold_loss":0,"cards_obtained":["Capacitor"]},{"damage_healed":0,"gold_gain":0,"player_choice":"Fight","damage_taken":0,"max_hp_gain":0,"max_hp_loss":0,"event_name":"Mysterious Sphere","floor":37,"gold_loss":0},{"damage_healed":66,"gold_gain":0,"player_choice":"Heal","damage_taken":0,"max_hp_gain":0,"max_hp_loss":9,"event_name":"The Moai Head","floor":39,"gold_loss":0},{"damage_healed":0,"gold_gain":0,"player_choice":"Embrace Madness","damage_taken":8,"max_hp_gain":0,"max_hp_loss":0,"event_name":"Winding Halls","floor":41,"gold_loss":0,"cards_obtained":["Madness","Madness"]},{"cards_removed":["Defend_B"],"damage_healed":0,"gold_gain":0,"player_choice":"Purged","damage_taken":0,"max_hp_gain":0,"max_hp_loss":0,"event_name":"Purifier","floor":42,"gold_loss":0}],"is_beta":false,"boss_relics":[{"not_picked":["Astrolabe","Velvet Choker"],"picked":"Eternal Feather"},{"not_picked":["White Beast Statue","Pandora\u0027s Box"],"picked":"Sozu"}],"items_purged_floors":[5,20,36],"is_endless":false,"potions_floor_spawned":[1,3,6,8,14,16,18,22,28,29,31,44,46,48],"ascension_level":4}