{"gold_per_floor":[114,114,134,146,146,173,185,228,240,252,299,311,342,374,386,472,484,515,266,276,304,304,304,332,332,332,332,346,346,357,377,377,456,456,475,575,588,234,253,253,282,41,41,41,41,41,59,7,7,7,7],"floor_reached":52,"playtime":2544,"items_purged":["Regret"],"score":1886,"play_id":"31952b69-2fa5-4662-bab1-98e5465d6a08","local_time":"20190617185855","is_ascension_mode":true,"campfire_choices":[{"floor":10,"key":"REST"},{"data":"Biased Cognition","floor":15,"key":"SMITH"},{"data":"Echo Form","floor":23,"key":"SMITH"},{"floor":25,"key":"REST"},{"data":"RitualDagger","floor":27,"key":"SMITH"},{"floor":29,"key":"REST"},{"data":"Zap","floor":32,"key":"SMITH"},{"data":"Defragment","floor":40,"key":"SMITH"},{"data":"Panacea","floor":44,"key":"SMITH"},{"data":"Coolheaded","floor":49,"key":"SMITH"}],"neow_cost":"PERCENT_DAMAGE","seed_source_timestamp":325288209732445,"circlet_count":0,"master_deck":["AscendersBane","Strike_B","Defend_B","Defend_B","Defend_B+1","Zap+1","Dualcast","Core Surge+1","Ball Lightning","Leap","Go for the Eyes","Chill","Coolheaded+1","Compile Driver","Biased Cognition+1","Echo Form+1","Doom and Gloom+1","Loop+1","Cold Snap+1","Conserve Battery","Glacier","RitualDagger+1","Reinforced Body","Hologram+1","Fission","Glacier","Defragment+1","Stack+1","Panacea+1","Self Repair","Doubt","Coolheaded+1"],"relics":["Cracked Core","MawBank","Meat on the Bone","Symbiotic Virus","War Paint","Astrolabe","Bag of Preparation","Red Mask","Du-Vu Doll","WingedGreaves","Cursed Key","Peace Pipe","Membership Card","Mummified Hand","Happy Flower","Art of War","Centennial Puzzle","Pear","Oddly Smooth Stone"],"potions_floor_usage":[6,16,21,33,51],"damage_taken":[{"damage":2,"enemies":"2 Louse","floor":1,"turns":2},{"damage":6,"enemies":"Cultist","floor":3,"turns":3},{"damage":0,"enemies":"Small Slimes","floor":4,"turns":2},{"damage":11,"enemies":"3 Sentries","floor":6,"turns":8},{"damage":16,"enemies":"Gremlin Nob","floor":8,"turns":4},{"damage":12,"enemies":"Lagavulin","floor":11,"turns":7},{"damage":0,"enemies":"2 Fungi Beasts","floor":13,"turns":3},{"damage":7,"enemies":"3 Louse","floor":14,"turns":3},{"damage":10,"enemies":"The Guardian","floor":16,"turns":10},{"damage":20,"enemies":"2 Thieves","floor":18,"turns":3},{"damage":0,"enemies":"Spheric Guardian","floor":20,"turns":4},{"damage":13,"enemies":"Masked Bandits","floor":21,"turns":4},{"damage":31,"enemies":"Slavers","floor":24,"turns":8},{"damage":0,"enemies":"Cultist and Chosen","floor":28,"turns":5},{"damage":0,"enemies":"3 Cultists","floor":30,"turns":5},{"damage":6,"enemies":"Centurion and Healer","floor":31,"turns":11},{"damage":43,"enemies":"Automaton","floor":33,"turns":8},{"damage":0,"enemies":"3 Shapes","floor":35,"turns":4},{"damage":0,"enemies":"Mind Bloom Boss Battle","floor":36,"turns":11},{"damage":0,"enemies":"Orb Walker","floor":37,"turns":3},{"damage":0,"enemies":"Sphere and 2 Shapes","floor":39,"turns":5},{"damage":0,"enemies":"Nemesis","floor":41,"turns":7},{"damage":5,"enemies":"Jaw Worm Horde","floor":47,"turns":6},{"damage":10,"enemies":"Awakened One","floor":50,"turns":16},{"damage":2,"enemies":"Donu and Deca","floor":51,"turns":12}],"seed_played":"1679539899088804449","potions_obtained":[{"floor":1,"key":"Ancient Potion"},{"floor":4,"key":"EssenceOfSteel"},{"floor":8,"key":"Weak Potion"},{"floor":24,"key":"FearPotion"},{"floor":28,"key":"LiquidBronze"},{"floor":31,"key":"SteroidPotion"},{"floor":36,"key":"LiquidBronze"},{"floor":41,"key":"Strength Potion"}],"is_trial":false,"path_per_floor":["M","?","M","M","?","E","?","E","T","R","E","?","M","M","R","B",null,"M","$","M","?","?","R","E","R","T","R","M","R","M","M","R","B",null,"M","?","M","$","M","R","E","$","T","R","?","T","M","$","R","B","B",null],"character_chosen":"DEFECT","items_purchased":["Glacier","Bag of Preparation","Membership Card","Mummified Hand","Panacea","Self Repair","Art of War","Centennial Puzzle","Coolheaded"],"campfire_rested":3,"item_purchase_floors":[19,19,38,38,42,42,42,42,48],"current_hp_per_floor":[44,44,38,38,38,27,44,28,28,49,37,37,37,42,42,44,62,42,42,42,41,35,35,16,36,36,36,36,56,56,50,50,19,56,56,56,56,56,56,56,56,56,66,66,66,66,75,75,75,72,77],"gold":7,"neow_bonus":"THREE_RARE_CARDS","is_prod":false,"is_daily":false,"chose_seed":false,"campfire_upgraded":7,"win_rate":0,"timestamp":1560812335,"path_taken":["M","?","M","?","?","E","?","E","T","R","E","?","?","M","R","BOSS","M","$","M","?","?","R","E","R","T","R","?","R","?","M","R","BOSS","M","?","M","$","M","R","E","$","T","R","?","?","?","$","R","BOSS","BOSS"],"build_version":"2019-01-23","purchased_purges":1,"victory":true,"max_hp_per_floor":[71,71,71,71,71,71,71,71,71,71,71,68,68,68,68,68,68,68,68,68,68,68,68,68,68,68,68,68,68,68,68,68,68,68,68,68,68,68,68,68,68,68,78,78,78,78,78,78,78,78,78],"card_choices":[{"not_picked":["Thunder Strike","Fission"],"picked":"Core Surge","floor":0},{"not_picked":["Lockon","Hologram"],"picked":"Ball Lightning","floor":1},{"not_picked":["Force Field","Skim"],"picked":"Leap","floor":3},{"not_picked":["Force Field","Skim","Steam"],"picked":"SKIP","floor":4},{"not_picked":["Tempest","Compile Driver"],"picked":"Go for the Eyes","floor":6},{"not_picked":["Steam","Rebound"],"picked":"Chill","floor":8},{"not_picked":["Blizzard","Hologram"],"picked":"Coolheaded","floor":11},{"not_picked":["Leap","Sweeping Beam"],"picked":"Compile Driver","floor":13},{"not_picked":["Leap","Go for the Eyes"],"picked":"Biased Cognition","floor":14},{"not_picked":["All For One","Buffer"],"picked":"Echo Form","floor":16},{"not_picked":["Leap","Rebound"],"picked":"Conserve Battery","floor":18},{"not_picked":["Streamline","Scrape","Heatsinks"],"picked":"SKIP","floor":20},{"not_picked":["Conserve Battery","Aggregate"],"picked":"Reinforced Body","floor":24},{"not_picked":["Go for the Eyes","Auto Shields","Beam Cell"],"picked":"SKIP","floor":28},{"not_picked":["Rip and Tear","Aggregate","Steam"],"picked":"SKIP","floor":30},{"not_picked":["Leap","Cold Snap"],"picked":"Hologram+1","floor":31},{"not_picked":["All For One","Hyperbeam"],"picked":"Fission","floor":33},{"not_picked":["Heatsinks","Leap+1"],"picked":"Glacier","floor":35},{"not_picked":["Barrage","Gash+1"],"picked":"Defragment","floor":37},{"not_picked":["Heatsinks","Redo"],"picked":"Stack+1","floor":39},{"not_picked":["Tempest","Beam Cell","Redo"],"picked":"SKIP","floor":41},{"not_picked":["Lockon","Stack","Beam Cell+1"],"picked":"SKIP","floor":47}],"player_experience":920068,"relics_obtained":[{"floor":6,"key":"MawBank"},{"floor":8,"key":"Meat on the Bone"},{"floor":9,"key":"Symbiotic Virus"},{"floor":11,"key":"War Paint"},{"floor":21,"key":"Red Mask"},{"floor":24,"key":"Du-Vu Doll"},{"floor":26,"key":"WingedGreaves"},{"floor":36,"key":"Peace Pipe"},{"floor":41,"key":"Happy Flower"},{"floor":43,"key":"Pear"},{"floor":46,"key":"Oddly Smooth Stone"}],"event_choices":[{"cards_removed":["Strike_B"],"damage_healed":0,"gold_gain":0,"player_choice":"Purged","damage_taken":0,"max_hp_gain":0,"max_hp_loss":0,"event_name":"Purifier","floor":2,"gold_loss":0},{"damage_healed":0,"gold_gain":0,"player_choice":"Grow","damage_taken":0,"max_hp_gain":0,"max_hp_loss":0,"event_name":"Living Wall","floor":5,"gold_loss":0,"cards_upgraded":["Core Surge"]},{"damage_healed":17,"gold_gain":0,"player_choice":"Healed and dodged fight","damage_taken":0,"max_hp_gain":0,"max_hp_loss":0,"event_name":"Mushrooms","floor":7,"gold_loss":0,"cards_obtained":["Parasite"]},{"cards_removed":["Parasite"],"damage_healed":0,"gold_gain":0,"player_choice":"Card Removal","damage_taken":0,"max_hp_gain":0,"max_hp_loss":0,"event_name":"Wheel of Change","floor":12,"gold_loss":0},{"damage_healed":0,"gold_gain":0,"player_choice":"Fought Bandits","damage_taken":0,"max_hp_gain":0,"max_hp_loss":0,"event_name":"Masked Bandits","floor":21,"gold_loss":0},{"damage_healed":0,"gold_gain":0,"player_choice":"Joined the Cult","damage_taken":6,"max_hp_gain":0,"max_hp_loss":0,"event_name":"Nest","floor":22,"gold_loss":0,"cards_obtained":["RitualDagger"]},{"damage_healed":0,"gold_gain":0,"player_choice":"Fight","damage_taken":0,"max_hp_gain":0,"max_hp_loss":0,"event_name":"MindBloom","floor":36,"gold_loss":0},{"damage_healed":0,"gold_gain":0,"player_choice":"Memory 1","damage_taken":0,"max_hp_gain":0,"max_hp_loss":0,"event_name":"SensoryStone","floor":45,"gold_loss":0}],"is_beta":false,"boss_relics":[{"not_picked":["Pandora\u0027s Box","Eternal Feather"],"picked":"Astrolabe"},{"not_picked":["Philosopher\u0027s Stone","Sozu"],"picked":"Cursed Key"}],"items_purged_floors":[48],"is_endless":false,"potions_floor_spawned":[1,4,8,13,24,28,31,36,41],"ascension_level":20}