{"gold_per_floor":[218,218,19,19,33,33,0,0,0,25,44,62,91,109,109,204,204,217,142,132,132,142,142],"floor_reached":23,"playtime":1633,"items_purged":[],"score":201,"play_id":"f26b822c-e81b-4fda-990c-b0c9ced6931a","local_time":"20190613182600","is_ascension_mode":false,"campfire_choices":[{"data":"Neutralize","floor":6,"key":"SMITH"},{"floor":15,"key":"REST"}],"neow_cost":"NONE","seed_source_timestamp":498709675671900,"circlet_count":0,"master_deck":["Defend_G","Defend_G","Defend_G","Defend_G","Strike_G+1","Strike_G+1","Strike_G+1","Strike_G+1","Strike_G","Survivor","Neutralize+1","Well Laid Plans","Poisoned Stab","Dagger Spray","Blur","Deadly Poison","Deadly Poison","Escape Plan","Corpse Explosion","Backflip","Deflect"],"relics":["Ring of the Snake","Snake Skull","CultistMask","PreservedInsect","Eternal Feather","Nloth\u0027s Gift"],"potions_floor_usage":[10,10,16,18,18,20,20,20,22],"damage_taken":[{"damage":5,"enemies":"Jaw Worm","floor":1,"turns":5},{"damage":0,"enemies":"Cultist","floor":5,"turns":3},{"damage":13,"enemies":"Lagavulin","floor":10,"turns":5},{"damage":0,"enemies":"Small Slimes","floor":11,"turns":3},{"damage":0,"enemies":"Blue Slaver","floor":12,"turns":4},{"damage":9,"enemies":"3 Sentries","floor":13,"turns":6},{"damage":0,"enemies":"Red Slaver","floor":14,"turns":3},{"damage":4,"enemies":"The Guardian","floor":16,"turns":9},{"damage":12,"enemies":"Spheric Guardian","floor":18,"turns":4},{"damage":0,"enemies":"2 Thieves","floor":20,"turns":4},{"damage":17,"enemies":"Cultist and Chosen","floor":22,"turns":5},{"damage":41,"enemies":"Gremlin Leader","floor":23,"turns":5}],"seed_played":"-6655293361491430063","potions_obtained":[{"floor":1,"key":"Weak Potion"},{"floor":8,"key":"Swift Potion"},{"floor":8,"key":"Poison Potion"},{"floor":12,"key":"Weak Potion"},{"floor":14,"key":"Swift Potion"},{"floor":16,"key":"EntropicBrew"},{"floor":20,"key":"Ancient Potion"}],"is_trial":false,"path_per_floor":["M","?","$","?","M","R","?","?","T","E","M","M","E","M","R","B",null,"M","?","M","?","M","E"],"character_chosen":"THE_SILENT","items_purchased":["Poisoned Stab","Snake Skull"],"campfire_rested":1,"item_purchase_floors":[3,3],"current_hp_per_floor":[65,51,51,51,51,51,51,51,51,38,38,38,29,29,50,46,70,58,58,58,58,41,0],"gold":142,"neow_bonus":"HUNDRED_GOLD","is_prod":false,"is_daily":false,"chose_seed":false,"campfire_upgraded":1,"win_rate":0,"timestamp":1560475560,"path_taken":["M","?","$","?","?","R","?","?","T","E","M","?","E","M","R","BOSS","M","?","M","?","M","E"],"build_version":"2019-01-23","purchased_purges":0,"victory":false,"max_hp_per_floor":[70,70,70,70,70,70,70,70,70,70,70,70,70,70,70,70,70,70,70,70,70,70,70],"card_choices":[{"not_picked":["Blade Dance","Backflip"],"picked":"Well Laid Plans","floor":1},{"not_picked":["Sucker Punch","Masterful Stab"],"picked":"Dagger Spray","floor":5},{"not_picked":["Tools of the Trade","Well Laid Plans"],"picked":"Blur","floor":10},{"not_picked":["Backflip","Slice","Quick Slash"],"picked":"SKIP","floor":11},{"not_picked":["Blade Dance","Tactician"],"picked":"Deadly Poison","floor":12},{"not_picked":["Tactician","PiercingWail"],"picked":"Deadly Poison","floor":13},{"not_picked":["Outmaneuver","Bane"],"picked":"Escape Plan","floor":14},{"not_picked":["Envenom","Phantasmal Killer"],"picked":"Corpse Explosion","floor":16},{"not_picked":["Flying Knee","Underhanded Strike"],"picked":"Backflip","floor":18},{"not_picked":["Sucker Punch","Prepared","Underhanded Strike"],"picked":"SKIP","floor":20},{"not_picked":["Skewer","Backflip"],"picked":"Deflect","floor":22}],"player_experience":366426,"relics_obtained":[{"floor":10,"key":"PreservedInsect"},{"floor":13,"key":"Whetstone"}],"event_choices":[{"damage_healed":0,"gold_gain":0,"player_choice":"Entered Light","damage_taken":14,"max_hp_gain":0,"max_hp_loss":0,"event_name":"Shining Light","floor":2,"gold_loss":0,"cards_upgraded":["Strike_G","Strike_G"]},{"damage_healed":0,"gold_gain":0,"player_choice":"Trade","damage_taken":0,"relics_obtained":["CultistMask"],"max_hp_gain":0,"max_hp_loss":0,"event_name":"FaceTrader","floor":4,"gold_loss":0},{"damage_healed":0,"gold_gain":0,"player_choice":"Left Gold","damage_taken":0,"max_hp_gain":0,"max_hp_loss":0,"event_name":"World of Goop","floor":7,"gold_loss":33},{"damage_healed":0,"gold_gain":0,"player_choice":"Got Potions","damage_taken":0,"max_hp_gain":0,"max_hp_loss":0,"event_name":"Lab","floor":8,"gold_loss":0},{"cards_removed":["Defend_G"],"damage_healed":0,"gold_gain":0,"player_choice":"Gave Gold","damage_taken":0,"max_hp_gain":0,"max_hp_loss":0,"event_name":"Beggar","floor":19,"gold_loss":75},{"damage_healed":0,"gold_gain":0,"player_choice":"Traded Relic","damage_taken":0,"relics_obtained":["Nloth\u0027s Gift"],"max_hp_gain":0,"max_hp_loss":0,"event_name":"N\u0027loth","floor":21,"relics_lost":["Whetstone"],"gold_loss":0}],"is_beta":false,"boss_relics":[{"not_picked":["Fusion Hammer","Lizard Tail"],"picked":"Eternal Feather"}],"items_purged_floors":[],"is_endless":false,"potions_floor_spawned":[1,12,14,16,20],"killed_by":"Gremlin Leader","ascension_level":0}