{"gold_per_floor":[119,132,149,149,174,174,174,212,235,235,254,289,307,307,307,431,431,447,447,447,435,61,61],"floor_reached":23,"playtime":1091,"items_purged":["Terror"],"score":201,"play_id":"4b6b11d6-d6bf-47a9-8bc5-3017615d8a72","local_time":"20190615183621","is_ascension_mode":false,"campfire_choices":[{"data":"Backflip","floor":6,"key":"SMITH"},{"floor":10,"key":"REST"},{"floor":15,"key":"REST"}],"neow_cost":"NONE","seed_source_timestamp":672674890977014,"circlet_count":0,"master_deck":["Survivor","Neutralize","Quick Slash","Sucker Punch","Backflip+1","Glass Knife","Caltrops","Blur+1","Night Terror","Skewer","Distraction","Catalyst","Terror","Tools of the Trade","After Image","Setup","Poisoned Stab","Slice","Flechettes+1","Deflect"],"relics":["Ring of the Snake","Bag of Marbles","Bloody Idol","Omamori","Dream Catcher","Pandora\u0027s Box","Letter Opener"],"potions_floor_usage":[5,8,12],"damage_taken":[{"damage":1,"enemies":"Cultist","floor":1,"turns":3},{"damage":0,"enemies":"Jaw Worm","floor":2,"turns":5},{"damage":0,"enemies":"Small Slimes","floor":3,"turns":3},{"damage":0,"enemies":"3 Louse","floor":5,"turns":1},{"damage":33,"enemies":"Lagavulin","floor":8,"turns":11},{"damage":0,"enemies":"2 Fungi Beasts","floor":11,"turns":3},{"damage":10,"enemies":"3 Sentries","floor":12,"turns":7},{"damage":3,"enemies":"Looter","floor":13,"turns":4},{"damage":46,"enemies":"Hexaghost","floor":16,"turns":16},{"damage":25,"enemies":"3 Byrds","floor":18,"turns":6},{"damage":15,"enemies":"2 Thieves","floor":21,"turns":4},{"damage":61,"enemies":"Slavers","floor":23,"turns":5}],"seed_played":"3154103899375247418","potions_obtained":[{"floor":2,"key":"SteroidPotion"},{"floor":3,"key":"Poison Potion"},{"floor":8,"key":"FearPotion"}],"is_trial":false,"path_per_floor":["M","M","M","?","M","R","?","E","T","R","M","E","M","?","R","B",null,"M","?","?","M","$","E"],"character_chosen":"THE_SILENT","items_purchased":["Letter Opener","Deflect"],"campfire_rested":2,"item_purchase_floors":[22,22],"current_hp_per_floor":[69,69,69,65,65,65,65,32,32,51,51,41,38,38,57,11,65,40,40,61,56,56,0],"gold":61,"neow_bonus":"RANDOM_COMMON_RELIC","is_prod":false,"is_daily":false,"chose_seed":false,"campfire_upgraded":1,"win_rate":0,"timestamp":1560648981,"path_taken":["M","M","M","?","M","R","?","E","T","R","M","E","M","?","R","BOSS","M","?","?","M","$","E"],"build_version":"2019-01-23","purchased_purges":1,"victory":false,"max_hp_per_floor":[70,70,70,65,65,65,65,65,65,65,65,65,65,65,65,65,65,65,65,65,65,65,65],"card_choices":[{"not_picked":["Riddle With Holes","Bouncing Flask"],"picked":"Quick Slash","floor":1},{"not_picked":["Deadly Poison","Prepared"],"picked":"Sucker Punch","floor":2},{"not_picked":["Sucker Punch","Dagger Throw","Riddle With Holes"],"picked":"SKIP","floor":3},{"not_picked":["Sucker Punch","Bane"],"picked":"Backflip","floor":5},{"not_picked":["Masterful Stab","Poisoned Stab"],"picked":"Glass Knife","floor":8},{"not_picked":["Reflex","Prepared","Infinite Blades"],"picked":"SKIP","floor":11},{"not_picked":["Acrobatics","Prepared"],"picked":"Caltrops","floor":12},{"not_picked":["Catalyst","Reflex"],"picked":"Blur","floor":13},{"not_picked":["Adrenaline","Storm of Steel"],"picked":"Night Terror","floor":16},{"not_picked":["Blade Dance+1","Backflip"],"picked":"Flechettes+1","floor":18},{"not_picked":["PiercingWail","Accuracy+1","Setup"],"picked":"SKIP","floor":21}],"player_experience":397463,"relics_obtained":[{"floor":8,"key":"Omamori"},{"floor":12,"key":"Dream Catcher"}],"event_choices":[{"damage_healed":0,"gold_gain":0,"player_choice":"Lose Max HP","damage_taken":0,"relics_obtained":["Golden Idol"],"max_hp_gain":0,"max_hp_loss":5,"event_name":"Golden Idol","floor":4,"gold_loss":0},{"damage_healed":0,"gold_gain":0,"player_choice":"Ignored","damage_taken":0,"max_hp_gain":0,"max_hp_loss":0,"event_name":"Liars Game","floor":7,"gold_loss":0},{"damage_healed":0,"gold_gain":0,"player_choice":"Grow","damage_taken":0,"max_hp_gain":0,"max_hp_loss":0,"event_name":"Living Wall","floor":14,"gold_loss":0,"cards_upgraded":["Blur"]},{"damage_healed":0,"gold_gain":0,"player_choice":"Gave Idol","damage_taken":0,"relics_obtained":["Bloody Idol"],"max_hp_gain":0,"max_hp_loss":0,"event_name":"Forgotten Altar","floor":19,"relics_lost":["Golden Idol"],"gold_loss":0},{"damage_healed":21,"gold_gain":0,"player_choice":"Heal","damage_taken":0,"max_hp_gain":0,"max_hp_loss":0,"event_name":"The Library","floor":20,"gold_loss":0}],"is_beta":false,"boss_relics":[{"not_picked":["White Beast Statue","Runic Dome"],"picked":"Pandora\u0027s Box"}],"items_purged_floors":[22],"is_endless":false,"potions_floor_spawned":[2,3,8],"killed_by":"Slavers","ascension_level":0}