{"gold_per_floor":[110,75,8,8,8,8,22,35,111,140,159,159,159,129,129,203,203,218,218,61,74,74,74,93,109,109,109,126,154,154,69,69,69],"floor_reached":33,"playtime":1415,"items_purged":[],"score":472,"play_id":"eecc4c96-cc38-4d8c-8483-9c459b9f3ac1","local_time":"20181119224738","is_ascension_mode":true,"campfire_choices":[{"data":"Power Through","floor":6,"key":"SMITH"},{"data":"Body Slam","floor":15,"key":"SMITH"},{"data":"Fiend Fire","floor":23,"key":"SMITH"},{"data":"Pommel Strike","floor":27,"key":"SMITH"},{"data":"Entrench","floor":32,"key":"SMITH"}],"neow_cost":"NONE","seed_source_timestamp":18094191342466,"circlet_count":0,"master_deck":["AscendersBane","Defend_R","Defend_R","Defend_R","Defend_R+1","Evolve+1","Power Through+1","Twin Strike","Power Through","Carnage","Entrench","Body Slam+1","Fiend Fire+1","Shrug It Off+1","Bite","Bite","Bite","Bite","Bite","Pommel Strike+1","Seeing Red","Shrug It Off","Entrench+1"],"relics":["Burning Blood","Kunai","Gambling Chip","Dodecahedron","Velvet Choker","Anchor","Shuriken","Strawberry","Art of War"],"potions_floor_usage":[10,18,33],"damage_taken":[{"damage":6,"enemies":"Jaw Worm","floor":1,"turns":4},{"damage":7,"enemies":"Small Slimes","floor":7,"turns":4},{"damage":5,"enemies":"Cultist","floor":8,"turns":5},{"damage":47,"enemies":"Gremlin Nob","floor":10,"turns":7},{"damage":0,"enemies":"Blue Slaver","floor":11,"turns":4},{"damage":11,"enemies":"Looter","floor":14,"turns":4},{"damage":50,"enemies":"Hexaghost","floor":16,"turns":13},{"damage":19,"enemies":"3 Byrds","floor":18,"turns":8},{"damage":22,"enemies":"Spheric Guardian","floor":21,"turns":4},{"damage":3,"enemies":"Cultist and Chosen","floor":24,"turns":5},{"damage":0,"enemies":"Centurion and Healer","floor":25,"turns":4},{"damage":0,"enemies":"Shelled Parasite and Fungi","floor":28,"turns":5},{"damage":4,"enemies":"Book of Stabbing","floor":29,"turns":4},{"damage":78,"enemies":"Automaton","floor":33,"turns":12}],"seed_played":"-8089802151157252831","potions_obtained":[{"floor":7,"key":"Fire Potion"},{"floor":16,"key":"Regen Potion"},{"floor":21,"key":"Weak Potion"},{"floor":28,"key":"PowerPotion"}],"is_trial":false,"path_per_floor":["M","?","$","?","?","R","M","M","T","E","M","?","?","M","R","B",null,"M","?","$","M","?","R","M","M","T","R","M","E","?","?","R","B"],"character_chosen":"IRONCLAD","items_purchased":["Power Through","Anchor"],"campfire_rested":0,"item_purchase_floors":[3,20],"current_hp_per_floor":[68,75,75,68,68,68,67,68,68,27,33,33,58,53,53,9,59,61,52,52,40,40,40,52,52,52,52,52,59,59,59,59,0],"gold":69,"neow_bonus":"UPGRADE_CARD","is_prod":false,"is_daily":false,"chose_seed":false,"campfire_upgraded":5,"win_rate":0,"timestamp":1542696458,"path_taken":["M","?","$","?","?","R","M","?","T","E","M","?","?","M","R","BOSS","M","?","$","M","?","R","?","M","T","R","M","E","?","?","R","BOSS"],"build_version":"2018-11-15","purchased_purges":0,"victory":false,"max_hp_per_floor":[75,75,75,75,75,75,75,75,75,75,75,75,75,75,75,75,75,75,52,52,52,52,52,52,52,52,52,52,59,59,59,59,59],"card_choices":[{"not_picked":["Headbutt","Pommel Strike"],"picked":"Evolve","floor":1},{"not_picked":["Warcry","Perfected Strike"],"picked":"Twin Strike","floor":7},{"not_picked":["Iron Wave","Anger"],"picked":"Power Through","floor":8},{"not_picked":["Clothesline","Feel No Pain"],"picked":"Carnage","floor":10},{"not_picked":["Anger","Headbutt"],"picked":"Entrench","floor":11},{"not_picked":["Armaments","Headbutt"],"picked":"Body Slam","floor":14},{"not_picked":["Reaper","Offering"],"picked":"Fiend Fire","floor":16},{"not_picked":["Dropkick+1","Clothesline"],"picked":"Shrug It Off+1","floor":18},{"not_picked":["Headbutt","Anger"],"picked":"Pommel Strike","floor":21},{"not_picked":["Flex","Twin Strike"],"picked":"Seeing Red","floor":24},{"not_picked":["Wild Strike+1","Perfected Strike+1"],"picked":"Shrug It Off","floor":25},{"not_picked":["Entrench","Cleave","Bludgeon"],"picked":"SKIP","floor":28},{"not_picked":["True Grit","Bludgeon"],"picked":"Entrench","floor":29}],"player_experience":795243,"relics_obtained":[{"floor":9,"key":"Kunai"},{"floor":10,"key":"Gambling Chip"},{"floor":26,"key":"Shuriken"},{"floor":29,"key":"Strawberry"}],"event_choices":[{"damage_healed":18,"gold_gain":0,"player_choice":"Healed","damage_taken":0,"max_hp_gain":0,"max_hp_loss":0,"event_name":"The Cleric","floor":2,"gold_loss":35},{"cards_removed":["Bash"],"damage_healed":0,"gold_gain":0,"player_choice":"Card Removal","damage_taken":7,"max_hp_gain":0,"max_hp_loss":0,"event_name":"Golden Wing","floor":4,"gold_loss":0},{"damage_healed":0,"gold_gain":0,"player_choice":"Forge","damage_taken":0,"max_hp_gain":0,"max_hp_loss":0,"event_name":"Accursed Blacksmith","floor":5,"gold_loss":0,"cards_upgraded":["Evolve"]},{"damage_healed":0,"gold_gain":0,"player_choice":"Searched \u00271\u0027 times","damage_taken":0,"relics_obtained":["Dodecahedron"],"max_hp_gain":0,"max_hp_loss":0,"event_name":"Dead Adventurer","floor":12,"gold_loss":0},{"damage_healed":25,"gold_gain":0,"player_choice":"Banana","damage_taken":0,"max_hp_gain":0,"max_hp_loss":0,"event_name":"Big Fish","floor":13,"gold_loss":0},{"damage_healed":0,"gold_gain":0,"player_choice":"Became a vampire","damage_taken":0,"max_hp_gain":0,"max_hp_loss":23,"event_name":"Vampires","floor":19,"gold_loss":0,"cards_obtained":["Bite","Bite","Bite","Bite","Bite"]},{"damage_healed":0,"gold_gain":0,"player_choice":"0 cards matched","damage_taken":0,"max_hp_gain":0,"max_hp_loss":0,"event_name":"Match and Keep!","floor":22,"gold_loss":0,"cards_obtained":[]},{"damage_healed":0,"gold_gain":0,"player_choice":"Ignored","damage_taken":0,"max_hp_gain":0,"max_hp_loss":0,"event_name":"The Mausoleum","floor":30,"gold_loss":0},{"damage_healed":0,"gold_gain":0,"player_choice":"Obtained Relic","damage_taken":0,"relics_obtained":["Art of War"],"max_hp_gain":0,"max_hp_loss":0,"event_name":"Addict","floor":31,"gold_loss":85}],"is_beta":false,"boss_relics":[{"not_picked":["Pandora\u0027s Box","White Beast Statue"],"picked":"Velvet Choker"}],"items_purged_floors":[],"is_endless":false,"potions_floor_spawned":[7,16,21,28,29],"killed_by":"Automaton","ascension_level":14}