{"gold_per_floor":[113,113,132,144,28,28,43,72,97,97,117,132,162,262,262,262],"floor_reached":16,"playtime":656,"items_purged":["Regret"],"score":207,"play_id":"a9c2beb8-2dde-48ba-8527-0c20d119cf2d","local_time":"20190606222543","is_ascension_mode":true,"campfire_choices":[{"data":"Sever Soul","floor":6,"key":"SMITH"},{"floor":10,"key":"REST"},{"floor":15,"key":"REST"}],"neow_cost":"NONE","seed_source_timestamp":457338692425603,"circlet_count":0,"master_deck":["AscendersBane","Strike_R","Strike_R","Strike_R","Strike_R","Strike_R","Defend_R","Defend_R","Defend_R","Defend_R","Bash","Clash","Cleave","Ghostly Armor","Sever Soul+1","Flame Barrier","Body Slam","Clothesline","Warcry","Offering","Hemokinesis"],"relics":["Burning Blood","PreservedInsect","Dream Catcher","Anchor","Lantern"],"potions_floor_usage":[4,8,13,16,16],"damage_taken":[{"damage":6,"enemies":"Cultist","floor":1,"turns":3},{"damage":12,"enemies":"Jaw Worm","floor":3,"turns":4},{"damage":16,"enemies":"Small Slimes","floor":4,"turns":2},{"damage":31,"enemies":"Gremlin Gang","floor":7,"turns":5},{"damage":2,"enemies":"Gremlin Nob","floor":8,"turns":3},{"damage":4,"enemies":"Blue Slaver","floor":11,"turns":5},{"damage":0,"enemies":"Lots of Slimes","floor":12,"turns":2},{"damage":13,"enemies":"Lagavulin","floor":13,"turns":5},{"damage":77,"enemies":"Hexaghost","floor":16,"turns":12}],"seed_played":"-2115440707560824729","potions_obtained":[{"floor":0,"key":"SteroidPotion"},{"floor":0,"key":"Swift Potion"},{"floor":3,"key":"AttackPotion"},{"floor":11,"key":"FearPotion"},{"floor":12,"key":"Poison Potion"},{"floor":13,"key":"Energy Potion"}],"is_trial":false,"path_per_floor":["M","?","M","M","$","R","M","E","T","R","M","M","E","?","R","B"],"character_chosen":"IRONCLAD","items_purchased":["Sever Soul"],"campfire_rested":2,"item_purchase_floors":[5],"current_hp_per_floor":[68,68,62,52,52,52,27,31,31,53,55,61,54,54,75,0],"gold":262,"neow_bonus":"THREE_SMALL_POTIONS","is_prod":false,"is_daily":false,"chose_seed":false,"campfire_upgraded":1,"win_rate":0,"timestamp":1559885143,"path_taken":["M","?","M","M","$","R","M","E","T","R","M","M","E","?","R","BOSS"],"build_version":"2019-01-23","purchased_purges":1,"victory":false,"max_hp_per_floor":[75,75,75,75,75,75,75,75,75,75,75,75,75,75,75,75],"card_choices":[{"not_picked":["Thunderclap","Anger"],"picked":"Clash","floor":1},{"not_picked":["Blood for Blood","Reckless Charge"],"picked":"Cleave","floor":3},{"not_picked":["Perfected Strike","Pommel Strike"],"picked":"Ghostly Armor","floor":4},{"not_picked":["Flex","Sever Soul"],"picked":"Flame Barrier","floor":7},{"not_picked":["Anger","Reckless Charge","Thunderclap"],"picked":"SKIP","floor":8},{"not_picked":["Armaments","Combust"],"picked":"Body Slam","floor":10},{"not_picked":["Blood for Blood","Fire Breathing"],"picked":"Clothesline","floor":11},{"not_picked":["Havoc","Heavy Blade"],"picked":"Warcry","floor":12},{"not_picked":["Wild Strike","Heavy Blade"],"picked":"Offering","floor":13},{"not_picked":["Anger","Armaments"],"picked":"Hemokinesis","floor":15}],"player_experience":961298,"relics_obtained":[{"floor":8,"key":"Dream Catcher"},{"floor":9,"key":"Anchor"},{"floor":13,"key":"Lantern"}],"event_choices":[{"damage_healed":0,"gold_gain":0,"player_choice":"Box","damage_taken":0,"relics_obtained":["PreservedInsect"],"max_hp_gain":0,"max_hp_loss":0,"event_name":"Big Fish","floor":2,"gold_loss":0,"cards_obtained":["Regret"]},{"damage_healed":0,"gold_gain":100,"player_choice":"Gold","damage_taken":0,"max_hp_gain":0,"max_hp_loss":0,"event_name":"Wheel of Change","floor":14,"gold_loss":0}],"is_beta":false,"boss_relics":[],"items_purged_floors":[5],"is_endless":false,"potions_floor_spawned":[3,11,12,13],"killed_by":"Hexaghost","ascension_level":17}