{"gold_per_floor":[111,111,30,30,41,68,84,103,103,103,128,53,68,84,84,184,184,201,201,211,21,21,47,47,373,400,434,434,445,13,13,13,113,113,131,150,150,166,166,166,176,176,203,231,231,94,0,0,0,0],"floor_reached":50,"playtime":2284,"items_purged":["Pain","Doubt"],"score":670,"play_id":"9e607503-89db-4f1b-b188-63fa31b4c4a2","local_time":"20190204103720","is_ascension_mode":true,"campfire_choices":[{"floor":10,"key":"REST"},{"floor":15,"key":"REST"},{"floor":24,"key":"REST"},{"floor":28,"key":"REST"},{"floor":32,"key":"REST"},{"floor":40,"key":"REST"},{"floor":42,"key":"REST"},{"floor":45,"key":"REST"},{"floor":49,"key":"REST"}],"neow_cost":"PERCENT_DAMAGE","seed_source_timestamp":350782721459563,"circlet_count":0,"master_deck":["Strike_B","Strike_B","Strike_B+1","Strike_B","Defend_B","Defend_B","Defend_B","Defend_B","Zap","Dualcast","Ball Lightning","Chaos","Defragment","Go for the Eyes","Glacier","Doom and Gloom+1","Electrodynamics","Darkness","Meteor Strike","Redo","Sunder","Apotheosis","RitualDagger","Stack","Ball Lightning","Auto Shields+1","Stack+1","Buffer","Gash+1","Lockon"],"relics":["Cracked Core","Torii","Gremlin Horn","WarpedTongs","Cables","Singing Bowl","Dodecahedron","Busted Crown","Bag of Preparation","Old Coin","Strawberry","Whetstone","Gambling Chip","Bronze Scales","Cursed Key","Juzu Bracelet","Lantern","Red Mask"],"potions_floor_usage":[6,6,23,23,33,44,50,50],"damage_taken":[{"damage":1,"enemies":"Cultist","floor":1,"turns":3},{"damage":6,"enemies":"Jaw Worm","floor":5,"turns":3},{"damage":7,"enemies":"3 Sentries","floor":6,"turns":5},{"damage":0,"enemies":"Small Slimes","floor":7,"turns":2},{"damage":17,"enemies":"Exordium Wildlife","floor":8,"turns":3},{"damage":25,"enemies":"Gremlin Nob","floor":11,"turns":4},{"damage":0,"enemies":"2 Fungi Beasts","floor":13,"turns":3},{"damage":2,"enemies":"3 Louse","floor":14,"turns":3},{"damage":23,"enemies":"The Guardian","floor":16,"turns":11},{"damage":0,"enemies":"Spheric Guardian","floor":18,"turns":3},{"damage":17,"enemies":"3 Byrds","floor":20,"turns":3},{"damage":39,"enemies":"Slavers","floor":23,"turns":3},{"damage":0,"enemies":"Gremlin Leader","floor":25,"turns":5},{"damage":29,"enemies":"Slavers","floor":27,"turns":3},{"damage":13,"enemies":"3 Cultists","floor":29,"turns":4},{"damage":40,"enemies":"Automaton","floor":33,"turns":8},{"damage":24,"enemies":"3 Darklings","floor":35,"turns":3},{"damage":0,"enemies":"Orb Walker","floor":36,"turns":3},{"damage":20,"enemies":"Sphere and 2 Shapes","floor":38,"turns":6},{"damage":11,"enemies":"Jaw Worm Horde","floor":41,"turns":2},{"damage":68,"enemies":"Giant Head","floor":44,"turns":10},{"damage":81,"enemies":"Time Eater","floor":50,"turns":10}],"seed_played":"7126319515775357985","potions_obtained":[{"floor":1,"key":"Strength Potion"},{"floor":5,"key":"EssenceOfSteel"},{"floor":8,"key":"SteroidPotion"},{"floor":16,"key":"Explosive Potion"},{"floor":18,"key":"Ancient Potion"},{"floor":36,"key":"EssenceOfSteel"},{"floor":38,"key":"Energy Potion"},{"floor":41,"key":"Swift Potion"},{"floor":44,"key":"Energy Potion"}],"is_trial":false,"path_per_floor":["M","?","$","?","M","E","M","M","T","R","E","$","M","M","R","B",null,"M","?","M","$","?","E","R","E","T","E","R","M","$","?","R","B",null,"M","M","?","M","?","R","M","R","T","E","R","$","?","$","R","B"],"character_chosen":"DEFECT","items_purchased":["Chaos","Apotheosis","Gambling Chip","Bronze Scales","Lockon"],"campfire_rested":9,"item_purchase_floors":[3,21,30,30,46],"current_hp_per_floor":[53,50,50,50,44,37,37,20,20,42,17,17,17,15,37,14,75,75,75,58,58,52,13,35,35,42,13,37,24,24,24,48,8,82,60,62,62,44,46,73,62,89,89,23,50,50,50,50,77,0],"gold":0,"neow_bonus":"ONE_RARE_RELIC","is_prod":false,"is_daily":false,"chose_seed":false,"campfire_upgraded":0,"win_rate":0,"timestamp":1549294640,"path_taken":["M","?","$","?","M","E","M","M","T","R","E","$","M","M","R","BOSS","M","?","M","$","?","E","R","E","T","E","R","M","?","?","R","BOSS","M","M","?","M","?","R","M","R","T","E","R","$","?","$","R","BOSS"],"build_version":"2019-01-23","purchased_purges":2,"victory":false,"max_hp_per_floor":[75,75,75,75,75,75,75,75,75,75,75,75,75,75,75,75,75,75,75,75,75,75,75,75,75,82,82,82,82,82,82,82,82,82,84,86,86,88,90,90,90,90,90,92,92,92,92,92,92,92],"card_choices":[{"not_picked":["Recycle","Beam Cell"],"picked":"Ball Lightning","floor":1},{"not_picked":["Coolheaded","Turbo"],"picked":"Defragment","floor":5},{"not_picked":["Consume","Turbo"],"picked":"Go for the Eyes","floor":6},{"not_picked":["Rip and Tear","Leap"],"picked":"Glacier","floor":7},{"not_picked":["Aggregate","Scrape"],"picked":"Doom and Gloom","floor":8},{"not_picked":["Undo","Rip and Tear"],"picked":"Electrodynamics","floor":11},{"not_picked":["Sweeping Beam","Sunder"],"picked":"Darkness","floor":13},{"not_picked":["Steam","Force Field"],"picked":"Gash","floor":14},{"not_picked":["All For One","Buffer"],"picked":"Meteor Strike","floor":16},{"not_picked":[],"picked":"Redo","floor":18},{"not_picked":[],"picked":"Sunder","floor":20},{"not_picked":[],"picked":"Stack","floor":23},{"not_picked":[],"picked":"Ball Lightning","floor":25},{"not_picked":[],"picked":"Auto Shields+1","floor":27},{"not_picked":[],"picked":"Stack+1","floor":29},{"not_picked":[],"picked":"Buffer","floor":33},{"not_picked":["Steam Power"],"picked":"Singing Bowl","floor":35},{"not_picked":["Steam Power"],"picked":"Singing Bowl","floor":36},{"not_picked":["Turbo"],"picked":"Singing Bowl","floor":38},{"not_picked":["Metamorphosis"],"picked":"Singing Bowl","floor":39},{"not_picked":[],"picked":"Gash+1","floor":41},{"not_picked":["Consume+1"],"picked":"Singing Bowl","floor":44}],"player_experience":148942,"relics_obtained":[{"floor":6,"key":"Cables"},{"floor":9,"key":"Singing Bowl"},{"floor":11,"key":"Dodecahedron"},{"floor":23,"key":"Bag of Preparation"},{"floor":25,"key":"Old Coin"},{"floor":26,"key":"Strawberry"},{"floor":27,"key":"Whetstone"},{"floor":43,"key":"Juzu Bracelet"},{"floor":44,"key":"Lantern"}],"event_choices":[{"damage_healed":0,"gold_gain":0,"player_choice":"Success","damage_taken":3,"relics_obtained":["Gremlin Horn"],"max_hp_gain":0,"max_hp_loss":0,"event_name":"Scrap Ooze","floor":2,"gold_loss":0},{"damage_healed":0,"gold_gain":0,"player_choice":"Rummage","damage_taken":0,"relics_obtained":["WarpedTongs"],"max_hp_gain":0,"max_hp_loss":0,"event_name":"Accursed Blacksmith","floor":4,"gold_loss":0,"cards_obtained":["Pain"]},{"damage_healed":0,"gold_gain":0,"player_choice":"Ignored","damage_taken":0,"max_hp_gain":0,"max_hp_loss":0,"event_name":"Cursed Tome","floor":19,"gold_loss":0},{"damage_healed":0,"gold_gain":0,"player_choice":"Joined the Cult","damage_taken":6,"max_hp_gain":0,"max_hp_loss":0,"event_name":"Nest","floor":22,"gold_loss":0,"cards_obtained":["RitualDagger"]},{"cards_removed":["Gash"],"damage_healed":0,"gold_gain":0,"player_choice":"Removed Attack","damage_taken":0,"max_hp_gain":0,"max_hp_loss":0,"event_name":"Falling","floor":37,"gold_loss":0},{"damage_healed":0,"gold_gain":0,"player_choice":"Memory 1","damage_taken":0,"max_hp_gain":0,"max_hp_loss":0,"event_name":"SensoryStone","floor":39,"gold_loss":0},{"damage_healed":0,"gold_gain":0,"player_choice":"Paid","damage_taken":0,"relics_obtained":["Red Mask"],"max_hp_gain":0,"max_hp_loss":0,"event_name":"Tomb of Lord Red Mask","floor":47,"gold_loss":94}],"is_beta":false,"boss_relics":[{"not_picked":["White Beast Statue","Calling Bell"],"picked":"Busted Crown"},{"not_picked":["FrozenCore","Eternal Feather"],"picked":"Cursed Key"}],"items_purged_floors":[12,46],"is_endless":false,"potions_floor_spawned":[1,5,8,16,18,20,36,38,41,44],"killed_by":"Time Eater","ascension_level":3}