{"gold_per_floor":[20,38,38,51,70,70,70,98,98,171,209,221,250,262,274,286],"floor_reached":16,"playtime":1324,"items_purged":[],"score":110,"play_id":"ce572378-591a-47e1-adaf-ef69b506540b","local_time":"20190127181920","is_ascension_mode":false,"campfire_choices":[{"data":"Rage","floor":6,"key":"SMITH"},{"floor":15,"key":"REST"}],"neow_cost":"NO_GOLD","seed_source_timestamp":804330493403450,"circlet_count":0,"master_deck":["Strike_R","Strike_R","Strike_R","Strike_R","Strike_R","Defend_R","Defend_R","Defend_R","Defend_R","Bash","Finesse","Thinking Ahead","Clash","Rage+1","Feed","Clothesline","True Grit","Double Tap+1","Metallicize"],"relics":["Burning Blood","Juzu Bracelet","MawBank","Darkstone Periapt","Shuriken"],"potions_floor_usage":[11,16,16],"damage_taken":[{"damage":5,"enemies":"2 Louse","floor":1,"turns":3},{"damage":0,"enemies":"Cultist","floor":2,"turns":2},{"damage":0,"enemies":"Jaw Worm","floor":4,"turns":3},{"damage":4,"enemies":"2 Fungi Beasts","floor":5,"turns":2},{"damage":26,"enemies":"Gremlin Nob","floor":8,"turns":5},{"damage":23,"enemies":"3 Sentries","floor":11,"turns":8},{"damage":1,"enemies":"Lots of Slimes","floor":13,"turns":4},{"damage":72,"enemies":"Hexaghost","floor":16,"turns":14}],"seed_played":"1100734142290292137","potions_obtained":[{"floor":2,"key":"Explosive Potion"},{"floor":4,"key":"Explosive Potion"},{"floor":5,"key":"EssenceOfSteel"},{"floor":11,"key":"Ancient Potion"}],"is_trial":false,"path_per_floor":["M","M","?","M","M","R","$","E","T","?","E","?","M","?","R","B"],"character_chosen":"IRONCLAD","items_purchased":[],"campfire_rested":1,"item_purchase_floors":[],"current_hp_per_floor":[80,80,72,78,83,83,83,66,66,66,49,31,39,39,65,0],"gold":286,"neow_bonus":"RANDOM_COLORLESS_2","is_prod":false,"is_daily":false,"chose_seed":false,"campfire_upgraded":1,"win_rate":0.0,"timestamp":1548631160,"path_taken":["M","M","?","?","M","R","?","E","T","?","E","?","M","?","R","BOSS"],"build_version":"2019-01-23","purchased_purges":0,"victory":false,"max_hp_per_floor":[80,80,80,80,83,83,83,86,86,86,86,86,89,89,89,89],"card_choices":[{"not_picked":["Carnage","True Grit"],"picked":"Clash","floor":1},{"not_picked":["Carnage","Perfected Strike"],"picked":"Rage","floor":2},{"not_picked":["Pommel Strike","Shrug It Off"],"picked":"Feed","floor":4},{"not_picked":["Warcry","Twin Strike"],"picked":"Clothesline","floor":5},{"not_picked":["Sword Boomerang","Whirlwind"],"picked":"True Grit","floor":8},{"not_picked":["Armaments","True Grit"],"picked":"Double Tap","floor":11},{"not_picked":["Clothesline","Twin Strike"],"picked":"Metallicize","floor":13}],"player_experience":21691,"relics_obtained":[{"floor":8,"key":"Juzu Bracelet"},{"floor":9,"key":"MawBank"},{"floor":11,"key":"Darkstone Periapt"}],"event_choices":[{"damage_healed":0,"gold_gain":0,"player_choice":"Damaged","damage_taken":8,"max_hp_gain":0,"max_hp_loss":0,"event_name":"Wheel of Change","floor":3,"gold_loss":0},{"damage_healed":0,"gold_gain":61,"player_choice":"Gained Gold","damage_taken":0,"max_hp_gain":0,"max_hp_loss":0,"event_name":"Golden Wing","floor":10,"gold_loss":0},{"damage_healed":0,"gold_gain":0,"player_choice":"Success","damage_taken":18,"relics_obtained":["Shuriken"],"max_hp_gain":0,"max_hp_loss":0,"event_name":"Scrap Ooze","floor":12,"gold_loss":0},{"damage_healed":0,"gold_gain":0,"player_choice":"Grow","damage_taken":0,"max_hp_gain":0,"max_hp_loss":0,"event_name":"Living Wall","floor":14,"gold_loss":0,"cards_upgraded":["Double Tap"]}],"is_beta":false,"boss_relics":[],"items_purged_floors":[],"is_endless":false,"potions_floor_spawned":[2,4,5,11],"killed_by":"Hexaghost","ascension_level":0}