{"gold_per_floor":[110,110,31,47,47,77,93,120,120,120],"floor_reached":10,"playtime":300,"items_purged":[],"score":126,"play_id":"a0358ba8-11ca-4a1e-9c0a-f66315d22665","local_time":"20190209203630","is_ascension_mode":true,"campfire_choices":[],"neow_cost":"NONE","seed_source_timestamp":820738263359071,"circlet_count":0,"master_deck":["Defend_G","Defend_G","Defend_G","Defend_G","Defend_G","Strike_G","Strike_G","Strike_G","Strike_G","Survivor","Neutralize","Backflip","Dash","Dagger Throw","Expertise","Blur","Caltrops"],"relics":["Ring of the Snake","NeowsBlessing","Pantograph","Regal Pillow","Gremlin Horn","Meat on the Bone"],"potions_floor_usage":[],"damage_taken":[{"damage":0,"enemies":"Small Slimes","floor":1,"turns":1},{"damage":0,"enemies":"2 Louse","floor":4,"turns":1},{"damage":0,"enemies":"Gremlin Nob","floor":6,"turns":1},{"damage":2,"enemies":"Jaw Worm","floor":7,"turns":3},{"damage":22,"enemies":"3 Sentries","floor":8,"turns":11},{"damage":44,"enemies":"Gremlin Nob","floor":10,"turns":4}],"seed_played":"6092325311916360087","potions_obtained":[{"floor":6,"key":"SneckoOil"},{"floor":8,"key":"GamblersBrew"}],"is_trial":false,"path_per_floor":["M","?","$","M","?","E","M","E","T","E"],"character_chosen":"THE_SILENT","items_purchased":["Dash"],"campfire_rested":0,"item_purchase_floors":[3],"current_hp_per_floor":[70,67,67,67,67,67,65,43,43,0],"gold":120,"neow_bonus":"THREE_ENEMY_KILL","is_prod":false,"is_daily":false,"chose_seed":false,"campfire_upgraded":0,"win_rate":0,"timestamp":1549762590,"path_taken":["M","?","$","M","?","E","M","E","T","E"],"build_version":"2019-01-23","purchased_purges":0,"victory":false,"max_hp_per_floor":[70,70,70,70,70,70,70,70,70,70],"card_choices":[{"not_picked":["Dagger Throw","Accuracy"],"picked":"Backflip","floor":1},{"not_picked":["Bane","Underhanded Strike"],"picked":"Dagger Throw","floor":4},{"not_picked":["Expertise","Tools of the Trade"],"picked":"Blur","floor":6},{"not_picked":["Bane","Deadly Poison","Outmaneuver"],"picked":"SKIP","floor":7},{"not_picked":["Flying Knee","Deflect"],"picked":"Caltrops","floor":8}],"player_experience":199234,"relics_obtained":[{"floor":6,"key":"Regal Pillow"},{"floor":8,"key":"Gremlin Horn"},{"floor":9,"key":"Meat on the Bone"}],"event_choices":[{"damage_healed":0,"gold_gain":0,"player_choice":"Success","damage_taken":3,"relics_obtained":["Pantograph"],"max_hp_gain":0,"max_hp_loss":0,"event_name":"Scrap Ooze","floor":2,"gold_loss":0},{"damage_healed":0,"gold_gain":0,"cards_transformed":["Strike_G"],"player_choice":"Change","damage_taken":0,"max_hp_gain":0,"max_hp_loss":0,"event_name":"Living Wall","floor":5,"gold_loss":0,"cards_obtained":["Expertise"]}],"is_beta":false,"boss_relics":[],"items_purged_floors":[],"is_endless":false,"potions_floor_spawned":[6,8],"killed_by":"Gremlin Nob","ascension_level":5}