{"gold_per_floor":[117,127,140,140,153,153,178,178,178,189,204,204,218,253,253,358,358,373,387,387,73,92,119,119,119,169,169,169,25,43,43,43,43],"floor_reached":33,"playtime":1661,"items_purged":["Strike_R"],"score":332,"play_id":"d537dd5b-61ce-43fa-8768-ec30b427c281","local_time":"20190629224156","is_ascension_mode":true,"campfire_choices":[{"data":"Uppercut","floor":6,"key":"SMITH"},{"data":"Body Slam","floor":8,"key":"SMITH"},{"data":"Pommel Strike","floor":12,"key":"SMITH"},{"data":"Dual Wield","floor":15,"key":"SMITH"},{"floor":24,"key":"REST"},{"data":"Immolate","floor":32,"key":"SMITH"}],"neow_cost":"NONE","seed_source_timestamp":595438361942100,"circlet_count":0,"master_deck":["Strike_R+1","Strike_R+1","Defend_R","Defend_R","Defend_R","Defend_R","Bash","Fire Breathing","Pommel Strike+1","Uppercut+1","Rage","Body Slam+1","Anger","Dropkick","Dual Wield+1","Immolate+1","Offering","Warcry","Flame Barrier+1","Evolve+1","Fire Breathing+1","Fire Breathing+1","Inflame+1","Necronomicurse","Armaments+1"],"relics":["Burning Blood","Regal Pillow","Frozen Egg 2","Dodecahedron","Orrery","Bottled Flame","Lantern","Vajra","Necronomicon","Whetstone"],"potions_floor_usage":[7,10,16,18,33],"damage_taken":[{"damage":3,"enemies":"Jaw Worm","floor":1,"turns":5},{"damage":6,"enemies":"Cultist","floor":2,"turns":3},{"damage":4,"enemies":"2 Louse","floor":3,"turns":4},{"damage":9,"enemies":"Looter","floor":5,"turns":3},{"damage":8,"enemies":"Lagavulin","floor":7,"turns":5},{"damage":10,"enemies":"2 Fungi Beasts","floor":10,"turns":4},{"damage":0,"enemies":"3 Louse","floor":11,"turns":3},{"damage":3,"enemies":"Looter","floor":13,"turns":3},{"damage":12,"enemies":"Gremlin Nob","floor":14,"turns":4},{"damage":37,"enemies":"The Guardian","floor":16,"turns":9},{"damage":20,"enemies":"2 Thieves","floor":18,"turns":3},{"damage":1,"enemies":"3 Byrds","floor":19,"turns":2},{"damage":8,"enemies":"3 Cultists","floor":22,"turns":4},{"damage":36,"enemies":"Gremlin Leader","floor":23,"turns":6},{"damage":12,"enemies":"Snecko","floor":30,"turns":4},{"damage":83,"enemies":"Automaton","floor":33,"turns":8}],"seed_played":"-2576731078950962709","potions_obtained":[{"floor":5,"key":"EssenceOfSteel"},{"floor":7,"key":"PowerPotion"},{"floor":14,"key":"PowerPotion"},{"floor":16,"key":"Energy Potion"},{"floor":23,"key":"FairyPotion"},{"floor":30,"key":"Fruit Juice"}],"is_trial":false,"path_per_floor":["M","M","M","?","M","R","E","R","T","M","M","R","M","E","R","B",null,"M","M","?","$","M","E","R","?","T","?","?","$","M","$","R","B"],"character_chosen":"IRONCLAD","items_purchased":["Bottled Flame","Whetstone"],"campfire_rested":1,"item_purchase_floors":[21,29],"current_hp_per_floor":[80,80,80,80,77,77,75,75,75,71,77,77,80,74,74,43,80,66,71,71,71,69,39,78,78,78,62,62,62,56,56,56,0],"gold":43,"neow_bonus":"TRANSFORM_CARD","is_prod":false,"is_daily":false,"chose_seed":false,"campfire_upgraded":5,"win_rate":0,"timestamp":1561873316,"path_taken":["M","M","M","?","M","R","E","R","T","?","M","R","M","E","R","BOSS","M","M","?","$","M","E","R","?","T","?","?","$","M","$","R","BOSS"],"build_version":"2019-01-23","purchased_purges":1,"victory":false,"max_hp_per_floor":[80,80,80,80,80,80,80,80,80,80,80,80,80,80,80,80,80,80,80,80,80,80,80,80,80,80,80,80,80,80,80,80,85],"card_choices":[{"not_picked":["Heavy Blade","Flex"],"picked":"Pommel Strike","floor":1},{"not_picked":["Havoc","Perfected Strike","Clash"],"picked":"SKIP","floor":2},{"not_picked":["Twin Strike","True Grit"],"picked":"Uppercut","floor":3},{"not_picked":["Wild Strike","Inflame"],"picked":"Rage","floor":5},{"not_picked":["Havoc","Hemokinesis"],"picked":"Body Slam","floor":7},{"not_picked":["Body Slam","Seeing Red"],"picked":"Anger","floor":10},{"not_picked":["Wild Strike","Thunderclap","Sword Boomerang"],"picked":"SKIP","floor":11},{"not_picked":["Heavy Blade","Seeing Red"],"picked":"Dropkick","floor":13},{"not_picked":["Dropkick","Hemokinesis"],"picked":"Dual Wield","floor":14},{"not_picked":["Barricade+1","Fiend Fire"],"picked":"Immolate","floor":16},{"not_picked":["Uppercut","Carnage"],"picked":"Offering","floor":17},{"not_picked":["Anger","Clash"],"picked":"Warcry","floor":17},{"not_picked":["Flex","Perfected Strike+1"],"picked":"Flame Barrier+1","floor":18},{"not_picked":["Havoc+1","True Grit"],"picked":"Evolve+1","floor":19},{"not_picked":["True Grit+1","Carnage"],"picked":"Fire Breathing+1","floor":22},{"not_picked":["Clash","Disarm"],"picked":"Inflame+1","floor":23},{"not_picked":["Wild Strike","Perfected Strike+1"],"picked":"Armaments+1","floor":30}],"player_experience":537410,"relics_obtained":[{"floor":7,"key":"Regal Pillow"},{"floor":9,"key":"Frozen Egg 2"},{"floor":14,"key":"Dodecahedron"},{"floor":23,"key":"Lantern"},{"floor":26,"key":"Vajra"},{"floor":27,"key":"Necronomicon"}],"event_choices":[{"cards_removed":["Strike_R"],"damage_healed":0,"gold_gain":0,"player_choice":"Purged","damage_taken":0,"max_hp_gain":0,"max_hp_loss":0,"event_name":"Purifier","floor":4,"gold_loss":0},{"damage_healed":0,"gold_gain":0,"player_choice":"Read","damage_taken":0,"max_hp_gain":0,"max_hp_loss":0,"event_name":"The Library","floor":20,"gold_loss":0,"cards_obtained":["Fire Breathing"]},{"damage_healed":0,"gold_gain":0,"player_choice":"Ignored","damage_taken":0,"max_hp_gain":0,"max_hp_loss":0,"event_name":"Vampires","floor":25,"gold_loss":0},{"damage_healed":0,"gold_gain":0,"player_choice":"Obtained Book","damage_taken":16,"max_hp_gain":0,"max_hp_loss":0,"event_name":"Cursed Tome","floor":27,"gold_loss":0},{"damage_healed":0,"gold_gain":0,"player_choice":"Ignored","damage_taken":0,"max_hp_gain":0,"max_hp_loss":0,"event_name":"The Mausoleum","floor":28,"gold_loss":0}],"is_beta":false,"boss_relics":[{"not_picked":["Velvet Choker","Runic Dome"],"picked":"Orrery"}],"items_purged_floors":[21],"is_endless":false,"potions_floor_spawned":[5,7,14,16,23,30],"killed_by":"Automaton","ascension_level":4}