{"gold_per_floor":[114,114,129,45,65,65,65,65,91,111,111,261,261,261,261,261],"floor_reached":16,"playtime":364,"items_purged":[],"score":172,"play_id":"4978cd3e-a8b3-4be0-97ec-936968efee45","local_time":"20190627230536","is_ascension_mode":true,"campfire_choices":[{"data":"Corruption","floor":6,"key":"SMITH"},{"data":"Metallicize","floor":8,"key":"SMITH"},{"data":"Infernal Blade","floor":11,"key":"SMITH"},{"data":"Pommel Strike","floor":15,"key":"SMITH"}],"neow_cost":"TEN_PERCENT_HP_LOSS","seed_source_timestamp":1296899393435738,"circlet_count":0,"master_deck":["AscendersBane","Strike_R","Strike_R","Strike_R","Strike_R","Defend_R","Defend_R","Defend_R","Defend_R","Bash","Barricade+1","Corruption+1","Pommel Strike+1","Metallicize+1","Iron Wave","Parasite","Infernal Blade+1"],"relics":["Burning Blood","Pen Nib"],"potions_floor_usage":[3,10],"damage_taken":[{"damage":10,"enemies":"Small Slimes","floor":1,"turns":3},{"damage":7,"enemies":"Cultist","floor":3,"turns":4},{"damage":12,"enemies":"Jaw Worm","floor":5,"turns":2},{"damage":27,"enemies":"Large Slime","floor":10,"turns":7},{"damage":40,"enemies":"Slime Boss","floor":16,"turns":10}],"seed_played":"-780928612554499882","potions_obtained":[{"floor":1,"key":"Poison Potion"},{"floor":5,"key":"SteroidPotion"}],"is_trial":false,"path_per_floor":["M","?","M","$","M","R","?","R","T","M","R","?","?","?","R","B"],"character_chosen":"IRONCLAD","items_purchased":["Metallicize"],"campfire_rested":0,"item_purchase_floors":[4],"current_hp_per_floor":[64,64,63,63,57,57,68,68,68,47,47,47,40,40,40,0],"gold":261,"neow_bonus":"THREE_RARE_CARDS","is_prod":false,"is_daily":false,"chose_seed":false,"campfire_upgraded":4,"win_rate":0,"timestamp":1561701936,"path_taken":["M","?","M","$","?","R","?","R","T","M","R","?","?","?","R","BOSS"],"build_version":"2019-01-23","purchased_purges":0,"victory":false,"max_hp_per_floor":[68,68,68,68,68,68,68,68,68,68,68,68,68,68,68,68],"card_choices":[{"not_picked":["Double Tap","Impervious"],"picked":"Barricade","floor":0},{"not_picked":["Rampage","True Grit"],"picked":"Corruption","floor":1},{"not_picked":["Cleave","Twin Strike"],"picked":"Pommel Strike","floor":3},{"not_picked":["Headbutt","Thunderclap"],"picked":"Iron Wave","floor":5},{"not_picked":["Clothesline","Fire Breathing"],"picked":"Infernal Blade","floor":10}],"player_experience":1095414,"relics_obtained":[{"floor":9,"key":"Pen Nib"}],"event_choices":[{"damage_healed":0,"gold_gain":0,"player_choice":"Upgraded","damage_taken":0,"max_hp_gain":0,"max_hp_loss":0,"event_name":"Upgrade Shrine","floor":2,"gold_loss":0,"cards_upgraded":["Barricade"]},{"damage_healed":17,"gold_gain":0,"player_choice":"Healed and dodged fight","damage_taken":0,"max_hp_gain":0,"max_hp_loss":0,"event_name":"Mushrooms","floor":7,"gold_loss":0,"cards_obtained":["Parasite"]},{"damage_healed":0,"gold_gain":150,"player_choice":"AGREE","damage_taken":0,"max_hp_gain":0,"max_hp_loss":0,"event_name":"Liars Game","floor":12,"gold_loss":0,"cards_obtained":["Doubt"]},{"cards_removed":["Doubt"],"damage_healed":0,"gold_gain":0,"player_choice":"Card Removal","damage_taken":7,"max_hp_gain":0,"max_hp_loss":0,"event_name":"Golden Wing","floor":13,"gold_loss":0},{"cards_removed":["Strike_R"],"damage_healed":0,"gold_gain":0,"player_choice":"Purged","damage_taken":0,"max_hp_gain":0,"max_hp_loss":0,"event_name":"Purifier","floor":14,"gold_loss":0}],"is_beta":false,"boss_relics":[],"items_purged_floors":[],"is_endless":false,"potions_floor_spawned":[1,5],"killed_by":"Slime Boss","ascension_level":19}