{"gold_per_floor":[116,131,131,148,162,191,191,191,191,210,82,99,118,41,41,140,140,158,178,192,291,291],"floor_reached":22,"playtime":2540,"items_purged":["Strike_G"],"score":265,"play_id":"71872c53-7b9b-4db8-bb50-a48e0c8bca82","local_time":"20190219212850","is_ascension_mode":true,"campfire_choices":[{"floor":8,"key":"REST"},{"data":"Noxious Fumes","floor":15,"key":"SMITH"}],"neow_cost":"NONE","seed_source_timestamp":351665587173948,"circlet_count":0,"master_deck":["Defend_G","Defend_G","Defend_G","Defend_G","Defend_G","Strike_G","Strike_G","Strike_G","Survivor","Neutralize","Bouncing Flask","Flying Knee","Infinite Blades","Blade Dance","Well Laid Plans","Leg Sweep","Footwork","Noxious Fumes+1","Noxious Fumes","Malaise","Deflect","Die Die Die","Bouncing Flask"],"relics":["Ring of the Snake","Snake Skull","Spirit Poop","Smiling Mask","Eternal Feather"],"potions_floor_usage":[6,12,12,16,22,22],"damage_taken":[{"damage":2,"enemies":"Jaw Worm","floor":1,"turns":4},{"damage":0,"enemies":"Cultist","floor":2,"turns":3},{"damage":4,"enemies":"Small Slimes","floor":4,"turns":4},{"damage":13,"enemies":"3 Louse","floor":5,"turns":4},{"damage":17,"enemies":"Lagavulin","floor":6,"turns":6},{"damage":6,"enemies":"Exordium Wildlife","floor":10,"turns":6},{"damage":6,"enemies":"Gremlin Gang","floor":12,"turns":4},{"damage":4,"enemies":"2 Fungi Beasts","floor":13,"turns":5},{"damage":5,"enemies":"The Guardian","floor":16,"turns":7},{"damage":4,"enemies":"Chosen","floor":18,"turns":6},{"damage":2,"enemies":"Shell Parasite","floor":19,"turns":6},{"damage":20,"enemies":"Snake Plant","floor":20,"turns":5},{"damage":47,"enemies":"Cultist and Chosen","floor":22,"turns":4}],"seed_played":"-6280527154561493247","potions_obtained":[{"floor":2,"key":"Poison Potion"},{"floor":5,"key":"Explosive Potion"},{"floor":6,"key":"Weak Potion"},{"floor":13,"key":"GhostInAJar"},{"floor":16,"key":"Ancient Potion"},{"floor":20,"key":"GamblersBrew"}],"is_trial":false,"path_per_floor":["M","M","?","M","M","E","?","R","T","M","$","M","M","$","R","B",null,"M","M","M","?","M"],"character_chosen":"THE_SILENT","items_purchased":["Noxious Fumes","Noxious Fumes"],"campfire_rested":1,"item_purchase_floors":[11,14],"current_hp_per_floor":[61,61,61,57,44,27,27,48,48,42,42,36,32,32,32,27,59,55,53,33,33,0],"gold":291,"neow_bonus":"TRANSFORM_CARD","is_prod":false,"is_daily":false,"chose_seed":false,"campfire_upgraded":1,"win_rate":0,"timestamp":1550629730,"path_taken":["M","M","?","?","M","E","?","R","T","M","$","M","M","$","R","BOSS","M","M","?","?","M"],"build_version":"2019-01-23","purchased_purges":1,"victory":false,"max_hp_per_floor":[70,70,70,70,70,70,70,70,70,70,70,70,70,70,70,70,70,70,70,70,70,70],"card_choices":[{"not_picked":["Dodge and Roll","Poisoned Stab"],"picked":"Flying Knee","floor":1},{"not_picked":["Expertise","Eviscerate"],"picked":"Infinite Blades","floor":2},{"not_picked":["Poisoned Stab","Backflip"],"picked":"Blade Dance","floor":4},{"not_picked":["Bouncing Flask","Eviscerate"],"picked":"Well Laid Plans","floor":5},{"not_picked":["Backflip","Acrobatics"],"picked":"Leg Sweep","floor":6},{"not_picked":["Unload","Prepared"],"picked":"Footwork","floor":10},{"not_picked":["Bane","PiercingWail","Distraction"],"picked":"SKIP","floor":12},{"not_picked":["Slice","Deflect","Backflip"],"picked":"SKIP","floor":13},{"not_picked":["Venomology","Night Terror"],"picked":"Malaise","floor":16},{"not_picked":["Deadly Poison","Dagger Throw"],"picked":"Deflect","floor":18},{"not_picked":["Poisoned Stab","Deflect+1"],"picked":"Die Die Die","floor":19},{"not_picked":["Dodge and Roll+1","Dagger Spray"],"picked":"Bouncing Flask","floor":20}],"player_experience":287353,"relics_obtained":[{"floor":6,"key":"Snake Skull"},{"floor":9,"key":"Smiling Mask"}],"event_choices":[{"damage_healed":0,"gold_gain":0,"player_choice":"Cursed","damage_taken":0,"max_hp_gain":0,"max_hp_loss":0,"event_name":"Wheel of Change","floor":3,"gold_loss":0,"cards_obtained":["Decay"]},{"cards_removed":["Decay"],"damage_healed":0,"gold_gain":0,"player_choice":"Offered Curse","damage_taken":0,"relics_obtained":["Spirit Poop"],"max_hp_gain":0,"max_hp_loss":0,"event_name":"Bonfire Elementals","floor":7,"gold_loss":0},{"damage_healed":0,"gold_gain":99,"player_choice":"Stole From Cult","damage_taken":0,"max_hp_gain":0,"max_hp_loss":0,"event_name":"Nest","floor":21,"gold_loss":0}],"is_beta":false,"boss_relics":[{"not_picked":["Tiny House","Ectoplasm"],"picked":"Eternal Feather"}],"items_purged_floors":[11],"is_endless":false,"potions_floor_spawned":[2,5,6,13,16,20],"killed_by":"Cultist and Chosen","ascension_level":8}