{"gold_per_floor":[20,30,49,49,49,49,49,61,61,336,367,46,71,90,90,90],"floor_reached":16,"playtime":631,"items_purged":["Regret"],"score":204,"play_id":"cef369c0-62fe-4375-9ddf-180dde03291e","local_time":"20190323223633","is_ascension_mode":true,"campfire_choices":[{"floor":15,"key":"REST"}],"neow_cost":"NO_GOLD","seed_source_timestamp":276969228202756,"circlet_count":0,"master_deck":["AscendersBane","Strike_R","Strike_R","Strike_R","Strike_R","Strike_R","Defend_R","Defend_R","Defend_R","Defend_R","Bash","Limit Break","Clothesline","Whirlwind+1","Flame Barrier","Iron Wave","Reaper","Flex","Armaments","Armaments","Flex"],"relics":["Burning Blood","Bag of Marbles","Blue Candle","Omamori","Bird Faced Urn"],"potions_floor_usage":[11,13],"damage_taken":[{"damage":18,"enemies":"Jaw Worm","floor":1,"turns":7},{"damage":10,"enemies":"Small Slimes","floor":2,"turns":5},{"damage":8,"enemies":"Cultist","floor":3,"turns":4},{"damage":0,"enemies":"2 Fungi Beasts","floor":8,"turns":2},{"damage":32,"enemies":"3 Sentries","floor":11,"turns":9},{"damage":43,"enemies":"Gremlin Nob","floor":13,"turns":6},{"damage":7,"enemies":"Looter","floor":14,"turns":5},{"damage":56,"enemies":"Hexaghost","floor":16,"turns":14}],"seed_played":"-4785547142034226788","potions_obtained":[{"floor":1,"key":"Weak Potion"},{"floor":2,"key":"Block Potion"},{"floor":13,"key":"GamblersBrew"}],"is_trial":false,"path_per_floor":["M","M","M","?","?","$","?","M","T","?","E","$","E","M","R","B"],"character_chosen":"IRONCLAD","items_purchased":["Omamori","Flex","Armaments"],"campfire_rested":1,"item_purchase_floors":[12,12,12],"current_hp_per_floor":[56,52,50,75,75,75,75,75,75,75,49,49,18,23,45,0],"gold":90,"neow_bonus":"THREE_RARE_CARDS","is_prod":false,"is_daily":false,"chose_seed":false,"campfire_upgraded":0,"win_rate":0,"timestamp":1553394993,"path_taken":["M","M","M","?","?","?","?","?","T","?","E","$","E","M","R","BOSS"],"build_version":"2019-01-23","purchased_purges":1,"victory":false,"max_hp_per_floor":[75,75,75,75,75,75,75,75,75,75,75,75,75,75,75,75],"card_choices":[{"not_picked":["Offering","Reaper"],"picked":"Limit Break","floor":0},{"not_picked":["Rage","Fire Breathing"],"picked":"Clothesline","floor":1},{"not_picked":["Headbutt","Corruption"],"picked":"Whirlwind","floor":2},{"not_picked":["Clothesline","Wild Strike"],"picked":"Flame Barrier","floor":3},{"not_picked":["Warcry","Clash"],"picked":"Iron Wave","floor":8},{"not_picked":["Reckless Charge","Flex"],"picked":"Reaper","floor":11},{"not_picked":["Corruption","Infernal Blade"],"picked":"Armaments","floor":13},{"not_picked":["Rupture","Havoc"],"picked":"Flex","floor":14}],"player_experience":457305,"relics_obtained":[{"floor":9,"key":"Bag of Marbles"},{"floor":11,"key":"Blue Candle"},{"floor":13,"key":"Bird Faced Urn"}],"event_choices":[{"damage_healed":25,"gold_gain":0,"player_choice":"Banana","damage_taken":0,"max_hp_gain":0,"max_hp_loss":0,"event_name":"Big Fish","floor":4,"gold_loss":0},{"damage_healed":0,"gold_gain":0,"player_choice":"Leave","damage_taken":0,"max_hp_gain":0,"max_hp_loss":0,"event_name":"The Cleric","floor":5,"gold_loss":0},{"damage_healed":0,"gold_gain":0,"player_choice":"Grow","damage_taken":0,"max_hp_gain":0,"max_hp_loss":0,"event_name":"Living Wall","floor":7,"gold_loss":0,"cards_upgraded":["Whirlwind"]},{"damage_healed":0,"gold_gain":275,"player_choice":"Desecrate","damage_taken":0,"max_hp_gain":0,"max_hp_loss":0,"event_name":"Golden Shrine","floor":10,"gold_loss":0,"cards_obtained":["Regret"]}],"is_beta":false,"boss_relics":[],"items_purged_floors":[12],"is_endless":false,"potions_floor_spawned":[1,2,3,13],"killed_by":"Hexaghost","ascension_level":17}