{"gold_per_floor":[119,119,132,132,142,142,142,158,203,233,233,9,9,29,29,29],"floor_reached":16,"playtime":472,"items_purged":[],"score":180,"play_id":"43a85bdc-b4ba-4dd9-a870-b0ce88301f93","local_time":"20190601170556","is_ascension_mode":true,"campfire_choices":[{"data":"Loop","floor":6,"key":"SMITH"},{"floor":11,"key":"REST"},{"data":"Ball Lightning","floor":13,"key":"SMITH"},{"data":"Chaos","floor":15,"key":"SMITH"}],"neow_cost":"NONE","seed_source_timestamp":6339713358335,"circlet_count":0,"master_deck":["AscendersBane","Strike_B","Strike_B","Strike_B","Defend_B","Defend_B","Defend_B","Defend_B","Zap","Dualcast","BootSequence","Loop+1","FTL","Ball Lightning+1","Chaos+1"],"relics":["Cracked Core","Omamori","Orichalcum","ClockworkSouvenir"],"potions_floor_usage":[0,10,10,16],"damage_taken":[{"damage":2,"enemies":"Jaw Worm","floor":1,"turns":3},{"damage":0,"enemies":"Cultist","floor":3,"turns":3},{"damage":1,"enemies":"Small Slimes","floor":5,"turns":4},{"damage":7,"enemies":"Red Slaver","floor":8,"turns":4},{"damage":21,"enemies":"Gremlin Nob","floor":10,"turns":4},{"damage":0,"enemies":"Blue Slaver","floor":14,"turns":3},{"damage":75,"enemies":"The Guardian","floor":16,"turns":15}],"seed_played":"3849592346834287424","potions_obtained":[{"floor":0,"key":"SmokeBomb"},{"floor":0,"key":"Fruit Juice"},{"floor":0,"key":"Explosive Potion"},{"floor":4,"key":"FocusPotion"},{"floor":10,"key":"SteroidPotion"},{"floor":14,"key":"Regen Potion"}],"is_trial":false,"path_per_floor":["M","?","M","?","M","R","?","M","T","E","R","$","R","M","R","B"],"character_chosen":"DEFECT","items_purchased":["ClockworkSouvenir"],"campfire_rested":1,"item_purchase_floors":[12],"current_hp_per_floor":[67,67,67,67,66,66,66,59,59,38,60,60,60,60,60,0],"gold":29,"neow_bonus":"THREE_SMALL_POTIONS","is_prod":false,"is_daily":false,"chose_seed":false,"campfire_upgraded":3,"win_rate":0,"timestamp":1559433956,"path_taken":["M","?","?","?","?","R","?","M","T","E","R","$","R","M","R","BOSS"],"build_version":"2019-01-23","purchased_purges":0,"victory":false,"max_hp_per_floor":[76,76,76,76,76,76,76,76,76,76,76,76,76,76,76,76],"card_choices":[{"not_picked":["Beam Cell","Hologram"],"picked":"BootSequence","floor":1},{"not_picked":["Go for the Eyes","Recycle","Chill"],"picked":"SKIP","floor":3},{"not_picked":["Barrage","Reprogram"],"picked":"Loop","floor":5},{"not_picked":["Hologram","Beam Cell"],"picked":"FTL","floor":8},{"not_picked":["Aggregate","Steam Power"],"picked":"Ball Lightning","floor":10},{"not_picked":["Redo","Static Discharge"],"picked":"Chaos","floor":14}],"player_experience":935206,"relics_obtained":[{"floor":9,"key":"Omamori"},{"floor":10,"key":"Orichalcum"}],"event_choices":[{"damage_healed":0,"gold_gain":0,"player_choice":"0 cards matched","damage_taken":0,"max_hp_gain":0,"max_hp_loss":0,"event_name":"Match and Keep!","floor":2,"gold_loss":0,"cards_obtained":[]},{"damage_healed":0,"gold_gain":0,"player_choice":"Got Potions","damage_taken":0,"max_hp_gain":0,"max_hp_loss":0,"event_name":"Lab","floor":4,"gold_loss":0},{"cards_removed":["Strike_B"],"damage_healed":0,"gold_gain":0,"player_choice":"Purged","damage_taken":0,"max_hp_gain":0,"max_hp_loss":0,"event_name":"Purifier","floor":7,"gold_loss":0}],"is_beta":false,"boss_relics":[],"items_purged_floors":[],"is_endless":false,"potions_floor_spawned":[8,10,14],"killed_by":"The Guardian","ascension_level":16}