{"gold_per_floor":[112,126,142,67,67,67,92,92,149,160,160,170,181,206,206,206],"floor_reached":16,"playtime":678,"items_purged":[],"score":224,"play_id":"a8051310-4099-4f51-ae4b-995e89fa958f","local_time":"20190628153727","is_ascension_mode":true,"campfire_choices":[{"data":"Skewer","floor":6,"key":"SMITH"},{"data":"Neutralize","floor":8,"key":"SMITH"},{"data":"Crippling Poison","floor":11,"key":"SMITH"},{"floor":15,"key":"REST"}],"neow_cost":"NONE","seed_source_timestamp":591115043225303,"circlet_count":0,"master_deck":["AscendersBane","Defend_G","Defend_G","Defend_G","Defend_G","Defend_G","Strike_G","Strike_G","Strike_G","Survivor","Neutralize+1","Die Die Die","Skewer+1","Backflip","Well Laid Plans","Crippling Poison+1","Leg Sweep","Dodge and Roll"],"relics":["Ring of the Snake","Happy Flower","Tiny Chest","Orichalcum"],"potions_floor_usage":[7,14,14,16],"damage_taken":[{"damage":0,"enemies":"Small Slimes","floor":1,"turns":3},{"damage":0,"enemies":"2 Louse","floor":2,"turns":2},{"damage":1,"enemies":"Cultist","floor":3,"turns":3},{"damage":9,"enemies":"3 Sentries","floor":7,"turns":8},{"damage":0,"enemies":"2 Fungi Beasts","floor":10,"turns":2},{"damage":5,"enemies":"Red Slaver","floor":12,"turns":2},{"damage":4,"enemies":"Exordium Thugs","floor":13,"turns":5},{"damage":30,"enemies":"Gremlin Nob","floor":14,"turns":6},{"damage":23,"enemies":"Hexaghost","floor":16,"turns":12}],"seed_played":"5962918916300809942","potions_obtained":[{"floor":1,"key":"SkillPotion"},{"floor":7,"key":"FearPotion"},{"floor":12,"key":"Energy Potion"},{"floor":13,"key":"EssenceOfSteel"},{"floor":14,"key":"Explosive Potion"}],"is_trial":false,"path_per_floor":["M","M","M","?","?","R","E","R","T","M","R","M","M","E","R","B"],"character_chosen":"THE_SILENT","items_purchased":[],"campfire_rested":1,"item_purchase_floors":[],"current_hp_per_floor":[59,59,58,58,51,51,42,42,42,42,42,37,33,3,22,0],"gold":206,"neow_bonus":"ONE_RANDOM_RARE_CARD","is_prod":false,"is_daily":false,"chose_seed":false,"campfire_upgraded":3,"win_rate":0,"timestamp":1561750647,"path_taken":["M","M","M","?","?","R","E","R","T","M","R","M","M","E","R","BOSS"],"build_version":"2019-01-23","purchased_purges":0,"victory":false,"max_hp_per_floor":[66,66,66,66,66,66,66,66,66,66,66,66,66,66,66,66],"card_choices":[{"not_picked":["Expertise","Underhanded Strike","Prepared"],"picked":"SKIP","floor":1},{"not_picked":["Slice","Outmaneuver"],"picked":"Skewer","floor":2},{"not_picked":["Slice","Underhanded Strike"],"picked":"Backflip","floor":3},{"not_picked":["Deflect","Storm of Steel"],"picked":"Well Laid Plans","floor":7},{"not_picked":["Slice","Poisoned Stab"],"picked":"Crippling Poison","floor":10},{"not_picked":["Finisher","Quick Slash"],"picked":"Leg Sweep","floor":12},{"not_picked":["Outmaneuver","Slice"],"picked":"Dodge and Roll","floor":13},{"not_picked":["Crippling Poison","Riddle With Holes","Quick Slash"],"picked":"SKIP","floor":14}],"player_experience":988354,"relics_obtained":[{"floor":7,"key":"Happy Flower"},{"floor":9,"key":"Tiny Chest"},{"floor":14,"key":"Orichalcum"}],"event_choices":[{"cards_removed":["Strike_G"],"damage_healed":0,"gold_gain":0,"player_choice":"Card Removal","damage_taken":0,"max_hp_gain":0,"max_hp_loss":0,"event_name":"The Cleric","floor":4,"gold_loss":75},{"cards_removed":["Strike_G"],"damage_healed":0,"gold_gain":0,"player_choice":"Card Removal","damage_taken":7,"max_hp_gain":0,"max_hp_loss":0,"event_name":"Golden Wing","floor":5,"gold_loss":0}],"is_beta":false,"boss_relics":[],"items_purged_floors":[],"is_endless":false,"potions_floor_spawned":[1,7,12,13,14],"killed_by":"Hexaghost","ascension_level":20}