{"gold_per_floor":[119,119,119,45,55,55,87,87,139,171,182,162,180,194,194,269,269,282,282,300,318,191,191,205,222,294,294],"floor_reached":27,"playtime":1247,"items_purged":["Strike_G"],"score":405,"play_id":"7aef62d6-f5d1-49f6-b949-4c59733e3a58","local_time":"20190412180944","is_ascension_mode":true,"campfire_choices":[{"data":"Dash","floor":6,"key":"SMITH"},{"floor":8,"key":"REST"},{"data":"Caltrops","floor":15,"key":"SMITH"},{"data":"Wraith Form v2","floor":23,"key":"SMITH"}],"neow_cost":"NONE","seed_source_timestamp":232861981938900,"circlet_count":0,"master_deck":["AscendersBane","Defend_G","Defend_G","Defend_G","Defend_G","Defend_G","Strike_G","Strike_G","Survivor","Neutralize","Predator","Tactician","Infinite Blades","Dash+1","Backstab","Caltrops+1","Cloak And Dagger","Acrobatics","Unload","Backflip","Wraith Form v2+1","Dagger Spray","Dagger Throw","Dash"],"relics":["Ring of the Snake","Ice Cream","Dream Catcher","Gremlin Horn","Eternal Feather","Paper Crane"],"potions_floor_usage":[16,16,16,16,21,24,24,25],"damage_taken":[{"damage":0,"enemies":"Jaw Worm","floor":1,"turns":6},{"damage":0,"enemies":"Small Slimes","floor":5,"turns":4},{"damage":30,"enemies":"Lagavulin","floor":7,"turns":9},{"damage":30,"enemies":"Gremlin Nob","floor":10,"turns":5},{"damage":0,"enemies":"Cultist","floor":11,"turns":3},{"damage":2,"enemies":"Looter","floor":13,"turns":2},{"damage":0,"enemies":"Gremlin Gang","floor":14,"turns":4},{"damage":2,"enemies":"Hexaghost","floor":16,"turns":9},{"damage":1,"enemies":"3 Byrds","floor":18,"turns":5},{"damage":14,"enemies":"Chosen","floor":20,"turns":5},{"damage":10,"enemies":"Snake Plant","floor":21,"turns":5},{"damage":31,"enemies":"Cultist and Chosen","floor":24,"turns":8},{"damage":5,"enemies":"Shelled Parasite and Fungi","floor":25,"turns":6},{"damage":16,"enemies":"Sentry and Sphere","floor":27,"turns":3}],"seed_played":"5198259729314246159","potions_obtained":[{"floor":7,"key":"Energy Potion"},{"floor":11,"key":"GamblersBrew"},{"floor":12,"key":"EntropicBrew"},{"floor":16,"key":"Weak Potion"},{"floor":20,"key":"Energy Potion"},{"floor":21,"key":"Block Potion"},{"floor":24,"key":"Strength Potion"}],"is_trial":false,"path_per_floor":["M","?","?","$","M","R","E","R","T","E","M","?","M","M","R","B",null,"M","?","M","M","$","R","M","M","T","M"],"character_chosen":"THE_SILENT","items_purchased":["Infinite Blades","Dagger Throw"],"campfire_rested":1,"item_purchase_floors":[4,22],"current_hp_per_floor":[65,65,65,65,65,65,35,56,56,26,26,26,24,24,24,22,60,59,59,45,35,35,47,16,11,11,0],"gold":294,"neow_bonus":"TEN_PERCENT_HP_BONUS","is_prod":false,"is_daily":false,"chose_seed":false,"campfire_upgraded":3,"win_rate":0,"timestamp":1555106984,"path_taken":["M","?","?","$","?","R","E","R","T","E","M","?","?","M","R","BOSS","M","?","M","M","$","R","M","M","T","M"],"build_version":"2019-01-23","purchased_purges":1,"victory":false,"max_hp_per_floor":[72,72,72,72,72,72,72,72,72,72,72,72,72,72,72,72,72,72,72,72,72,72,72,72,72,72,72],"card_choices":[{"not_picked":["Prepared","Riddle With Holes"],"picked":"Predator","floor":1},{"not_picked":["Deadly Poison","Slice"],"picked":"Dash","floor":5},{"not_picked":["Terror","Bouncing Flask"],"picked":"Backstab","floor":7},{"not_picked":["Dash","Flechettes"],"picked":"Caltrops","floor":10},{"not_picked":["Underhanded Strike","PiercingWail"],"picked":"Cloak And Dagger","floor":11},{"not_picked":["Sucker Punch","Reflex","Underhanded Strike"],"picked":"SKIP","floor":13},{"not_picked":["Dodge and Roll","Escape Plan"],"picked":"Acrobatics","floor":14},{"not_picked":["Venomology","Malaise"],"picked":"Unload","floor":16},{"not_picked":["Acrobatics","Dodge and Roll"],"picked":"Backflip","floor":18},{"not_picked":["Acrobatics","Poisoned Stab"],"picked":"Dagger Spray","floor":20},{"not_picked":["Flying Knee","Blade Dance+1","Slice"],"picked":"SKIP","floor":21},{"not_picked":["Slice","Flying Knee"],"picked":"Dash","floor":24},{"not_picked":["Expertise","Blade Dance","Acrobatics"],"picked":"SKIP","floor":25}],"player_experience":566503,"relics_obtained":[{"floor":7,"key":"Ice Cream"},{"floor":9,"key":"Dream Catcher"},{"floor":10,"key":"Gremlin Horn"},{"floor":26,"key":"Paper Crane"}],"event_choices":[{"damage_healed":0,"gold_gain":0,"player_choice":"Ignored","damage_taken":0,"max_hp_gain":0,"max_hp_loss":0,"event_name":"Shining Light","floor":2,"gold_loss":0},{"damage_healed":0,"gold_gain":0,"cards_transformed":["Strike_G"],"player_choice":"Transformed","damage_taken":0,"max_hp_gain":0,"max_hp_loss":0,"event_name":"Transmorgrifier","floor":3,"gold_loss":0,"cards_obtained":["Tactician"]},{"damage_healed":0,"gold_gain":0,"player_choice":"Bought 1 Potion","damage_taken":0,"max_hp_gain":0,"max_hp_loss":0,"event_name":"The Woman in Blue","floor":12,"gold_loss":0},{"damage_healed":0,"gold_gain":0,"cards_transformed":["Strike_G"],"player_choice":"Transformed","damage_taken":0,"max_hp_gain":0,"max_hp_loss":0,"event_name":"Transmorgrifier","floor":19,"gold_loss":0,"cards_obtained":["Wraith Form v2"]}],"is_beta":false,"boss_relics":[{"not_picked":["Lizard Tail","HoveringKite"],"picked":"Eternal Feather"}],"items_purged_floors":[22],"is_endless":false,"potions_floor_spawned":[7,11,13,16,20,21,24],"killed_by":"Sentry and Sphere","ascension_level":16}