{"gold_per_floor":[119,119,132,144,163,191,191,203,285,285,295,325,325,355,355,453,453,463,473,573,585,58,93,93,122,171,171,190,223,242,94,94,197,197,215,215,14,59,59,59,89,89,89,122,142,142,162,172,172,172,172,172,29,63,63],"floor_reached":56,"playtime":2870,"items_purged":[],"score":1516,"play_id":"d385c6ba-bfa8-4a2c-adb9-ea4c6125e998","local_time":"20190629100941","is_ascension_mode":true,"campfire_choices":[{"data":"Fire Breathing","floor":10,"key":"SMITH"},{"data":"Sentinel","floor":13,"key":"SMITH"},{"data":"Anger","floor":15,"key":"SMITH"},{"data":"Corruption","floor":24,"key":"SMITH"},{"data":"Dark Embrace","floor":27,"key":"SMITH"},{"floor":32,"key":"REST"},{"floor":40,"key":"RECALL"},{"data":"Rage","floor":42,"key":"SMITH"},{"data":"Flex","floor":46,"key":"SMITH"},{"data":"Bash","floor":49,"key":"SMITH"},{"data":"Shrug It Off","floor":52,"key":"SMITH"}],"neow_cost":"NONE","seed_source_timestamp":1072498945340539,"circlet_count":0,"master_deck":["Strike_R+1","Strike_R","Strike_R","Strike_R+1","Defend_R","Defend_R","Defend_R+1","Defend_R+1","Bash+1","Anger","Anger+1","Sentinel+1","Fire Breathing+1","Shrug It Off","Flex+1","Intimidate","Dropkick","Dark Embrace+1","Corruption+1","Wild Strike+1","Heavy Blade+1","Infernal Blade+1","Shrug It Off+1","Body Slam+1","Inflame+1","Limit Break","Twin Strike+1","Shrug It Off","Body Slam+1","Offering+1","Shockwave+1","Anger","Body Slam+1","Rage+1","Body Slam+1","Bloodletting+1","Anger+1","Rupture+1"],"relics":["Burning Blood","NeowsBlessing","Nunchaku","Incense Burner","Red Skull","Runic Pyramid","Letter Opener","Bird Faced Urn","Toolbox","Bottled Tornado","Whetstone","Gambling Chip","War Paint","Pen Nib","Bag of Marbles","Runic Cube","Blood Vial","Calipers","Potion Belt","Meat on the Bone","Bottled Lightning","Oddly Smooth Stone","Self Forming Clay"],"potions_floor_usage":[12,12,14,16,20,29,33,33,38,47,54],"damage_taken":[{"damage":0,"enemies":"2 Louse","floor":1,"turns":1},{"damage":0,"enemies":"Cultist","floor":3,"turns":1},{"damage":0,"enemies":"Jaw Worm","floor":4,"turns":1},{"damage":19,"enemies":"Large Slime","floor":5,"turns":6},{"damage":41,"enemies":"Gremlin Nob","floor":6,"turns":5},{"damage":32,"enemies":"Exordium Thugs","floor":8,"turns":5},{"damage":2,"enemies":"2 Fungi Beasts","floor":11,"turns":3},{"damage":19,"enemies":"Lagavulin","floor":12,"turns":4},{"damage":11,"enemies":"3 Sentries","floor":14,"turns":8},{"damage":0,"enemies":"Slime Boss","floor":16,"turns":6},{"damage":12,"enemies":"3 Byrds","floor":18,"turns":6},{"damage":17,"enemies":"Shell Parasite","floor":19,"turns":4},{"damage":30,"enemies":"Colosseum Slavers","floor":20,"turns":5},{"damage":0,"enemies":"Colosseum Nobs","floor":20,"turns":4},{"damage":21,"enemies":"Snake Plant","floor":21,"turns":4},{"damage":18,"enemies":"Book of Stabbing","floor":23,"turns":4},{"damage":0,"enemies":"Gremlin Leader","floor":25,"turns":4},{"damage":0,"enemies":"Cultist and Chosen","floor":28,"turns":3},{"damage":44,"enemies":"Slavers","floor":29,"turns":5},{"damage":10,"enemies":"3 Cultists","floor":30,"turns":5},{"damage":13,"enemies":"Collector","floor":33,"turns":5},{"damage":24,"enemies":"3 Shapes","floor":35,"turns":2},{"damage":1,"enemies":"2 Orb Walkers","floor":38,"turns":3},{"damage":6,"enemies":"Giant Head","floor":41,"turns":5},{"damage":10,"enemies":"Reptomancer","floor":44,"turns":2},{"damage":6,"enemies":"Orb Walker","floor":45,"turns":2},{"damage":3,"enemies":"Transient","floor":47,"turns":5},{"damage":7,"enemies":"Sphere and 2 Shapes","floor":48,"turns":3},{"damage":53,"enemies":"Donu and Deca","floor":50,"turns":4},{"damage":58,"enemies":"Shield and Spear","floor":54,"turns":5},{"damage":27,"enemies":"The Heart","floor":55,"turns":4}],"seed_played":"-4114997734757913405","potions_obtained":[{"floor":3,"key":"EssenceOfSteel"},{"floor":4,"key":"PowerPotion"},{"floor":6,"key":"Dexterity Potion"},{"floor":14,"key":"PowerPotion"},{"floor":19,"key":"Energy Potion"},{"floor":28,"key":"SkillPotion"},{"floor":29,"key":"GamblersBrew"},{"floor":30,"key":"Energy Potion"},{"floor":33,"key":"Energy Potion"},{"floor":45,"key":"Strength Potion"},{"floor":54,"key":"Fruit Juice"}],"is_trial":false,"path_per_floor":["M","?","M","M","M","E","?","M","T","R","M","E","R","E","R","B",null,"M","M","?","M","$","E","R","E","T","R","M","E","M","$","R","B",null,"M","?","$","?","?","R","E","R","T","E","M","R","M","M","R","B",null,"R","$","E","B",null],"character_chosen":"IRONCLAD","items_purchased":["Toolbox","Bottled Tornado","Shrug It Off","Body Slam","Bag of Marbles","Blood Vial","Anger","Oddly Smooth Stone"],"campfire_rested":1,"item_purchase_floors":[22,22,22,22,31,37,37,53],"current_hp_per_floor":[80,64,70,76,63,28,80,54,54,54,58,45,45,40,40,46,80,74,63,45,36,36,30,30,46,46,46,58,28,32,32,56,57,80,62,62,62,73,73,73,80,80,80,77,80,80,80,80,80,51,80,80,80,51,54],"gold":63,"neow_bonus":"THREE_ENEMY_KILL","is_prod":false,"is_daily":false,"chose_seed":false,"campfire_upgraded":9,"win_rate":0,"timestamp":1561828181,"path_taken":["M","?","M","M","M","E","?","M","T","R","?","E","R","E","R","BOSS","M","?","?","M","$","E","R","E","T","R","M","E","M","?","R","BOSS","M","?","?","?","?","R","E","R","T","E","M","R","M","M","R","BOSS","R","$","E","BOSS"],"build_version":"2019-01-23","purchased_purges":0,"victory":true,"max_hp_per_floor":[80,80,80,80,80,80,80,80,80,80,80,80,80,80,80,80,80,80,80,80,80,80,80,80,80,80,80,80,80,80,80,80,80,80,80,80,80,80,80,80,80,80,80,80,80,80,80,80,80,80,80,80,80,85,85],"card_choices":[{"not_picked":["Headbutt","Wild Strike"],"picked":"Anger","floor":1},{"not_picked":["True Grit","Shockwave"],"picked":"Anger","floor":3},{"not_picked":["Spot Weakness","Twin Strike"],"picked":"Sentinel","floor":4},{"not_picked":["Flex","True Grit"],"picked":"Fire Breathing","floor":5},{"not_picked":["Wild Strike","Twin Strike"],"picked":"Entrench","floor":6},{"not_picked":["Havoc","Iron Wave"],"picked":"Shrug It Off","floor":8},{"not_picked":["Power Through","Whirlwind"],"picked":"Flex","floor":11},{"not_picked":["Impervious","Pommel Strike"],"picked":"Intimidate","floor":12},{"not_picked":["Cleave","Burning Pact"],"picked":"Dropkick","floor":14},{"not_picked":["Impervious","Demon Form"],"picked":"Dark Embrace","floor":16},{"not_picked":["Evolve","Pommel Strike"],"picked":"Corruption","floor":18},{"not_picked":["Iron Wave","Pommel Strike"],"picked":"Wild Strike+1","floor":19},{"not_picked":["Thunderclap","Entrench+1"],"picked":"Heavy Blade+1","floor":20},{"not_picked":["Clothesline","Combust+1"],"picked":"Infernal Blade","floor":21},{"not_picked":["Whirlwind","Warcry+1"],"picked":"Inflame+1","floor":23},{"not_picked":["Warcry","Havoc+1"],"picked":"Limit Break","floor":25},{"not_picked":["Cleave","Combust"],"picked":"Twin Strike+1","floor":28},{"not_picked":["Clash","Thunderclap+1"],"picked":"Shrug It Off","floor":29},{"not_picked":["Armaments","True Grit+1"],"picked":"Body Slam+1","floor":30},{"not_picked":["Bludgeon","Berserk"],"picked":"Offering","floor":33},{"not_picked":["Shrug It Off","Dropkick"],"picked":"Shockwave+1","floor":35},{"not_picked":["Thunderclap+1","Inflame"],"picked":"Body Slam+1","floor":38},{"not_picked":["Pommel Strike+1","Armaments"],"picked":"Rage","floor":41},{"not_picked":["Burning Pact+1","Warcry+1"],"picked":"Body Slam+1","floor":44},{"not_picked":["Fiend Fire","Warcry+1"],"picked":"Bloodletting+1","floor":45},{"not_picked":["Ghostly Armor","Body Slam"],"picked":"Anger+1","floor":47},{"not_picked":["Twin Strike","Pummel+1","Blood for Blood+1"],"picked":"SKIP","floor":48},{"not_picked":["Wild Strike","Pummel+1"],"picked":"Rupture+1","floor":54}],"player_experience":42421,"relics_obtained":[{"floor":6,"key":"Nunchaku"},{"floor":12,"key":"Incense Burner"},{"floor":14,"key":"Red Skull"},{"floor":20,"key":"Letter Opener"},{"floor":20,"key":"Bird Faced Urn"},{"floor":23,"key":"Whetstone"},{"floor":25,"key":"Gambling Chip"},{"floor":26,"key":"War Paint"},{"floor":29,"key":"Pen Nib"},{"floor":38,"key":"Calipers"},{"floor":41,"key":"Potion Belt"},{"floor":43,"key":"Meat on the Bone"},{"floor":44,"key":"Bottled Lightning"},{"floor":54,"key":"Self Forming Clay"}],"event_choices":[{"damage_healed":0,"gold_gain":0,"player_choice":"Entered Light","damage_taken":16,"max_hp_gain":0,"max_hp_loss":0,"event_name":"Shining Light","floor":2,"gold_loss":0,"cards_upgraded":["Defend_R","Strike_R"]},{"cards_removed":["Entrench"],"damage_healed":52,"gold_gain":0,"player_choice":"Offered Uncommon","damage_taken":0,"max_hp_gain":0,"max_hp_loss":0,"event_name":"Bonfire Elementals","floor":7,"gold_loss":0},{"damage_healed":0,"gold_gain":0,"player_choice":"Fight","damage_taken":0,"max_hp_gain":0,"max_hp_loss":0,"event_name":"Colosseum","floor":20,"gold_loss":0},{"damage_healed":0,"gold_gain":0,"player_choice":"Fought Nobs","damage_taken":0,"max_hp_gain":0,"max_hp_loss":0,"event_name":"Colosseum","floor":20,"gold_loss":0},{"damage_healed":0,"gold_gain":0,"player_choice":"Upgraded","damage_taken":0,"max_hp_gain":0,"max_hp_loss":0,"event_name":"Upgrade Shrine","floor":36,"gold_loss":0,"cards_upgraded":["Offering"]},{"damage_healed":0,"gold_gain":0,"player_choice":"Fight","damage_taken":0,"max_hp_gain":0,"max_hp_loss":0,"event_name":"Mysterious Sphere","floor":38,"gold_loss":0},{"cards_removed":["Strike_R"],"damage_healed":0,"gold_gain":0,"player_choice":"Removed Attack","damage_taken":0,"max_hp_gain":0,"max_hp_loss":0,"event_name":"Falling","floor":39,"gold_loss":0}],"is_beta":false,"boss_relics":[{"not_picked":["Coffee Dripper","Ectoplasm"],"picked":"Runic Pyramid"},{"not_picked":["Lizard Tail","Sozu"],"picked":"Runic Cube"}],"items_purged_floors":[],"is_endless":false,"potions_floor_spawned":[3,4,6,11,14,19,20,28,29,30,33,45,54],"ascension_level":1}