{"gold_per_floor":[111,129,147,157,176,176,207,207,257,257,257,288,288,288,288,419,419,443,457,382,62,75,96,96,111,136,136,36,70,93,127,127,253,253,274,294,294,307,307,307,307],"floor_reached":41,"playtime":2053,"items_purged":["Strike_R","Strike_R"],"score":532,"play_id":"5a0f33d0-3810-4eb4-aa6f-813a14351411","local_time":"20190621020336","is_ascension_mode":true,"campfire_choices":[{"data":"Body Slam","floor":6,"key":"SMITH"},{"data":"Rampage","floor":8,"key":"SMITH"},{"floor":10,"key":"REST"},{"data":"Battle Trance","floor":15,"key":"SMITH"},{"floor":24,"key":"REST"},{"data":"Shrug It Off","floor":27,"key":"SMITH"},{"data":"Warcry","floor":32,"key":"SMITH"},{"data":"Ghostly Armor","floor":40,"key":"SMITH"}],"neow_cost":"TEN_PERCENT_HP_LOSS","seed_source_timestamp":114728088575859,"circlet_count":0,"master_deck":["Defend_R","Defend_R","Defend_R","Defend_R","Bash","Body Slam+1","Headbutt","Rampage+1","Battle Trance+1","Demon Form+1","Shrug It Off+1","Ghostly Armor+1","Shrug It Off+1","Warcry+1","Shrug It Off","Brutality+1"],"relics":["Burning Blood","Charon\u0027s Ashes","Art of War","Frozen Egg 2","Golden Idol","Busted Crown","TheAbacus","Strawberry","Omamori","Sundial","Eternal Feather"],"potions_floor_usage":[5,7,12,22,22,29,31,38,41],"damage_taken":[{"damage":11,"enemies":"Cultist","floor":1,"turns":4},{"damage":13,"enemies":"Jaw Worm","floor":2,"turns":5},{"damage":7,"enemies":"2 Louse","floor":3,"turns":3},{"damage":6,"enemies":"Looter","floor":4,"turns":4},{"damage":4,"enemies":"Large Slime","floor":5,"turns":6},{"damage":35,"enemies":"3 Sentries","floor":7,"turns":8},{"damage":14,"enemies":"Gremlin Nob","floor":12,"turns":3},{"damage":39,"enemies":"The Guardian","floor":16,"turns":10},{"damage":13,"enemies":"Chosen","floor":18,"turns":5},{"damage":1,"enemies":"Spheric Guardian","floor":19,"turns":3},{"damage":33,"enemies":"Chosen and Byrds","floor":22,"turns":7},{"damage":2,"enemies":"Snake Plant","floor":23,"turns":4},{"damage":2,"enemies":"Cultist and Chosen","floor":25,"turns":4},{"damage":4,"enemies":"Slavers","floor":29,"turns":5},{"damage":0,"enemies":"3 Cultists","floor":30,"turns":4},{"damage":5,"enemies":"Book of Stabbing","floor":31,"turns":5},{"damage":13,"enemies":"Collector","floor":33,"turns":7},{"damage":29,"enemies":"3 Darklings","floor":35,"turns":4},{"damage":18,"enemies":"Orb Walker","floor":36,"turns":3},{"damage":8,"enemies":"Jaw Worm Horde","floor":38,"turns":4},{"damage":68,"enemies":"Reptomancer","floor":41,"turns":3}],"seed_played":"-6532346787976574564","potions_obtained":[{"floor":4,"key":"SpeedPotion"},{"floor":5,"key":"Regen Potion"},{"floor":7,"key":"PowerPotion"},{"floor":18,"key":"SpeedPotion"},{"floor":19,"key":"SkillPotion"},{"floor":23,"key":"PowerPotion"},{"floor":29,"key":"Block Potion"},{"floor":35,"key":"Energy Potion"},{"floor":38,"key":"Regen Potion"}],"is_trial":false,"path_per_floor":["M","M","M","M","M","R","E","R","T","R","?","E","?","?","R","B",null,"M","M","?","$","M","M","R","M","T","R","$","E","M","E","R","B",null,"M","M","?","M","?","R","E"],"character_chosen":"IRONCLAD","items_purchased":["TheAbacus","Ghostly Armor"],"campfire_rested":2,"item_purchase_floors":[21,21],"current_hp_per_floor":[67,60,59,59,61,61,47,47,47,68,73,65,65,62,62,29,71,64,69,69,69,42,46,67,71,78,78,78,78,78,78,78,71,78,55,43,43,41,41,50,0],"gold":307,"neow_bonus":"REMOVE_TWO","is_prod":false,"is_daily":false,"chose_seed":false,"campfire_upgraded":6,"win_rate":0,"timestamp":1561107816,"path_taken":["M","M","M","?","M","R","E","R","T","R","?","E","?","?","R","BOSS","M","M","?","$","M","M","R","M","T","R","$","E","M","E","R","BOSS","M","M","?","M","?","R","E"],"build_version":"2019-01-23","purchased_purges":2,"victory":false,"max_hp_per_floor":[72,72,72,72,72,72,72,72,72,72,77,77,71,71,71,71,71,71,71,71,71,71,71,71,71,78,78,78,78,78,78,78,78,78,78,78,78,78,78,78,78],"card_choices":[{"not_picked":["Armaments","True Grit","Intimidate"],"picked":"SKIP","floor":1},{"not_picked":["True Grit","Seeing Red"],"picked":"Body Slam","floor":2},{"not_picked":["Anger","Shockwave"],"picked":"Headbutt","floor":3},{"not_picked":["Anger","Heavy Blade"],"picked":"Rampage","floor":4},{"not_picked":["Shockwave","Hemokinesis","Body Slam"],"picked":"SKIP","floor":5},{"not_picked":["Headbutt","Corruption"],"picked":"Battle Trance","floor":7},{"not_picked":["Combust","Havoc","Barricade"],"picked":"SKIP","floor":12},{"not_picked":["Double Tap","Bludgeon"],"picked":"Demon Form+1","floor":16},{"not_picked":["Clash"],"picked":"SKIP","floor":18},{"not_picked":[],"picked":"Shrug It Off","floor":19},{"not_picked":[],"picked":"Shrug It Off+1","floor":22},{"not_picked":["Pummel"],"picked":"SKIP","floor":23},{"not_picked":["Perfected Strike"],"picked":"SKIP","floor":25},{"not_picked":[],"picked":"Fire Breathing+1","floor":29},{"not_picked":[],"picked":"Warcry","floor":30},{"not_picked":[],"picked":"Shrug It Off","floor":31},{"not_picked":[],"picked":"Brutality+1","floor":33},{"not_picked":["Clash+1"],"picked":"SKIP","floor":35},{"not_picked":["Clash"],"picked":"SKIP","floor":36},{"not_picked":["Thunderclap+1"],"picked":"SKIP","floor":38}],"player_experience":456839,"relics_obtained":[{"floor":7,"key":"Charon\u0027s Ashes"},{"floor":9,"key":"Art of War"},{"floor":12,"key":"Frozen Egg 2"},{"floor":26,"key":"Strawberry"},{"floor":29,"key":"Omamori"},{"floor":31,"key":"Sundial"}],"event_choices":[{"damage_healed":0,"gold_gain":0,"player_choice":"Donut","damage_taken":0,"max_hp_gain":5,"max_hp_loss":0,"event_name":"Big Fish","floor":11,"gold_loss":0},{"damage_healed":0,"gold_gain":0,"player_choice":"Lose Max HP","damage_taken":0,"relics_obtained":["Golden Idol"],"max_hp_gain":0,"max_hp_loss":6,"event_name":"Golden Idol","floor":13,"gold_loss":0},{"damage_healed":0,"gold_gain":0,"player_choice":"Fled","damage_taken":3,"max_hp_gain":0,"max_hp_loss":0,"event_name":"Scrap Ooze","floor":14,"gold_loss":0},{"cards_removed":["Strike_R"],"damage_healed":0,"gold_gain":0,"player_choice":"Gave Gold","damage_taken":0,"max_hp_gain":0,"max_hp_loss":0,"event_name":"Beggar","floor":20,"gold_loss":75},{"damage_healed":0,"gold_gain":0,"player_choice":"Ignored","damage_taken":0,"max_hp_gain":0,"max_hp_loss":0,"event_name":"Tomb of Lord Red Mask","floor":37,"gold_loss":0},{"cards_removed":["Fire Breathing"],"damage_healed":0,"gold_gain":0,"player_choice":"Removed Power","damage_taken":0,"max_hp_gain":0,"max_hp_loss":0,"event_name":"Falling","floor":39,"gold_loss":0}],"is_beta":false,"boss_relics":[{"not_picked":["Runic Pyramid","Coffee Dripper"],"picked":"Busted Crown"},{"not_picked":["Tiny House","Astrolabe"],"picked":"Eternal Feather"}],"items_purged_floors":[21,28],"is_endless":false,"potions_floor_spawned":[4,5,7,18,19,23,29,35,38],"killed_by":"Reptomancer","ascension_level":4}