{"gold_per_floor":[110,122,122,134,153,153,181,18,18,18,18,31,55,55,55,148,148,171,171,171,192,217,217,180,203,203,203],"floor_reached":27,"playtime":946,"items_purged":[],"score":366,"play_id":"1f8a9448-d590-4504-99d9-3d3f150183a5","local_time":"20190126111532","is_ascension_mode":true,"campfire_choices":[{"data":"Demon Form","floor":6,"key":"SMITH"},{"floor":11,"key":"REST"},{"data":"Mayhem","floor":15,"key":"SMITH"},{"floor":23,"key":"REST"}],"neow_cost":"NONE","seed_source_timestamp":1017432455770864,"circlet_count":0,"master_deck":["AscendersBane","Strike_R","Strike_R","Strike_R","Defend_R","Defend_R","Defend_R","Defend_R","Bash","Cleave","Pommel Strike","Evolve","Blood for Blood","Demon Form+1","Feed","Mayhem+1","Second Wind","Shrug It Off","Twin Strike","Rage","Metallicize","Limit Break"],"relics":["Burning Blood","Ginger","Ornamental Fan","Golden Idol","Empty Cage","MutagenicStrength","Darkstone Periapt"],"potions_floor_usage":[7,22,25,27],"damage_taken":[{"damage":3,"enemies":"2 Louse","floor":1,"turns":2},{"damage":1,"enemies":"Cultist","floor":2,"turns":3},{"damage":10,"enemies":"Small Slimes","floor":4,"turns":3},{"damage":16,"enemies":"Looter","floor":5,"turns":4},{"damage":60,"enemies":"Gremlin Nob","floor":7,"turns":6},{"damage":20,"enemies":"2 Fungi Beasts","floor":12,"turns":5},{"damage":15,"enemies":"3 Louse","floor":13,"turns":4},{"damage":25,"enemies":"Hexaghost","floor":16,"turns":9},{"damage":20,"enemies":"Chosen","floor":18,"turns":6},{"damage":38,"enemies":"Shell Parasite","floor":21,"turns":9},{"damage":53,"enemies":"Shelled Parasite and Fungi","floor":22,"turns":7},{"damage":15,"enemies":"Centurion and Healer","floor":25,"turns":6},{"damage":34,"enemies":"Slavers","floor":27,"turns":1}],"seed_played":"2180823172730966523","potions_obtained":[{"floor":1,"key":"LiquidBronze"},{"floor":5,"key":"Dexterity Potion"},{"floor":13,"key":"FearPotion"},{"floor":16,"key":"Regen Potion"},{"floor":22,"key":"Dexterity Potion"},{"floor":25,"key":"Strength Potion"}],"is_trial":false,"path_per_floor":["M","M","?","M","M","R","E","$","T","?","R","M","M","?","R","B",null,"M","?","?","M","M","R","$","M","T","E"],"character_chosen":"IRONCLAD","items_purchased":["Mayhem","Metallicize"],"campfire_rested":2,"item_purchase_floors":[8,24],"current_hp_per_floor":[71,75,75,71,61,61,7,7,7,7,27,16,7,31,31,12,57,43,43,82,50,15,40,40,34,34,0],"gold":203,"neow_bonus":"THREE_CARDS","is_prod":false,"is_daily":false,"chose_seed":false,"campfire_upgraded":2,"win_rate":0,"timestamp":1548530132,"path_taken":["M","M","?","M","?","R","E","$","T","?","R","M","M","?","R","BOSS","M","?","?","?","M","R","$","M","T","E"],"build_version":"2019-01-23","purchased_purges":0,"victory":false,"max_hp_per_floor":[75,75,75,75,75,75,75,75,75,69,69,72,72,72,72,72,72,72,72,82,82,85,85,85,88,88,88],"card_choices":[{"not_picked":["Sword Boomerang","Headbutt"],"picked":"Cleave","floor":0},{"not_picked":["Clash","Heavy Blade"],"picked":"Pommel Strike","floor":1},{"not_picked":["Clothesline","True Grit"],"picked":"Evolve","floor":2},{"not_picked":["Wild Strike","Pommel Strike"],"picked":"Blood for Blood","floor":4},{"not_picked":["Body Slam","Havoc"],"picked":"Demon Form","floor":5},{"not_picked":["Seeing Red","Clothesline"],"picked":"Feed","floor":7},{"not_picked":["Spot Weakness","Twin Strike","Perfected Strike"],"picked":"SKIP","floor":12},{"not_picked":["Rage","Pommel Strike"],"picked":"Second Wind","floor":13},{"not_picked":["Double Tap","Feed"],"picked":"Demon Form","floor":16},{"not_picked":["Flex","Sword Boomerang"],"picked":"Shrug It Off","floor":18},{"not_picked":["True Grit","Thunderclap"],"picked":"Twin Strike","floor":21},{"not_picked":["Cleave","Thunderclap"],"picked":"Rage","floor":22},{"not_picked":["Spot Weakness","Feel No Pain"],"picked":"Limit Break","floor":25}],"player_experience":829709,"relics_obtained":[{"floor":7,"key":"Ginger"},{"floor":9,"key":"Ornamental Fan"},{"floor":26,"key":"Darkstone Periapt"}],"event_choices":[{"damage_healed":0,"gold_gain":0,"player_choice":"Bought 0 Potions","damage_taken":0,"max_hp_gain":0,"max_hp_loss":0,"event_name":"The Woman in Blue","floor":3,"gold_loss":0},{"damage_healed":0,"gold_gain":0,"player_choice":"Lose Max HP","damage_taken":0,"relics_obtained":["Golden Idol"],"max_hp_gain":0,"max_hp_loss":6,"event_name":"Golden Idol","floor":10,"gold_loss":0},{"damage_healed":24,"gold_gain":0,"player_choice":"Banana","damage_taken":0,"max_hp_gain":0,"max_hp_loss":0,"event_name":"Big Fish","floor":14,"gold_loss":0},{"damage_healed":0,"gold_gain":0,"player_choice":"Inject Mutagens","damage_taken":0,"relics_obtained":["MutagenicStrength"],"max_hp_gain":0,"max_hp_loss":0,"event_name":"Drug Dealer","floor":19,"gold_loss":0},{"cards_removed":["Demon Form"],"damage_healed":29,"gold_gain":0,"player_choice":"Offered Rare","damage_taken":0,"max_hp_gain":10,"max_hp_loss":0,"event_name":"Bonfire Elementals","floor":20,"gold_loss":0}],"is_beta":false,"boss_relics":[{"not_picked":["Calling Bell","Coffee Dripper"],"picked":"Empty Cage"}],"items_purged_floors":[],"is_endless":false,"potions_floor_spawned":[1,5,13,16,21,22,25],"killed_by":"Slavers","ascension_level":14}