{"gold_per_floor":[118,118,6,26,43,43,43,43,70,82,109,138,180,212,224,313,325,352,364,394,321,258,270,182,182,206,206,225,225,235,247,247,247],"floor_reached":33,"playtime":1051,"items_purged":["Strike_R","Bash"],"score":482,"play_id":"eee5e493-50e7-4358-ab13-04fbc1727e2e","local_time":"20190628194037","is_ascension_mode":true,"campfire_choices":[{"data":"Shrug It Off","floor":6,"key":"SMITH"},{"data":"Combust","floor":8,"key":"SMITH"},{"data":"Infernal Blade","floor":10,"key":"SMITH"},{"data":"True Grit","floor":15,"key":"SMITH"},{"floor":23,"key":"REST"},{"data":"Immolate","floor":27,"key":"SMITH"},{"data":"Combust","floor":29,"key":"SMITH"},{"floor":32,"key":"REST"}],"neow_cost":"NONE","seed_source_timestamp":1370313702294358,"circlet_count":0,"master_deck":["AscendersBane","Strike_R","Strike_R","Defend_R","Defend_R","Defend_R","Pommel Strike+1","Infernal Blade+1","Immolate+1","Shrug It Off+1","Combust+1","Clothesline","Iron Wave","True Grit+1","Juggernaut+1","Pommel Strike+1","Bludgeon","Combust+1","Metallicize"],"relics":["Burning Blood","NeowsBlessing","MawBank","Question Card","Empty Cage","Boot","Pen Nib"],"potions_floor_usage":[12,13,20,28,30,33],"damage_taken":[{"damage":0,"enemies":"2 Louse","floor":1,"turns":2},{"damage":0,"enemies":"Small Slimes","floor":4,"turns":1},{"damage":0,"enemies":"Cultist","floor":5,"turns":1},{"damage":0,"enemies":"3 Louse","floor":11,"turns":1},{"damage":0,"enemies":"Red Slaver","floor":12,"turns":4},{"damage":12,"enemies":"3 Sentries","floor":13,"turns":3},{"damage":8,"enemies":"2 Fungi Beasts","floor":14,"turns":2},{"damage":46,"enemies":"Slime Boss","floor":16,"turns":10},{"damage":28,"enemies":"3 Byrds","floor":18,"turns":4},{"damage":26,"enemies":"Shell Parasite","floor":20,"turns":9},{"damage":4,"enemies":"Centurion and Healer","floor":28,"turns":7},{"damage":0,"enemies":"Snecko","floor":30,"turns":2},{"damage":15,"enemies":"3 Cultists","floor":31,"turns":4},{"damage":81,"enemies":"Collector","floor":33,"turns":6}],"seed_played":"-7743705515318978633","potions_obtained":[{"floor":4,"key":"SkillPotion"},{"floor":5,"key":"SkillPotion"},{"floor":14,"key":"SpeedPotion"},{"floor":20,"key":"Block Potion"},{"floor":28,"key":"Swift Potion"},{"floor":31,"key":"Energy Potion"}],"is_trial":false,"path_per_floor":["M","?","$","M","M","R","?","R","T","R","M","M","E","M","R","B",null,"M","?","M","?","?","R","$","?","T","R","M","R","M","M","R","B"],"character_chosen":"IRONCLAD","items_purchased":["Infernal Blade"],"campfire_rested":2,"item_purchase_floors":[3],"current_hp_per_floor":[74,74,74,75,75,75,75,75,75,75,75,75,69,67,67,27,63,41,41,21,21,21,43,43,43,43,43,45,45,51,42,64,0],"gold":247,"neow_bonus":"THREE_ENEMY_KILL","is_prod":false,"is_daily":false,"chose_seed":false,"campfire_upgraded":6,"win_rate":0,"timestamp":1561776037,"path_taken":["M","?","$","M","M","R","?","R","T","R","?","M","E","M","R","BOSS","M","?","?","?","?","R","?","?","T","R","M","R","M","M","R","BOSS"],"build_version":"2019-01-23","purchased_purges":2,"victory":false,"max_hp_per_floor":[75,75,75,75,75,75,75,75,75,75,75,75,75,75,75,75,75,75,75,75,75,75,75,75,75,75,75,75,75,75,75,75,75],"card_choices":[{"not_picked":["True Grit","Clash"],"picked":"Pommel Strike","floor":1},{"not_picked":["Armaments","Rampage"],"picked":"Immolate","floor":4},{"not_picked":["Thunderclap","Body Slam"],"picked":"Shrug It Off","floor":5},{"not_picked":["Armaments","Thunderclap","Heavy Blade"],"picked":"SKIP","floor":11},{"not_picked":["Perfected Strike","Heavy Blade"],"picked":"Clothesline","floor":12},{"not_picked":["Anger","Inflame"],"picked":"Iron Wave","floor":13},{"not_picked":["Metallicize","Thunderclap","Perfected Strike"],"picked":"True Grit","floor":14},{"not_picked":["Immolate","Impervious","Berserk"],"picked":"Juggernaut","floor":16},{"not_picked":["Corruption","Whirlwind","Wild Strike+1"],"picked":"Pommel Strike+1","floor":18},{"not_picked":["Carnage+1","Shockwave","Thunderclap","Warcry"],"picked":"SKIP","floor":20},{"not_picked":["Perfected Strike+1","Pommel Strike","Cleave"],"picked":"Combust","floor":28},{"not_picked":["Cleave","Perfected Strike","Warcry","Sword Boomerang+1"],"picked":"SKIP","floor":30},{"not_picked":["Wild Strike","Heavy Blade","Flex"],"picked":"Metallicize","floor":31}],"player_experience":1098883,"relics_obtained":[{"floor":9,"key":"MawBank"},{"floor":13,"key":"Question Card"},{"floor":26,"key":"Pen Nib"}],"event_choices":[{"damage_healed":0,"gold_gain":0,"player_choice":"Grow","damage_taken":0,"max_hp_gain":0,"max_hp_loss":0,"event_name":"Living Wall","floor":2,"gold_loss":0,"cards_upgraded":["Pommel Strike"]},{"damage_healed":0,"gold_gain":0,"player_choice":"1 cards matched","damage_taken":0,"max_hp_gain":0,"max_hp_loss":0,"event_name":"Match and Keep!","floor":7,"gold_loss":0,"cards_obtained":["Combust"]},{"damage_healed":0,"gold_gain":0,"player_choice":"1 cards matched","damage_taken":0,"max_hp_gain":0,"max_hp_loss":0,"event_name":"Match and Keep!","floor":19,"gold_loss":0,"cards_obtained":["Bludgeon"]},{"damage_healed":0,"gold_gain":0,"player_choice":"Obtained Relic","damage_taken":0,"relics_obtained":["Boot"],"max_hp_gain":0,"max_hp_loss":0,"event_name":"Addict","floor":21,"gold_loss":85},{"cards_removed":["Defend_R"],"damage_healed":0,"gold_gain":0,"player_choice":"Gave Gold","damage_taken":0,"max_hp_gain":0,"max_hp_loss":0,"event_name":"Beggar","floor":22,"gold_loss":75},{"damage_healed":0,"gold_gain":0,"player_choice":"Upgraded","damage_taken":0,"max_hp_gain":0,"max_hp_loss":0,"event_name":"Upgrade Shrine","floor":25,"gold_loss":0,"cards_upgraded":["Juggernaut"]}],"is_beta":false,"boss_relics":[{"not_picked":["Runic Dome","Coffee Dripper"],"picked":"Empty Cage"}],"items_purged_floors":[3,24],"is_endless":false,"potions_floor_spawned":[4,5,11,14,20,28,31],"killed_by":"Collector","ascension_level":19}