{"gold_per_floor":[113,288,288,288,19,44,44,44,44,63,80,80,80,97,97,195,195,205,205,224,244,261,261,261,261,308,343,70,89,89],"floor_reached":30,"playtime":1864,"items_purged":["Doubt","Strike_B"],"score":452,"play_id":"092ce79e-3468-4e9c-b331-c7fee0eef153","local_time":"20190212185441","is_ascension_mode":true,"campfire_choices":[{"floor":12,"key":"REST"},{"floor":15,"key":"REST"},{"floor":23,"key":"REST"},{"floor":25,"key":"REST"}],"neow_cost":"NONE","seed_source_timestamp":0,"circlet_count":0,"master_deck":["Strike_B+1","Strike_B","Strike_B","Defend_B","Defend_B","Defend_B","Defend_B","Zap","Dualcast","Blind","Coolheaded+1","Glacier","Undo","Conserve Battery","Loop","Echo Form","Auto Shields","Beam Cell+1","Rainbow","Apotheosis","Echo Form","Defragment","Lockon"],"special_seed":0,"relics":["Cracked Core","Mercury Hourglass","Membership Card","Torii","Ice Cream","Busted Crown","Nloth\u0027s Gift","Blood Vial","Orichalcum","DollysMirror"],"potions_floor_usage":[27,27,27,30],"damage_taken":[{"damage":7,"enemies":"Jaw Worm","floor":1,"turns":3},{"damage":20,"enemies":"Lagavulin","floor":6,"turns":8},{"damage":1,"enemies":"Small Slimes","floor":10,"turns":3},{"damage":0,"enemies":"2 Louse","floor":11,"turns":2},{"damage":0,"enemies":"2 Fungi Beasts","floor":14,"turns":4},{"damage":16,"enemies":"The Guardian","floor":16,"turns":19},{"damage":18,"enemies":"Shell Parasite","floor":18,"turns":6},{"damage":21,"enemies":"3 Byrds","floor":20,"turns":5},{"damage":8,"enemies":"Shelled Parasite and Fungi","floor":21,"turns":10},{"damage":0,"enemies":"Snecko","floor":22,"turns":6},{"damage":56,"enemies":"Gremlin Leader","floor":27,"turns":11},{"damage":1,"enemies":"Centurion and Healer","floor":29,"turns":8},{"damage":9,"enemies":"Snake Plant","floor":30,"turns":3}],"seed_played":"3293204177839514224","potions_obtained":[{"floor":11,"key":"SteroidPotion"},{"floor":14,"key":"SteroidPotion"},{"floor":16,"key":"SteroidPotion"},{"floor":27,"key":"Ancient Potion"},{"floor":29,"key":"PowerPotion"}],"is_trial":false,"path_per_floor":["M","?","?","T","$","E","?","?","T","M","M","R","?","M","R","B",null,"M","?","M","M","M","R","?","R","T","E","$","M","M"],"character_chosen":"DEFECT","items_purchased":["Membership Card","Apotheosis","DollysMirror","Defragment"],"campfire_rested":4,"item_purchase_floors":[5,28,28,28],"current_hp_per_floor":[61,61,46,46,46,26,44,26,26,25,25,47,40,40,61,45,65,47,47,26,18,18,39,39,60,60,6,6,7,0],"gold":89,"neow_bonus":"RANDOM_COLORLESS","is_prod":false,"is_daily":false,"chose_seed":false,"campfire_upgraded":0,"win_rate":0,"timestamp":1550015681,"path_taken":["M","?","?","?","$","E","?","?","T","M","?","R","?","M","R","BOSS","M","?","M","M","M","R","?","R","T","E","$","?","M"],"build_version":"2019-01-23","purchased_purges":2,"victory":false,"max_hp_per_floor":[75,75,75,75,75,75,75,75,75,75,75,75,72,72,72,72,72,72,72,72,72,72,72,72,72,72,72,72,72,72],"card_choices":[{"not_picked":["Darkness","Beam Cell"],"picked":"Coolheaded","floor":1},{"not_picked":["Hyperbeam","Coolheaded"],"picked":"Glacier","floor":6},{"not_picked":["Genetic Algorithm","Stack"],"picked":"Undo","floor":10},{"not_picked":["Hologram","Double Energy"],"picked":"Conserve Battery","floor":11},{"not_picked":["Reprogram","Ball Lightning"],"picked":"Loop","floor":14},{"not_picked":["Hyperbeam","Rainbow"],"picked":"Echo Form","floor":16},{"not_picked":[],"picked":"Auto Shields","floor":18},{"not_picked":["Hologram"],"picked":"SKIP","floor":20},{"not_picked":[],"picked":"Beam Cell+1","floor":21},{"not_picked":["Chill"],"picked":"SKIP","floor":22},{"not_picked":[],"picked":"Rainbow","floor":27},{"not_picked":[],"picked":"Lockon","floor":29}],"player_experience":236952,"relics_obtained":[{"floor":4,"key":"Mercury Hourglass"},{"floor":6,"key":"Torii"},{"floor":9,"key":"Bottled Flame"},{"floor":26,"key":"Blood Vial"},{"floor":27,"key":"Orichalcum"}],"event_choices":[{"damage_healed":0,"gold_gain":175,"player_choice":"AGREE","damage_taken":0,"max_hp_gain":0,"max_hp_loss":0,"event_name":"Liars Game","floor":2,"gold_loss":0,"cards_obtained":["Doubt"]},{"damage_healed":0,"gold_gain":0,"player_choice":"Entered Light","damage_taken":15,"max_hp_gain":0,"max_hp_loss":0,"event_name":"Shining Light","floor":3,"gold_loss":0,"cards_upgraded":["Strike_B","Coolheaded"]},{"damage_healed":18,"gold_gain":0,"player_choice":"Healed and dodged fight","damage_taken":0,"max_hp_gain":0,"max_hp_loss":0,"event_name":"Mushrooms","floor":7,"gold_loss":0,"cards_obtained":["Parasite"]},{"damage_healed":0,"gold_gain":0,"player_choice":"Success","damage_taken":18,"relics_obtained":["Ice Cream"],"max_hp_gain":0,"max_hp_loss":0,"event_name":"Scrap Ooze","floor":8,"gold_loss":0},{"cards_removed":["Parasite"],"damage_healed":0,"gold_gain":0,"player_choice":"Card Removal","damage_taken":7,"max_hp_gain":0,"max_hp_loss":0,"event_name":"Golden Wing","floor":13,"gold_loss":0},{"damage_healed":0,"gold_gain":0,"player_choice":"Ignored","damage_taken":0,"max_hp_gain":0,"max_hp_loss":0,"event_name":"Vampires","floor":19,"gold_loss":0},{"damage_healed":0,"gold_gain":0,"player_choice":"Traded Relic","damage_taken":0,"relics_obtained":["Nloth\u0027s Gift"],"max_hp_gain":0,"max_hp_loss":0,"event_name":"N\u0027loth","floor":24,"relics_lost":["Bottled Flame"],"gold_loss":0}],"is_beta":false,"boss_relics":[{"not_picked":["Black Star","Fusion Hammer"],"picked":"Busted Crown"}],"items_purged_floors":[5,28],"is_endless":false,"potions_floor_spawned":[11,14,16,21,27,29],"killed_by":"Snake Plant","ascension_level":6}