{"gold_per_floor":[112,129,129,141,11,11,11,45,45,57,88,88,103,114,114,193,193,211,211,226,25,25,45,45,45,45,45,56,56,56,19,19,19],"floor_reached":33,"playtime":1335,"items_purged":["Injury"],"score":495,"play_id":"356377b8-5e3d-48e0-a21b-c1840fe65f68","local_time":"20190602161529","is_ascension_mode":true,"campfire_choices":[{"data":"Self Repair","floor":6,"key":"SMITH"},{"data":"Self Repair","floor":12,"key":"SMITH"},{"data":"Barrage","floor":15,"key":"SMITH"},{"data":"Defragment","floor":25,"key":"SMITH"},{"data":"Ball Lightning","floor":27,"key":"SMITH"},{"data":"Compile Driver","floor":29,"key":"SMITH"},{"data":"Defend_B","floor":32,"key":"SMITH"}],"neow_cost":"NONE","seed_source_timestamp":88848404311148,"circlet_count":0,"master_deck":["AscendersBane","Strike_B","Strike_B","Defend_B","Defend_B","Defend_B","Defend_B+1","Zap","Dualcast","FTL","Steam Power","Self Repair+1","Ball Lightning+1","Self Repair+1","Reinforced Body+1","Coolheaded+1","Compile Driver","Leap+1","Barrage+1","Fission+1","Compile Driver+1","BootSequence+1","Defragment+1","Leap+1","Shame","Steam+1","Redo+1","Scrape","Consume+1","FTL"],"relics":["Cracked Core","NeowsBlessing","Toxic Egg 2","Gremlin Horn","Inserter","Nloth\u0027s Gift","Cables","Singing Bowl"],"potions_floor_usage":[8,8,16,23,30],"damage_taken":[{"damage":0,"enemies":"Jaw Worm","floor":1,"turns":1},{"damage":0,"enemies":"Cultist","floor":2,"turns":1},{"damage":0,"enemies":"2 Louse","floor":4,"turns":1},{"damage":35,"enemies":"Lagavulin","floor":8,"turns":6},{"damage":0,"enemies":"Lots of Slimes","floor":10,"turns":4},{"damage":31,"enemies":"3 Sentries","floor":11,"turns":8},{"damage":10,"enemies":"3 Louse","floor":13,"turns":3},{"damage":3,"enemies":"Looter","floor":14,"turns":5},{"damage":62,"enemies":"Hexaghost","floor":16,"turns":11},{"damage":26,"enemies":"Spheric Guardian","floor":18,"turns":5},{"damage":27,"enemies":"Shell Parasite","floor":20,"turns":9},{"damage":0,"enemies":"Cultist and Chosen","floor":23,"turns":6},{"damage":2,"enemies":"Centurion and Healer","floor":28,"turns":7},{"damage":0,"enemies":"Gremlin Leader","floor":30,"turns":1},{"damage":89,"enemies":"Collector","floor":33,"turns":7}],"seed_played":"-7045555155078315661","potions_obtained":[{"floor":1,"key":"Poison Potion"},{"floor":8,"key":"SmokeBomb"},{"floor":10,"key":"SteroidPotion"},{"floor":20,"key":"Fire Potion"}],"is_trial":false,"path_per_floor":["M","M","?","M","$","R","$","E","T","M","E","R","M","M","R","B",null,"M","?","M","$","?","M","?","R","T","R","M","R","E","$","R","B"],"character_chosen":"DEFECT","items_purchased":["Self Repair","PowerPotion","Defragment","Leap+1","FTL"],"campfire_rested":0,"item_purchase_floors":[5,5,21,21,31],"current_hp_per_floor":[64,64,64,64,64,64,64,46,46,56,42,42,52,69,69,27,60,54,54,47,47,47,57,57,57,57,57,71,71,71,71,71,0],"gold":19,"neow_bonus":"THREE_ENEMY_KILL","is_prod":false,"is_daily":false,"chose_seed":false,"campfire_upgraded":7,"win_rate":0,"timestamp":1559517329,"path_taken":["M","M","?","M","$","R","?","E","T","M","E","R","?","M","R","BOSS","M","?","?","$","?","M","?","R","T","R","M","R","E","$","R","BOSS"],"build_version":"2019-01-23","purchased_purges":1,"victory":false,"max_hp_per_floor":[71,71,71,71,71,71,71,71,71,71,71,71,71,71,71,71,71,71,71,71,71,71,71,71,71,71,71,71,71,71,71,71,71],"card_choices":[{"not_picked":["Storm","Beam Cell"],"picked":"FTL","floor":1},{"not_picked":["Leap","Compile Driver"],"picked":"Steam Power","floor":2},{"not_picked":["Heatsinks","Conserve Battery"],"picked":"Ball Lightning","floor":4},{"not_picked":["Coolheaded","Cold Snap"],"picked":"Reinforced Body","floor":8},{"not_picked":["Genetic Algorithm+1","Cold Snap"],"picked":"Coolheaded+1","floor":10},{"not_picked":["Thunder Strike","Sweeping Beam"],"picked":"Compile Driver","floor":11},{"not_picked":["Hologram+1","Steam+1","Turbo+1"],"picked":"Leap+1","floor":13},{"not_picked":["Self Repair","Go for the Eyes","Turbo+1"],"picked":"Barrage","floor":14},{"not_picked":["Thunder Strike","Reboot+1","Machine Learning"],"picked":"Fission+1","floor":16},{"not_picked":["Beam Cell","Steam+1","Capacitor+1"],"picked":"Compile Driver","floor":18},{"not_picked":["Rebound","Sweeping Beam"],"picked":"BootSequence+1","floor":20},{"not_picked":["Gash+1","Redo+1"],"picked":"Steam+1","floor":23},{"not_picked":["Coolheaded+1","Heatsinks"],"picked":"Consume+1","floor":28}],"player_experience":942172,"relics_obtained":[{"floor":8,"key":"Toxic Egg 2"},{"floor":9,"key":"Gremlin Horn"},{"floor":11,"key":"Question Card"},{"floor":26,"key":"Singing Bowl"}],"event_choices":[{"damage_healed":0,"gold_gain":0,"player_choice":"2 cards matched","damage_taken":0,"max_hp_gain":0,"max_hp_loss":0,"event_name":"Match and Keep!","floor":3,"gold_loss":0,"cards_obtained":["Self Repair","Injury"]},{"damage_healed":0,"gold_gain":0,"player_choice":"Traded Relic","damage_taken":0,"relics_obtained":["Nloth\u0027s Gift"],"max_hp_gain":0,"max_hp_loss":0,"event_name":"N\u0027loth","floor":19,"relics_lost":["Question Card"],"gold_loss":0},{"damage_healed":0,"gold_gain":0,"player_choice":"Stole Relic","damage_taken":0,"relics_obtained":["Cables"],"max_hp_gain":0,"max_hp_loss":0,"event_name":"Addict","floor":22,"gold_loss":0,"cards_obtained":["Shame"]},{"damage_healed":0,"gold_gain":0,"cards_transformed":["Strike_B","Strike_B"],"player_choice":"Became Test Subject","damage_taken":0,"max_hp_gain":0,"max_hp_loss":0,"event_name":"Drug Dealer","floor":24,"gold_loss":0,"cards_obtained":["Redo","Scrape"]}],"is_beta":false,"boss_relics":[{"not_picked":["Coffee Dripper","Cursed Key"],"picked":"Inserter"}],"items_purged_floors":[21],"is_endless":false,"potions_floor_spawned":[1,8,10,20,30],"killed_by":"Collector","ascension_level":16}