{"gold_per_floor":[119,130,130,146,166,166,192,211,211,227,227,244,256,284,284,284],"floor_reached":16,"playtime":1062,"items_purged":[],"score":116,"play_id":"f81055b4-65c8-4c92-ae11-fbc20d831656","local_time":"20190429023900","is_ascension_mode":false,"campfire_choices":[{"data":"Rampage","floor":6,"key":"SMITH"},{"data":"Pommel Strike","floor":11,"key":"SMITH"},{"data":"Perfected Strike","floor":15,"key":"SMITH"}],"neow_cost":"NONE","seed_source_timestamp":61846036014281,"circlet_count":0,"master_deck":["Strike_R","Strike_R","Strike_R","Strike_R","Defend_R","Defend_R","Defend_R","Defend_R","Bash","Impatience","Perfected Strike+1","Headbutt","Impervious","Cleave","Rampage+1","Battle Trance","Flex","Pommel Strike+1","Wild Strike","Heavy Blade","Anger"],"relics":["Burning Blood","Boot","Ornamental Fan","Matryoshka"],"potions_floor_usage":[16,16],"damage_taken":[{"damage":11,"enemies":"Jaw Worm","floor":1,"turns":2},{"damage":2,"enemies":"Small Slimes","floor":2,"turns":4},{"damage":0,"enemies":"2 Louse","floor":4,"turns":2},{"damage":5,"enemies":"Gremlin Gang","floor":5,"turns":3},{"damage":16,"enemies":"Gremlin Nob","floor":7,"turns":4},{"damage":22,"enemies":"Exordium Thugs","floor":8,"turns":5},{"damage":5,"enemies":"Red Slaver","floor":10,"turns":4},{"damage":2,"enemies":"Large Slime","floor":12,"turns":6},{"damage":5,"enemies":"Looter","floor":13,"turns":3},{"damage":8,"enemies":"Lagavulin","floor":14,"turns":5},{"damage":60,"enemies":"The Guardian","floor":16,"turns":14}],"seed_played":"-7961331515032644978","potions_obtained":[{"floor":1,"key":"Dexterity Potion"},{"floor":8,"key":"GamblersBrew"},{"floor":10,"key":"BloodPotion"},{"floor":13,"key":"SmokeBomb"}],"is_trial":false,"path_per_floor":["M","M","?","M","M","R","E","M","T","M","R","M","M","E","R","B"],"character_chosen":"IRONCLAD","items_purchased":[],"campfire_rested":0,"item_purchase_floors":[],"current_hp_per_floor":[75,79,79,80,80,80,70,54,54,55,55,59,60,58,58,0],"gold":284,"neow_bonus":"RANDOM_COLORLESS","is_prod":false,"is_daily":false,"chose_seed":false,"campfire_upgraded":3,"win_rate":0.0,"timestamp":1556530740,"path_taken":["M","M","?","M","M","R","E","M","T","M","R","M","M","E","R","BOSS"],"build_version":"2019-01-23","purchased_purges":0,"victory":false,"max_hp_per_floor":[80,80,80,80,80,80,80,80,80,80,80,80,80,80,80,80],"card_choices":[{"not_picked":["Sword Boomerang","Havoc"],"picked":"Perfected Strike","floor":1},{"not_picked":["Cleave","Limit Break"],"picked":"Headbutt","floor":2},{"not_picked":["Metallicize","Clothesline"],"picked":"Cleave","floor":4},{"not_picked":["Combust","Whirlwind"],"picked":"Rampage","floor":5},{"not_picked":["Dual Wield","Sword Boomerang"],"picked":"Battle Trance","floor":7},{"not_picked":["True Grit","Disarm"],"picked":"Flex","floor":8},{"not_picked":["Havoc","Sword Boomerang"],"picked":"Pommel Strike","floor":10},{"not_picked":["Flex","Searing Blow"],"picked":"Wild Strike","floor":12},{"not_picked":["Bloodletting","Iron Wave"],"picked":"Heavy Blade","floor":13},{"not_picked":["Havoc","Power Through"],"picked":"Anger","floor":14}],"player_experience":53586,"relics_obtained":[{"floor":7,"key":"Boot"},{"floor":9,"key":"Ornamental Fan"},{"floor":14,"key":"Matryoshka"}],"event_choices":[{"damage_healed":0,"gold_gain":0,"cards_transformed":["Strike_R"],"player_choice":"Change","damage_taken":0,"max_hp_gain":0,"max_hp_loss":0,"event_name":"Living Wall","floor":3,"gold_loss":0,"cards_obtained":["Impervious"]}],"is_beta":false,"boss_relics":[],"items_purged_floors":[],"is_endless":false,"potions_floor_spawned":[1,8,10,13,14],"killed_by":"The Guardian","ascension_level":0}