{"gold_per_floor":[117,133,146,160,172,172,205,205,205,170,186,200,200,218,218,218],"floor_reached":16,"playtime":697,"items_purged":[],"score":212,"play_id":"818a9c6b-7240-44ed-b3f1-e2ae98ef7729","local_time":"20190606222259","is_ascension_mode":true,"campfire_choices":[{"data":"Echo Form","floor":6,"key":"SMITH"},{"data":"Beam Cell","floor":15,"key":"SMITH"}],"neow_cost":"TEN_PERCENT_HP_LOSS","seed_source_timestamp":252876862621180,"circlet_count":0,"master_deck":["AscendersBane","Strike_B","Strike_B","Strike_B","Strike_B","Defend_B","Defend_B","Defend_B","Defend_B","Zap","Dualcast","Echo Form+1","Ball Lightning","Streamline","Sweeping Beam","Beam Cell+1","Coolheaded","Hologram","Rainbow","Leap"],"relics":["Cracked Core","PreservedInsect","Meat on the Bone"],"potions_floor_usage":[7,12,12],"damage_taken":[{"damage":1,"enemies":"Cultist","floor":1,"turns":3},{"damage":2,"enemies":"Jaw Worm","floor":2,"turns":3},{"damage":5,"enemies":"Small Slimes","floor":3,"turns":3},{"damage":17,"enemies":"3 Louse","floor":4,"turns":3},{"damage":7,"enemies":"Exordium Wildlife","floor":5,"turns":3},{"damage":25,"enemies":"3 Sentries","floor":7,"turns":5},{"damage":16,"enemies":"Exordium Thugs","floor":11,"turns":4},{"damage":16,"enemies":"Lots of Slimes","floor":12,"turns":4},{"damage":3,"enemies":"Looter","floor":14,"turns":2},{"damage":25,"enemies":"Hexaghost","floor":16,"turns":9}],"seed_played":"-1771666920588756351","potions_obtained":[{"floor":1,"key":"Explosive Potion"},{"floor":2,"key":"SpeedPotion"},{"floor":3,"key":"Strength Potion"},{"floor":7,"key":"SpeedPotion"}],"is_trial":false,"path_per_floor":["M","M","M","M","M","R","E","?","T","?","M","M","?","M","R","B"],"character_chosen":"DEFECT","items_purchased":[],"campfire_rested":0,"item_purchase_floors":[],"current_hp_per_floor":[63,61,56,39,32,32,7,7,7,23,19,15,15,24,24,0],"gold":218,"neow_bonus":"THREE_RARE_CARDS","is_prod":false,"is_daily":false,"chose_seed":false,"campfire_upgraded":2,"win_rate":0,"timestamp":1559874179,"path_taken":["M","?","M","?","M","R","E","?","T","?","M","M","?","M","R","BOSS"],"build_version":"2019-01-23","purchased_purges":0,"victory":false,"max_hp_per_floor":[64,64,64,64,64,64,64,64,64,64,64,64,64,64,64,64],"card_choices":[{"not_picked":["Hyperbeam","Meteor Strike"],"picked":"Echo Form","floor":0},{"not_picked":["Scrape","Streamline"],"picked":"Ball Lightning","floor":1},{"not_picked":["Barrage","Gash"],"picked":"Streamline","floor":2},{"not_picked":["Turbo","Aggregate"],"picked":"Sweeping Beam","floor":3},{"not_picked":["Leap","Compile Driver"],"picked":"Beam Cell","floor":4},{"not_picked":["FTL","Barrage"],"picked":"Coolheaded","floor":5},{"not_picked":["Gash","Hello World"],"picked":"Hologram","floor":7},{"not_picked":["Steam Power","Beam Cell","Barrage"],"picked":"SKIP","floor":11},{"not_picked":["Tempest","Stack"],"picked":"Rainbow","floor":12},{"not_picked":["Steam","Reprogram"],"picked":"Leap","floor":14}],"player_experience":850776,"relics_obtained":[{"floor":7,"key":"PreservedInsect"},{"floor":9,"key":"Meat on the Bone"}],"event_choices":[{"damage_healed":0,"gold_gain":0,"player_choice":"Searched \u00270\u0027 times","damage_taken":0,"max_hp_gain":0,"max_hp_loss":0,"event_name":"Dead Adventurer","floor":8,"gold_loss":0},{"damage_healed":16,"gold_gain":0,"player_choice":"Healed","damage_taken":0,"max_hp_gain":0,"max_hp_loss":0,"event_name":"The Cleric","floor":10,"gold_loss":35},{"damage_healed":0,"gold_gain":0,"player_choice":"Ignored","damage_taken":0,"max_hp_gain":0,"max_hp_loss":0,"event_name":"Liars Game","floor":13,"gold_loss":0}],"is_beta":false,"boss_relics":[],"items_purged_floors":[],"is_endless":false,"potions_floor_spawned":[1,2,3,7],"killed_by":"Hexaghost","ascension_level":20}