{"gold_per_floor":[113,113,133,152,167,167,181,181,181,181,191,251,195,222,222,222],"floor_reached":16,"playtime":554,"items_purged":[],"score":194,"play_id":"7df608e9-d5d1-4f80-92d3-1b3051c5f2a0","local_time":"20190616105327","is_ascension_mode":true,"campfire_choices":[{"data":"Pommel Strike","floor":6,"key":"SMITH"},{"data":"Metallicize","floor":8,"key":"SMITH"},{"data":"Metallicize","floor":10,"key":"SMITH"},{"data":"Spot Weakness","floor":15,"key":"SMITH"}],"neow_cost":"NONE","seed_source_timestamp":302385706057713,"circlet_count":0,"master_deck":["AscendersBane","Strike_R","Strike_R","Strike_R","Strike_R","Strike_R","Defend_R","Defend_R","Defend_R","Defend_R","Bash+1","Battle Trance","Metallicize+1","Heavy Blade","Pommel Strike+1","Metallicize+1","Shrug It Off","Spot Weakness+1"],"relics":["Burning Blood","NeowsBlessing","Meat on the Bone","Pantograph"],"potions_floor_usage":[5,7,16],"damage_taken":[{"damage":0,"enemies":"Small Slimes","floor":1,"turns":1},{"damage":0,"enemies":"Cultist","floor":3,"turns":1},{"damage":0,"enemies":"Jaw Worm","floor":4,"turns":1},{"damage":18,"enemies":"Large Slime","floor":5,"turns":5},{"damage":8,"enemies":"Blue Slaver","floor":7,"turns":5},{"damage":20,"enemies":"Gremlin Gang","floor":11,"turns":13},{"damage":32,"enemies":"Gremlin Nob","floor":14,"turns":5},{"damage":78,"enemies":"Slime Boss","floor":16,"turns":10}],"seed_played":"7782040500180901815","potions_obtained":[{"floor":3,"key":"FearPotion"},{"floor":5,"key":"BloodPotion"},{"floor":14,"key":"Fire Potion"}],"is_trial":false,"path_per_floor":["M","?","M","M","M","R","M","R","T","R","M","?","?","E","R","B"],"character_chosen":"IRONCLAD","items_purchased":[],"campfire_rested":0,"item_purchase_floors":[],"current_hp_per_floor":[74,74,75,75,63,63,68,68,68,68,54,54,54,40,40,0],"gold":222,"neow_bonus":"THREE_ENEMY_KILL","is_prod":false,"is_daily":false,"chose_seed":false,"campfire_upgraded":4,"win_rate":0,"timestamp":1560707607,"path_taken":["M","?","M","M","?","R","M","R","T","R","M","?","?","E","R","BOSS"],"build_version":"2019-01-23","purchased_purges":0,"victory":false,"max_hp_per_floor":[75,75,75,75,75,75,75,75,75,75,75,75,75,75,75,75],"card_choices":[{"not_picked":["Havoc","Whirlwind"],"picked":"Battle Trance","floor":1},{"not_picked":["Cleave","Blood for Blood"],"picked":"Metallicize","floor":3},{"not_picked":["Combust","Burning Pact"],"picked":"Heavy Blade","floor":4},{"not_picked":["Blood for Blood","Searing Blow"],"picked":"Pommel Strike","floor":5},{"not_picked":["Intimidate","Iron Wave"],"picked":"Metallicize","floor":7},{"not_picked":["Carnage","Headbutt"],"picked":"Shrug It Off","floor":11},{"not_picked":["Seeing Red","True Grit"],"picked":"Spot Weakness","floor":14}],"player_experience":1020833,"relics_obtained":[{"floor":9,"key":"Meat on the Bone"},{"floor":14,"key":"Pantograph"}],"event_choices":[{"damage_healed":0,"gold_gain":0,"player_choice":"Forge","damage_taken":0,"max_hp_gain":0,"max_hp_loss":0,"event_name":"Accursed Blacksmith","floor":2,"gold_loss":0,"cards_upgraded":["Bash"]},{"damage_healed":0,"gold_gain":60,"player_choice":"Gained Gold","damage_taken":0,"max_hp_gain":0,"max_hp_loss":0,"event_name":"Golden Wing","floor":12,"gold_loss":0},{"damage_healed":0,"gold_gain":0,"player_choice":"Left Gold","damage_taken":0,"max_hp_gain":0,"max_hp_loss":0,"event_name":"World of Goop","floor":13,"gold_loss":56}],"is_beta":false,"boss_relics":[],"items_purged_floors":[],"is_endless":false,"potions_floor_spawned":[3,5,14],"killed_by":"Slime Boss","ascension_level":18}