{"gold_per_floor":[118,130,130,193,193,193,224,240,264,280,280,25,25,35,35,140,140,140,95,95,95,95,95,95,95,95,95,95,1,1,1,1,1,1,1,1,1,1,1,1,1,1,1,1,1,0,0,0,0,0],"floor_reached":51,"playtime":2445,"items_purged":[],"score":907,"play_id":"eaeed324-520d-479d-bbdc-fab037144195","local_time":"20190604045342","is_ascension_mode":true,"campfire_choices":[{"data":"Wild Strike","floor":6,"key":"SMITH"},{"data":"Corruption","floor":11,"key":"SMITH"},{"data":"Defend_R","floor":13,"key":"SMITH"},{"data":"Carnage","floor":15,"key":"SMITH"},{"floor":23,"key":"REST"},{"floor":25,"key":"REST"},{"data":"Immolate","floor":28,"key":"SMITH"},{"data":"Bludgeon","floor":30,"key":"SMITH"},{"floor":32,"key":"REST"},{"data":"Double Tap","floor":40,"key":"SMITH"},{"floor":45,"key":"REST"},{"floor":49,"key":"REST"}],"neow_cost":"NONE","seed_source_timestamp":721162641755838,"circlet_count":0,"master_deck":["Strike_R+1","Strike_R+1","Strike_R+1","Strike_R+1","Defend_R+1","Defend_R+1","Defend_R+1","Defend_R+1","Bash","Wild Strike+1","Carnage+1","Jack Of All Trades","Bludgeon+1","Corruption+1","Immolate+1","Feed","Headbutt+1","Sever Soul+1","Bandage Up","Rage","Double Tap+1","Enlightenment","Battle Trance","Dual Wield+1","Body Slam+1","Havoc+1","Offering"],"relics":["Burning Blood","Strawberry","Ornamental Fan","Smiling Mask","Bottled Tornado","Ectoplasm","Enchiridion","Ice Cream","Self Forming Clay","Dream Catcher","Sozu","Dead Branch","Bottled Flame","Red Mask"],"potions_floor_usage":[7,14,16,18,24,31],"damage_taken":[{"damage":2,"enemies":"Jaw Worm","floor":1,"turns":3},{"damage":3,"enemies":"Small Slimes","floor":2,"turns":4},{"damage":30,"enemies":"Lagavulin","floor":7,"turns":4},{"damage":0,"enemies":"Cultist","floor":8,"turns":2},{"damage":7,"enemies":"Looter","floor":10,"turns":3},{"damage":0,"enemies":"Exordium Wildlife","floor":14,"turns":2},{"damage":45,"enemies":"Hexaghost","floor":16,"turns":11},{"damage":10,"enemies":"Shell Parasite","floor":18,"turns":2},{"damage":17,"enemies":"2 Thieves","floor":19,"turns":4},{"damage":50,"enemies":"Slavers","floor":24,"turns":4},{"damage":16,"enemies":"Snake Plant","floor":27,"turns":3},{"damage":17,"enemies":"Book of Stabbing","floor":31,"turns":4},{"damage":70,"enemies":"Collector","floor":33,"turns":9},{"damage":3,"enemies":"Orb Walker","floor":35,"turns":2},{"damage":4,"enemies":"3 Shapes","floor":37,"turns":4},{"damage":53,"enemies":"Maw","floor":38,"turns":6},{"damage":25,"enemies":"2 Orb Walkers","floor":41,"turns":5},{"damage":0,"enemies":"Spire Growth","floor":42,"turns":2},{"damage":12,"enemies":"Jaw Worm Horde","floor":44,"turns":2},{"damage":0,"enemies":"Transient","floor":47,"turns":2},{"damage":32,"enemies":"Donu and Deca","floor":50,"turns":3}],"seed_played":"-4057278922435397650","potions_obtained":[{"floor":1,"key":"Weak Potion"},{"floor":8,"key":"SpeedPotion"},{"floor":10,"key":"Energy Potion"},{"floor":16,"key":"FearPotion"},{"floor":19,"key":"SteroidPotion"},{"floor":27,"key":"LiquidBronze"}],"is_trial":false,"path_per_floor":["M","M","?","?","?","R","E","M","T","M","R","$","R","M","R","B",null,"M","M","?","?","$","R","E","R","T","M","R","$","R","E","R","B",null,"M","?","M","M","$","R","?","M","T","M","R","?","M","$","R","B",null],"character_chosen":"IRONCLAD","items_purchased":["Bottled Tornado","Bandage Up"],"campfire_rested":5,"item_purchase_floors":[12,29],"current_hp_per_floor":[80,80,80,80,80,80,56,62,62,61,61,61,61,67,67,28,87,83,75,59,59,59,86,45,72,72,62,62,62,62,55,82,22,93,93,93,93,46,46,46,31,41,41,35,62,62,72,72,93,71],"gold":0,"neow_bonus":"TRANSFORM_CARD","is_prod":false,"is_daily":false,"chose_seed":false,"campfire_upgraded":7,"win_rate":0,"timestamp":1559649222,"path_taken":["M","M","?","?","?","R","E","M","T","M","R","$","R","M","R","BOSS","M","?","?","?","?","R","E","R","T","M","R","$","R","E","R","BOSS","M","?","M","M","$","R","?","?","T","M","R","?","M","$","R","BOSS"],"build_version":"2019-01-23","purchased_purges":0,"victory":true,"max_hp_per_floor":[80,80,87,87,87,87,87,87,87,87,87,87,87,87,87,87,87,87,90,90,90,90,90,93,93,93,93,93,93,93,93,93,93,93,93,93,93,93,93,93,93,93,93,93,93,93,93,93,93,93],"card_choices":[{"not_picked":["Fire Breathing","Disarm","Clash"],"picked":"SKIP","floor":1},{"not_picked":["Flame Barrier","Body Slam"],"picked":"Carnage","floor":2},{"not_picked":["Metallicize","Pommel Strike","Clothesline"],"picked":"SKIP","floor":7},{"not_picked":["Body Slam","Shrug It Off"],"picked":"Corruption","floor":8},{"not_picked":["Headbutt","Warcry"],"picked":"Immolate","floor":10},{"not_picked":["Searing Blow","True Grit","Shrug It Off"],"picked":"SKIP","floor":14},{"not_picked":["Reaper","Limit Break"],"picked":"Feed","floor":16},{"not_picked":["Headbutt","Clash+1","Blood for Blood+1"],"picked":"SKIP","floor":18},{"not_picked":["Anger","Heavy Blade"],"picked":"Headbutt+1","floor":19},{"not_picked":["Shockwave","Iron Wave","Feel No Pain"],"picked":"SKIP","floor":24},{"not_picked":["Wild Strike","Flex+1"],"picked":"Sever Soul+1","floor":27},{"not_picked":["Rampage","Juggernaut"],"picked":"Rage","floor":31},{"not_picked":["Dark Embrace","Feed"],"picked":"Double Tap","floor":33},{"not_picked":["Wild Strike","Perfected Strike+1","Pummel"],"picked":"SKIP","floor":35},{"not_picked":["PanicButton","Impatience"],"picked":"Enlightenment","floor":36},{"not_picked":["Power Through+1","Iron Wave"],"picked":"Battle Trance","floor":37},{"not_picked":["Shockwave","Iron Wave","Warcry"],"picked":"SKIP","floor":38},{"not_picked":["Spot Weakness","Iron Wave+1"],"picked":"Dual Wield+1","floor":41},{"not_picked":["Shockwave+1","Sever Soul+1"],"picked":"Body Slam+1","floor":42},{"not_picked":["Iron Wave+1","Thunderclap+1","Dual Wield"],"picked":"SKIP","floor":44},{"not_picked":["Corruption","Shrug It Off+1"],"picked":"Havoc+1","floor":45},{"not_picked":["Armaments","Anger+1","Whirlwind+1"],"picked":"SKIP","floor":47},{"not_picked":["Anger+1","Heavy Blade"],"picked":"Offering","floor":49}],"player_experience":312472,"relics_obtained":[{"floor":7,"key":"Ornamental Fan"},{"floor":9,"key":"Smiling Mask"},{"floor":20,"key":"Enchiridion"},{"floor":24,"key":"Ice Cream"},{"floor":26,"key":"Self Forming Clay"},{"floor":31,"key":"Dream Catcher"},{"floor":41,"key":"Dead Branch"},{"floor":43,"key":"Bottled Flame"}],"event_choices":[{"damage_healed":0,"gold_gain":0,"player_choice":"Success","damage_taken":7,"relics_obtained":["Strawberry"],"max_hp_gain":0,"max_hp_loss":0,"event_name":"Scrap Ooze","floor":3,"gold_loss":0},{"damage_healed":0,"gold_gain":63,"player_choice":"Gained Gold","damage_taken":0,"max_hp_gain":0,"max_hp_loss":0,"event_name":"Golden Wing","floor":4,"gold_loss":0},{"damage_healed":0,"gold_gain":0,"player_choice":"2 cards matched","damage_taken":0,"max_hp_gain":0,"max_hp_loss":0,"event_name":"Match and Keep!","floor":5,"gold_loss":0,"cards_obtained":["Jack Of All Trades","Bludgeon"]},{"damage_healed":0,"gold_gain":0,"player_choice":"Obtained Book","damage_taken":16,"max_hp_gain":0,"max_hp_loss":0,"event_name":"Cursed Tome","floor":20,"gold_loss":0},{"damage_healed":0,"gold_gain":0,"player_choice":"Simplicity","damage_taken":0,"max_hp_gain":0,"max_hp_loss":0,"event_name":"Back to Basics","floor":21,"gold_loss":0,"cards_upgraded":["Strike_R","Strike_R","Strike_R","Strike_R","Defend_R","Defend_R","Defend_R"]},{"damage_healed":0,"gold_gain":0,"player_choice":"Memory 1","damage_taken":0,"max_hp_gain":0,"max_hp_loss":0,"event_name":"SensoryStone","floor":36,"gold_loss":0},{"damage_healed":0,"gold_gain":0,"player_choice":"Fight","damage_taken":0,"max_hp_gain":0,"max_hp_loss":0,"event_name":"Mysterious Sphere","floor":41,"gold_loss":0},{"damage_healed":0,"gold_gain":0,"player_choice":"Paid","damage_taken":0,"relics_obtained":["Red Mask"],"max_hp_gain":0,"max_hp_loss":0,"event_name":"Tomb of Lord Red Mask","floor":46,"gold_loss":1}],"is_beta":false,"boss_relics":[{"not_picked":["Black Blood","Cursed Key"],"picked":"Ectoplasm"},{"not_picked":["White Beast Statue","Empty Cage"],"picked":"Sozu"}],"items_purged_floors":[],"is_endless":false,"potions_floor_spawned":[1,8,10,16,19,27,35,37,42],"ascension_level":3}