{"gold_per_floor":[366,386,105,123,123,152,163,194,194,194,210,210,49,49,49,142,142,163,163,182,182],"floor_reached":21,"playtime":802,"items_purged":[],"score":312,"play_id":"e5f9c244-b554-4f3e-bfa2-396ac1c6c6f4","local_time":"20190323131517","is_ascension_mode":true,"campfire_choices":[{"data":"Catalyst","floor":15,"key":"SMITH"}],"neow_cost":"TEN_PERCENT_HP_LOSS","seed_source_timestamp":243120466382108,"circlet_count":0,"master_deck":["AscendersBane","Defend_G","Defend_G","Defend_G","Defend_G","Defend_G","Strike_G","Strike_G","Strike_G","Strike_G","Strike_G","Survivor","Neutralize","Flying Knee","Masterful Stab","Bouncing Flask","Glass Knife","Dagger Spray","Catalyst+1","Caltrops","Backflip","Parasite","Infinite Blades","Cloak And Dagger"],"relics":["Ring of the Snake","TwistedFunnel","Potion Belt","Pantograph","Question Card","Juzu Bracelet","Golden Idol","Eternal Feather"],"potions_floor_usage":[2,8,16,16,18,20],"damage_taken":[{"damage":1,"enemies":"Small Slimes","floor":1,"turns":5},{"damage":0,"enemies":"Jaw Worm","floor":2,"turns":3},{"damage":0,"enemies":"Cultist","floor":4,"turns":3},{"damage":12,"enemies":"Lagavulin","floor":6,"turns":5},{"damage":12,"enemies":"3 Louse","floor":7,"turns":2},{"damage":16,"enemies":"Gremlin Nob","floor":8,"turns":3},{"damage":10,"enemies":"Large Slime","floor":11,"turns":5},{"damage":7,"enemies":"The Guardian","floor":16,"turns":8},{"damage":25,"enemies":"2 Thieves","floor":18,"turns":5},{"damage":12,"enemies":"Chosen","floor":20,"turns":5},{"damage":37,"enemies":"Centurion and Healer","floor":21,"turns":7}],"seed_played":"5567369892268492373","potions_obtained":[{"floor":1,"key":"AttackPotion"},{"floor":6,"key":"GamblersBrew"},{"floor":7,"key":"Dexterity Potion"},{"floor":11,"key":"Block Potion"},{"floor":16,"key":"GamblersBrew"},{"floor":18,"key":"Regen Potion"},{"floor":20,"key":"Strength Potion"}],"is_trial":false,"path_per_floor":["M","M","$","M","?","E","M","E","T","?","M","?","$","?","R","B",null,"M","$","M","M"],"character_chosen":"THE_SILENT","items_purchased":["TwistedFunnel","Bouncing Flask","Catalyst","Caltrops","Backflip"],"campfire_rested":0,"item_purchase_floors":[3,3,13,13,13],"current_hp_per_floor":[62,62,62,62,67,55,43,27,27,27,17,17,17,32,32,50,60,35,35,37,0],"gold":182,"neow_bonus":"TWO_FIFTY_GOLD","is_prod":false,"is_daily":false,"chose_seed":false,"campfire_upgraded":1,"win_rate":0,"timestamp":1553361317,"path_taken":["M","M","$","M","?","E","M","E","T","?","M","?","$","?","R","BOSS","M","$","M","M"],"build_version":"2019-01-23","purchased_purges":0,"victory":false,"max_hp_per_floor":[63,63,63,63,68,68,68,68,68,68,68,63,63,63,63,63,63,63,63,63,63],"card_choices":[{"not_picked":["Eviscerate","Expertise"],"picked":"Flying Knee","floor":1},{"not_picked":["Choke","Eviscerate"],"picked":"Masterful Stab","floor":2},{"not_picked":["Poisoned Stab","Quick Slash","Underhanded Strike"],"picked":"SKIP","floor":4},{"not_picked":["Sucker Punch","Crippling Poison"],"picked":"Glass Knife","floor":6},{"not_picked":["Blade Dance","Dodge and Roll"],"picked":"Crippling Poison","floor":7},{"not_picked":["Flying Knee","Phantasmal Killer","Blade Dance"],"picked":"SKIP","floor":8},{"not_picked":["Quick Slash","Dagger Throw","Skewer"],"picked":"Dagger Spray","floor":11},{"not_picked":["Dagger Throw+1","Blade Dance","Slice"],"picked":"Infinite Blades","floor":18},{"not_picked":["Poisoned Stab","Flying Knee","Blade Dance"],"picked":"Cloak And Dagger","floor":20}],"player_experience":445429,"relics_obtained":[{"floor":6,"key":"Potion Belt"},{"floor":8,"key":"Pantograph"},{"floor":9,"key":"Question Card"}],"event_choices":[{"damage_healed":0,"gold_gain":0,"player_choice":"Donut","damage_taken":0,"max_hp_gain":5,"max_hp_loss":0,"event_name":"Big Fish","floor":5,"gold_loss":0},{"cards_removed":["Crippling Poison"],"damage_healed":0,"gold_gain":0,"player_choice":"Gave Card","damage_taken":0,"relics_obtained":["Juzu Bracelet"],"max_hp_gain":0,"max_hp_loss":0,"event_name":"WeMeetAgain","floor":10,"gold_loss":0},{"damage_healed":0,"gold_gain":0,"player_choice":"Lose Max HP","damage_taken":0,"relics_obtained":["Golden Idol"],"max_hp_gain":0,"max_hp_loss":5,"event_name":"Golden Idol","floor":12,"gold_loss":0},{"damage_healed":15,"gold_gain":0,"player_choice":"Healed and dodged fight","damage_taken":0,"max_hp_gain":0,"max_hp_loss":0,"event_name":"Mushrooms","floor":14,"gold_loss":0,"cards_obtained":["Parasite"]}],"is_beta":false,"boss_relics":[{"not_picked":["Coffee Dripper","Empty Cage"],"picked":"Eternal Feather"}],"items_purged_floors":[],"is_endless":false,"potions_floor_spawned":[1,6,7,11,16,18,20],"killed_by":"Centurion and Healer","ascension_level":13}