{"gold_per_floor":[116,126,68,85,96,96,131,33,33,33,44,64,75,91,91,186,186,200,220,239,239,239,239,257,271,271,271,299,0,0,0],"floor_reached":31,"playtime":2147,"items_purged":["Defend_R"],"score":261,"play_id":"c7042e87-2cfe-4f9d-862a-527e717f9c05","local_time":"20190518165448","is_ascension_mode":false,"campfire_choices":[{"data":"Pommel Strike","floor":6,"key":"SMITH"},{"floor":10,"key":"REST"},{"floor":15,"key":"REST"},{"floor":23,"key":"REST"},{"floor":27,"key":"REST"}],"neow_cost":"NONE","seed_source_timestamp":445458152296489,"circlet_count":0,"master_deck":["Strike_R","Strike_R","Strike_R","Strike_R","Strike_R","Defend_R","Defend_R","Defend_R","Bash","Warcry","Shrug It Off","Pommel Strike+1","Cleave","Demon Form","Shrug It Off","Heavy Blade","Thunderclap","Twin Strike","Dropkick","Offering","Rage","Flex","Armaments","Shrug It Off","Headbutt","Whirlwind","Sword Boomerang","Perfected Strike+1","Writhe","Disarm","Flame Barrier"],"relics":["Burning Blood","The Courier","Blue Candle","Pantograph","Orrery","Bag of Preparation","Shuriken","Anchor"],"potions_floor_usage":[13,13,18,20,31,31],"damage_taken":[{"damage":5,"enemies":"Small Slimes","floor":1,"turns":4},{"damage":6,"enemies":"Cultist","floor":2,"turns":3},{"damage":3,"enemies":"Jaw Worm","floor":4,"turns":3},{"damage":7,"enemies":"Blue Slaver","floor":5,"turns":4},{"damage":77,"enemies":"Lagavulin","floor":7,"turns":11},{"damage":6,"enemies":"2 Fungi Beasts","floor":11,"turns":3},{"damage":0,"enemies":"Large Slime","floor":12,"turns":4},{"damage":2,"enemies":"3 Louse","floor":13,"turns":2},{"damage":30,"enemies":"Exordium Thugs","floor":14,"turns":7},{"damage":71,"enemies":"The Guardian","floor":16,"turns":12},{"damage":13,"enemies":"3 Byrds","floor":18,"turns":5},{"damage":28,"enemies":"Shell Parasite","floor":19,"turns":6},{"damage":35,"enemies":"Centurion and Healer","floor":20,"turns":10},{"damage":21,"enemies":"Snake Plant","floor":24,"turns":4},{"damage":9,"enemies":"Snecko","floor":25,"turns":4},{"damage":51,"enemies":"Gremlin Leader","floor":28,"turns":10},{"damage":20,"enemies":"Chosen and Byrds","floor":31,"turns":6}],"seed_played":"-3454076741134490023","potions_obtained":[{"floor":4,"key":"Swift Potion"},{"floor":11,"key":"Energy Potion"},{"floor":14,"key":"Ancient Potion"},{"floor":16,"key":"Fire Potion"},{"floor":19,"key":"Weak Potion"},{"floor":28,"key":"SkillPotion"}],"is_trial":false,"path_per_floor":["M","M","?","M","M","R","E","$","T","R","M","M","M","M","R","B",null,"M","M","M","?","?","R","M","M","T","R","E","?","?","M"],"character_chosen":"IRONCLAD","items_purchased":["Shrug It Off"],"campfire_rested":4,"item_purchase_floors":[8],"current_hp_per_floor":[88,88,88,88,87,87,16,16,16,42,42,48,52,28,54,14,88,81,59,30,30,30,56,41,38,38,64,19,19,19,0],"gold":0,"neow_bonus":"TEN_PERCENT_HP_BONUS","is_prod":false,"is_daily":false,"chose_seed":false,"campfire_upgraded":1,"win_rate":0,"timestamp":1558223688,"path_taken":["M","M","?","M","M","R","E","$","T","R","M","M","?","M","R","BOSS","M","M","M","?","?","R","M","M","T","R","E","?","?","M"],"build_version":"2019-01-23","purchased_purges":1,"victory":false,"max_hp_per_floor":[88,88,88,88,88,88,88,88,88,88,88,88,88,88,88,88,88,88,88,88,88,88,88,88,88,88,88,88,88,88,88],"card_choices":[{"not_picked":["Heavy Blade","Feel No Pain"],"picked":"Warcry","floor":1},{"not_picked":["Intimidate","Hemokinesis"],"picked":"Shrug It Off","floor":2},{"not_picked":["Clothesline","Body Slam"],"picked":"Pommel Strike","floor":4},{"not_picked":["Body Slam","Offering"],"picked":"Cleave","floor":5},{"not_picked":["Second Wind","True Grit"],"picked":"Demon Form","floor":7},{"not_picked":["Body Slam","Thunderclap"],"picked":"Heavy Blade","floor":11},{"not_picked":["Second Wind","Barricade"],"picked":"Thunderclap","floor":12},{"not_picked":["Heavy Blade","Ghostly Armor"],"picked":"Twin Strike","floor":13},{"not_picked":["Perfected Strike","Anger"],"picked":"Dropkick","floor":14},{"not_picked":["Fiend Fire","Dark Embrace"],"picked":"Offering","floor":16},{"not_picked":["Heavy Blade","Armaments"],"picked":"Rage","floor":17},{"not_picked":["Feel No Pain","Corruption"],"picked":"Flex","floor":17},{"not_picked":["Body Slam","Clash"],"picked":"Armaments","floor":17},{"not_picked":["Anger","Havoc"],"picked":"Shrug It Off","floor":17},{"not_picked":["Searing Blow","Feel No Pain"],"picked":"Headbutt","floor":17},{"not_picked":["Infernal Blade","Thunderclap+1"],"picked":"Whirlwind","floor":18},{"not_picked":["Cleave","True Grit"],"picked":"Sword Boomerang","floor":19},{"not_picked":["Power Through","Spot Weakness+1"],"picked":"Perfected Strike+1","floor":20},{"not_picked":["Body Slam","Pommel Strike","Corruption+1"],"picked":"SKIP","floor":24},{"not_picked":["Clothesline+1","Searing Blow+1"],"picked":"Disarm","floor":25},{"not_picked":["Demon Form","Heavy Blade"],"picked":"Flame Barrier","floor":28}],"player_experience":217036,"relics_obtained":[{"floor":7,"key":"Blue Candle"},{"floor":9,"key":"Pantograph"},{"floor":26,"key":"Shuriken"},{"floor":28,"key":"Anchor"}],"event_choices":[{"damage_healed":0,"gold_gain":0,"player_choice":"Paid Gold","damage_taken":0,"relics_obtained":["The Courier"],"max_hp_gain":0,"max_hp_loss":0,"event_name":"WeMeetAgain","floor":3,"gold_loss":58},{"damage_healed":0,"gold_gain":0,"player_choice":"Ignored","damage_taken":0,"max_hp_gain":0,"max_hp_loss":0,"event_name":"Ghosts","floor":21,"gold_loss":0},{"damage_healed":0,"gold_gain":0,"player_choice":"Opened","damage_taken":0,"relics_obtained":["Bag of Preparation"],"max_hp_gain":0,"max_hp_loss":0,"event_name":"The Mausoleum","floor":22,"gold_loss":0,"cards_obtained":["Writhe"]},{"damage_healed":0,"gold_gain":0,"player_choice":"Paid Fearfully","damage_taken":0,"max_hp_gain":0,"max_hp_loss":0,"event_name":"Masked Bandits","floor":29,"gold_loss":299},{"damage_healed":0,"gold_gain":0,"player_choice":"Ignored","damage_taken":0,"max_hp_gain":0,"max_hp_loss":0,"event_name":"Beggar","floor":30,"gold_loss":0}],"is_beta":false,"boss_relics":[{"not_picked":["Coffee Dripper","Runic Cube"],"picked":"Orrery"}],"items_purged_floors":[8],"is_endless":false,"potions_floor_spawned":[4,11,14,16,19,28],"killed_by":"Chosen and Byrds","ascension_level":0}