{"gold_per_floor":[111,127,147,159,209,209,237,237,317,333,346,67,32,32,32,104,104,119,19,19,32,50,50,84,84,159,159,175,175,188,188,188,188],"floor_reached":33,"playtime":1468,"items_purged":["Strike_B","Defend_B"],"score":481,"play_id":"be0c4463-4920-498b-8520-f4075b06188d","local_time":"20190605220604","is_ascension_mode":true,"campfire_choices":[{"data":"Gash","floor":6,"key":"SMITH"},{"data":"Hologram","floor":8,"key":"SMITH"},{"floor":15,"key":"REST"},{"floor":23,"key":"REST"},{"data":"Seek","floor":25,"key":"SMITH"},{"data":"Zap","floor":27,"key":"SMITH"},{"floor":32,"key":"REST"}],"neow_cost":"NONE","seed_source_timestamp":368947240578670,"circlet_count":0,"master_deck":["AscendersBane","Strike_B","Strike_B","Strike_B","Defend_B+1","Defend_B","Defend_B","Zap+1","Dualcast","Rebound","Chill","Gash+1","Undo","Hologram+1","White Noise+1","Loop","All For One","Conserve Battery","Seek+1","Gash+1","Auto Shields","FTL","Pain","Conserve Battery+1","BootSequence"],"relics":["Cracked Core","PreservedInsect","Incense Burner","Sundial","Cursed Key","MutagenicStrength","War Paint","Frozen Egg 2"],"potions_floor_usage":[2,7,18,24,24,28],"damage_taken":[{"damage":6,"enemies":"Cultist","floor":1,"turns":3},{"damage":0,"enemies":"Small Slimes","floor":2,"turns":2},{"damage":7,"enemies":"Jaw Worm","floor":3,"turns":3},{"damage":2,"enemies":"2 Fungi Beasts","floor":4,"turns":4},{"damage":16,"enemies":"3 Sentries","floor":7,"turns":5},{"damage":2,"enemies":"Exordium Wildlife","floor":10,"turns":5},{"damage":18,"enemies":"Large Slime","floor":11,"turns":4},{"damage":33,"enemies":"The Guardian","floor":16,"turns":13},{"damage":7,"enemies":"3 Byrds","floor":18,"turns":8},{"damage":4,"enemies":"Chosen","floor":21,"turns":5},{"damage":6,"enemies":"Centurion and Healer","floor":22,"turns":6},{"damage":7,"enemies":"Slavers","floor":24,"turns":6},{"damage":17,"enemies":"Snake Plant","floor":28,"turns":4},{"damage":17,"enemies":"Colosseum Slavers","floor":29,"turns":3},{"damage":11,"enemies":"Sentry and Sphere","floor":30,"turns":4},{"damage":41,"enemies":"Automaton","floor":33,"turns":6}],"seed_played":"-7473972628694727055","potions_obtained":[{"floor":1,"key":"Swift Potion"},{"floor":4,"key":"Fire Potion"},{"floor":11,"key":"SteroidPotion"},{"floor":16,"key":"Dexterity Potion"},{"floor":21,"key":"FearPotion"},{"floor":24,"key":"Energy Potion"}],"is_trial":false,"path_per_floor":["M","M","M","M","?","R","E","R","T","M","M","$","?","?","R","B",null,"M","$","?","M","M","R","E","R","T","R","M","?","M","?","R","B"],"character_chosen":"DEFECT","items_purchased":["All For One","Conserve Battery"],"campfire_rested":3,"item_purchase_floors":[12,12],"current_hp_per_floor":[58,58,51,49,49,49,33,33,33,31,13,13,30,30,51,18,58,51,51,51,47,41,62,55,55,55,55,38,21,10,10,31,0],"gold":188,"neow_bonus":"RANDOM_COMMON_RELIC","is_prod":false,"is_daily":false,"chose_seed":false,"campfire_upgraded":4,"win_rate":0,"timestamp":1559797564,"path_taken":["M","?","M","M","?","R","E","R","T","?","M","$","?","?","R","BOSS","M","$","?","M","M","R","E","R","T","R","M","?","M","?","R","BOSS"],"build_version":"2019-01-23","purchased_purges":2,"victory":false,"max_hp_per_floor":[71,71,71,71,71,71,71,71,71,71,71,71,71,71,71,71,71,71,71,71,71,71,71,71,71,71,71,71,71,71,71,71,71],"card_choices":[{"not_picked":["Skim","Redo"],"picked":"Rebound","floor":1},{"not_picked":["Barrage","Darkness"],"picked":"Chill","floor":2},{"not_picked":["Hologram","BootSequence"],"picked":"Gash","floor":3},{"not_picked":["Stack","Lockon"],"picked":"Undo","floor":4},{"not_picked":["Redo","BootSequence"],"picked":"Hologram","floor":7},{"not_picked":["Stack","Aggregate"],"picked":"White Noise","floor":10},{"not_picked":["Doom and Gloom","Turbo"],"picked":"Loop","floor":11},{"not_picked":["All For One","Meteor Strike"],"picked":"Seek","floor":16},{"not_picked":["Conserve Battery","Redo","Cold Snap"],"picked":"SKIP","floor":18},{"not_picked":["Conserve Battery","Leap"],"picked":"Gash+1","floor":21},{"not_picked":["Reinforced Body","Stack"],"picked":"Auto Shields","floor":22},{"not_picked":["Fission","Tempest"],"picked":"FTL","floor":24},{"not_picked":["Sweeping Beam","Steam+1"],"picked":"Conserve Battery+1","floor":28},{"not_picked":["Leap","Sweeping Beam+1"],"picked":"BootSequence","floor":30}],"player_experience":951763,"relics_obtained":[{"floor":7,"key":"Incense Burner"},{"floor":9,"key":"Sundial"},{"floor":24,"key":"War Paint"},{"floor":26,"key":"Frozen Egg 2"}],"event_choices":[{"damage_healed":0,"gold_gain":50,"player_choice":"Pray","damage_taken":0,"max_hp_gain":0,"max_hp_loss":0,"event_name":"Golden Shrine","floor":5,"gold_loss":0},{"damage_healed":17,"gold_gain":0,"player_choice":"Healed","damage_taken":0,"max_hp_gain":0,"max_hp_loss":0,"event_name":"The Cleric","floor":13,"gold_loss":35},{"damage_healed":0,"gold_gain":0,"player_choice":"Ignored","damage_taken":0,"max_hp_gain":0,"max_hp_loss":0,"event_name":"Shining Light","floor":14,"gold_loss":0},{"damage_healed":0,"gold_gain":0,"player_choice":"Inject Mutagens","damage_taken":0,"relics_obtained":["MutagenicStrength"],"max_hp_gain":0,"max_hp_loss":0,"event_name":"Drug Dealer","floor":20,"gold_loss":0},{"damage_healed":0,"gold_gain":0,"player_choice":"Fight","damage_taken":0,"max_hp_gain":0,"max_hp_loss":0,"event_name":"Colosseum","floor":29,"gold_loss":0},{"damage_healed":0,"gold_gain":0,"player_choice":"Fled From Nobs","damage_taken":0,"max_hp_gain":0,"max_hp_loss":0,"event_name":"Colosseum","floor":29,"gold_loss":0},{"damage_healed":0,"gold_gain":0,"player_choice":"Ignored","damage_taken":0,"max_hp_gain":0,"max_hp_loss":0,"event_name":"Cursed Tome","floor":31,"gold_loss":0}],"is_beta":false,"boss_relics":[{"not_picked":["Nuclear Battery","Velvet Choker"],"picked":"Cursed Key"}],"items_purged_floors":[12,19],"is_endless":false,"potions_floor_spawned":[1,4,11,16,21,24,29],"killed_by":"Automaton","ascension_level":16}