{"gold_per_floor":[112,130,148,161,178,178,213,213,213,244,260,59,59,59,59,157,157,167,178,195,195,207,232,23,23,100,100,49,65,81,98,98,201,201,212,35,35,47,64,97,97,115,115,127,127,139,1,11,11,11],"floor_reached":50,"playtime":2624,"items_purged":["Strike_R+1","Strike_R+1"],"score":612,"play_id":"e0b2d310-0c05-425f-b31c-473dea0472c8","local_time":"20190623025717","is_ascension_mode":true,"campfire_choices":[{"data":"Perfected Strike","floor":6,"key":"SMITH"},{"floor":15,"key":"REST"},{"data":"Limit Break","floor":25,"key":"SMITH"},{"data":"Pommel Strike","floor":32,"key":"SMITH"},{"data":"Double Tap","floor":41,"key":"SMITH"},{"floor":45,"key":"REST"},{"floor":49,"key":"REST"}],"neow_cost":"NONE","seed_source_timestamp":4983819640752,"circlet_count":0,"master_deck":["Strike_R+1","Strike_R+1","Defend_R+1","Defend_R+1","Defend_R+1","Defend_R+1","Bash","Twin Strike","Heavy Blade","Limit Break+1","Perfected Strike+1","Flex","Spot Weakness","Double Tap+1","Pommel Strike+1","Warcry+1","Sword Boomerang+1","Shrug It Off","Offering","Cleave+1","Immolate+1","Pommel Strike+1","Shrug It Off","Pommel Strike+1","Battle Trance","Heavy Blade+1","Warcry+1","Inflame"],"relics":["Burning Blood","Bag of Marbles","Thread and Needle","Bag of Preparation","PreservedInsect","MealTicket","Velvet Choker","Singing Bowl","Kunai","Molten Egg 2","Empty Cage","Bottled Flame","Blue Candle"],"potions_floor_usage":[4,7,23,29,31,31,33,35,38,39,42,46,50,50],"damage_taken":[{"damage":6,"enemies":"Cultist","floor":1,"turns":3},{"damage":9,"enemies":"Jaw Worm","floor":2,"turns":3},{"damage":2,"enemies":"2 Louse","floor":3,"turns":2},{"damage":9,"enemies":"Large Slime","floor":4,"turns":4},{"damage":11,"enemies":"Blue Slaver","floor":5,"turns":3},{"damage":29,"enemies":"3 Sentries","floor":7,"turns":8},{"damage":37,"enemies":"Lagavulin","floor":10,"turns":7},{"damage":0,"enemies":"2 Fungi Beasts","floor":11,"turns":3},{"damage":33,"enemies":"The Guardian","floor":16,"turns":9},{"damage":2,"enemies":"Spheric Guardian","floor":18,"turns":3},{"damage":3,"enemies":"Chosen","floor":19,"turns":3},{"damage":16,"enemies":"Centurion and Healer","floor":20,"turns":3},{"damage":6,"enemies":"Snecko","floor":22,"turns":3},{"damage":34,"enemies":"Book of Stabbing","floor":23,"turns":4},{"damage":8,"enemies":"Shelled Parasite and Fungi","floor":29,"turns":3},{"damage":14,"enemies":"Snake Plant","floor":30,"turns":4},{"damage":20,"enemies":"Centurion and Healer","floor":31,"turns":3},{"damage":47,"enemies":"Automaton","floor":33,"turns":5},{"damage":0,"enemies":"3 Darklings","floor":35,"turns":1},{"damage":6,"enemies":"3 Shapes","floor":38,"turns":2},{"damage":6,"enemies":"Sphere and 2 Shapes","floor":39,"turns":3},{"damage":36,"enemies":"Reptomancer","floor":40,"turns":4},{"damage":30,"enemies":"Spire Growth","floor":42,"turns":4},{"damage":16,"enemies":"4 Shapes","floor":44,"turns":1},{"damage":22,"enemies":"Transient","floor":46,"turns":5},{"damage":0,"enemies":"Jaw Worm Horde","floor":48,"turns":1},{"damage":87,"enemies":"Awakened One","floor":50,"turns":6}],"seed_played":"7605434257733579242","potions_obtained":[{"floor":2,"key":"Block Potion"},{"floor":5,"key":"Dexterity Potion"},{"floor":16,"key":"Explosive Potion"},{"floor":23,"key":"Dexterity Potion"},{"floor":29,"key":"Regen Potion"},{"floor":31,"key":"GamblersBrew"},{"floor":33,"key":"Swift Potion"},{"floor":35,"key":"Fire Potion"},{"floor":38,"key":"SpeedPotion"},{"floor":40,"key":"SpeedPotion"},{"floor":44,"key":"EssenceOfSteel"},{"floor":48,"key":"FearPotion"}],"is_trial":false,"path_per_floor":["M","M","M","M","M","R","E","?","T","E","M","$","?","?","R","B",null,"M","M","M","?","M","E","$","R","T","?","?","M","M","M","R","B",null,"M","$","?","M","M","E","R","M","T","M","R","M","$","M","R","B"],"character_chosen":"IRONCLAD","items_purchased":["MealTicket","Offering","Swift Potion","Shrug It Off","Block Potion","Inflame"],"campfire_rested":3,"item_purchase_floors":[12,24,24,36,36,47],"current_hp_per_floor":[80,77,80,77,72,72,49,69,69,38,44,44,44,41,65,38,80,80,80,70,70,70,42,57,57,57,80,80,78,72,69,69,28,81,81,81,81,83,83,53,53,31,31,21,46,30,45,53,79,0],"gold":11,"neow_bonus":"RANDOM_COMMON_RELIC","is_prod":false,"is_daily":false,"chose_seed":false,"campfire_upgraded":4,"win_rate":0,"timestamp":1561283837,"path_taken":["M","M","M","M","M","R","E","?","T","E","M","$","?","?","R","BOSS","M","M","M","?","M","E","$","R","T","?","?","?","M","M","R","BOSS","M","$","?","M","M","E","R","?","T","M","R","M","$","M","R","BOSS"],"build_version":"2019-01-23","purchased_purges":2,"victory":false,"max_hp_per_floor":[80,80,80,80,80,80,80,80,80,80,80,80,80,80,80,80,80,80,80,80,80,80,80,80,80,80,80,80,80,82,84,84,84,81,81,81,81,83,83,83,83,85,85,85,85,85,85,87,87,87],"card_choices":[{"not_picked":["Flex","Heavy Blade"],"picked":"Twin Strike","floor":1},{"not_picked":["Clash","True Grit"],"picked":"Heavy Blade","floor":2},{"not_picked":["Blood for Blood","Fire Breathing"],"picked":"Limit Break","floor":3},{"not_picked":["Heavy Blade","Uppercut","Thunderclap"],"picked":"SKIP","floor":4},{"not_picked":["Carnage","Warcry"],"picked":"Perfected Strike","floor":5},{"not_picked":["Blood for Blood","Clash","Bludgeon"],"picked":"SKIP","floor":7},{"not_picked":["Bloodletting","Evolve"],"picked":"Flex","floor":10},{"not_picked":["Perfected Strike","Wild Strike"],"picked":"Spot Weakness","floor":11},{"not_picked":["Bludgeon","Fiend Fire"],"picked":"Double Tap","floor":16},{"not_picked":["Corruption","Entrench"],"picked":"Pommel Strike","floor":18},{"not_picked":["Fire Breathing","Rampage"],"picked":"Warcry+1","floor":19},{"not_picked":["Pummel+1","Seeing Red"],"picked":"Sword Boomerang+1","floor":20},{"not_picked":["Infernal Blade+1","Armaments","Havoc+1"],"picked":"SKIP","floor":22},{"not_picked":["Seeing Red","Second Wind"],"picked":"Shrug It Off","floor":23},{"not_picked":["Havoc","Anger+1"],"picked":"Cleave+1","floor":29},{"not_picked":["Power Through","Warcry","Metallicize"],"picked":"Singing Bowl","floor":30},{"not_picked":["Twin Strike+1","Armaments","Uppercut+1"],"picked":"Singing Bowl","floor":31},{"not_picked":["Barricade","Exhume"],"picked":"Immolate+1","floor":33},{"not_picked":["Anger+1","Headbutt+1"],"picked":"Pommel Strike+1","floor":35},{"not_picked":["Dual Wield","Armaments+1","Sever Soul+1"],"picked":"Singing Bowl","floor":38},{"not_picked":["Searing Blow+1","Dark Embrace"],"picked":"Pommel Strike+1","floor":39},{"not_picked":["Clothesline+1","Cleave+1"],"picked":"Battle Trance","floor":40},{"not_picked":["Thunderclap+1","Rupture+1","Clothesline+1"],"picked":"Singing Bowl","floor":42},{"not_picked":["Sever Soul+1","Clash+1"],"picked":"Heavy Blade+1","floor":44},{"not_picked":["Armaments","Shrug It Off"],"picked":"Warcry+1","floor":46},{"not_picked":["Shrug It Off","Body Slam+1","Clash+1"],"picked":"Singing Bowl","floor":48}],"player_experience":479548,"relics_obtained":[{"floor":7,"key":"Thread and Needle"},{"floor":9,"key":"Bag of Preparation"},{"floor":10,"key":"PreservedInsect"},{"floor":23,"key":"Singing Bowl"},{"floor":26,"key":"Kunai"},{"floor":40,"key":"Bottled Flame"},{"floor":43,"key":"Blue Candle"}],"event_choices":[{"damage_healed":20,"gold_gain":0,"player_choice":"Healed and dodged fight","damage_taken":0,"max_hp_gain":0,"max_hp_loss":0,"event_name":"Mushrooms","floor":8,"gold_loss":0,"cards_obtained":["Parasite"]},{"damage_healed":0,"gold_gain":0,"player_choice":"Ignored","damage_taken":0,"max_hp_gain":0,"max_hp_loss":0,"event_name":"Golden Idol","floor":13,"gold_loss":0},{"damage_healed":0,"gold_gain":0,"player_choice":"Fled","damage_taken":3,"max_hp_gain":0,"max_hp_loss":0,"event_name":"Scrap Ooze","floor":14,"gold_loss":0},{"damage_healed":0,"gold_gain":0,"player_choice":"Simplicity","damage_taken":0,"max_hp_gain":0,"max_hp_loss":0,"event_name":"Back to Basics","floor":21,"gold_loss":0,"cards_upgraded":["Strike_R","Strike_R","Strike_R","Strike_R","Strike_R","Defend_R","Defend_R","Defend_R","Defend_R"]},{"damage_healed":26,"gold_gain":0,"player_choice":"Heal","damage_taken":0,"max_hp_gain":0,"max_hp_loss":0,"event_name":"The Library","floor":27,"gold_loss":0},{"damage_healed":0,"gold_gain":0,"player_choice":"Paid Gold","damage_taken":0,"relics_obtained":["Molten Egg 2"],"max_hp_gain":0,"max_hp_loss":0,"event_name":"WeMeetAgain","floor":28,"gold_loss":51},{"damage_healed":0,"gold_gain":0,"player_choice":"Leave","damage_taken":0,"max_hp_gain":0,"max_hp_loss":0,"event_name":"FaceTrader","floor":37,"gold_loss":0}],"is_beta":false,"boss_relics":[{"not_picked":["White Beast Statue","Eternal Feather"],"picked":"Velvet Choker"},{"not_picked":["Snecko Eye","Tiny House"],"picked":"Empty Cage"}],"items_purged_floors":[36,47],"is_endless":false,"potions_floor_spawned":[2,5,16,23,29,31,33,35,38,40,44,48],"killed_by":"Awakened One","ascension_level":4}