{"gold_per_floor":[20,40,40,5,18,47,47,61,134,134,168,168,185,197,197,292,292,308,321,246,263,263,263,263,263,263,363,363,392,392,39,39,137,137,150,196,0,0,0,0,0,0,27,46,58,58,84,184,184,184],"floor_reached":50,"playtime":3494,"items_purged":[],"score":519,"play_id":"fec90c45-5acb-44db-87b2-b6351dafcbbe","local_time":"20190610195251","is_ascension_mode":false,"campfire_choices":[{"data":"Blur","floor":7,"key":"SMITH"},{"data":"Flechettes","floor":10,"key":"SMITH"},{"floor":15,"key":"REST"},{"data":"Defend_G","floor":23,"key":"SMITH"},{"data":"Footwork","floor":25,"key":"SMITH"},{"data":"Well Laid Plans","floor":28,"key":"SMITH"},{"data":"Defend_G","floor":30,"key":"SMITH"},{"data":"Deflect","floor":32,"key":"SMITH"},{"data":"Strike_G","floor":40,"key":"SMITH"},{"data":"Outmaneuver","floor":42,"key":"SMITH"},{"data":"Strike_G","floor":46,"key":"SMITH"},{"floor":49,"key":"RECALL"}],"neow_cost":"NO_GOLD","seed_source_timestamp":242847916655643,"circlet_count":0,"master_deck":["Defend_G","Defend_G","Defend_G+1","Defend_G+1","Strike_G","Strike_G+1","Strike_G+1","Strike_G+1","Strike_G+1","Survivor","Neutralize","Flechettes+1","PiercingWail","Outmaneuver","Blur+1","Dodge and Roll+1","Deflect+1","Outmaneuver+1","Corpse Explosion","All Out Attack","Masterful Stab+1","Well Laid Plans+1","Footwork+1","PiercingWail+1","Phantasmal Killer+1","Quick Slash+1","Escape Plan+1","Flying Knee+1","Skewer+1"],"relics":["Ring of the Snake","Pocketwatch","Shuriken","Strawberry","Coffee Dripper","MutagenicStrength","Bottled Flame","StoneCalendar","Bottled Lightning","Toxic Egg 2","Medical Kit","Bag of Preparation","Runic Pyramid","Torii","Red Mask","Anchor","Tingsha"],"potions_floor_usage":[5,16,21,27,27,33,50],"damage_taken":[{"damage":0,"enemies":"2 Louse","floor":1,"turns":2},{"damage":0,"enemies":"Jaw Worm","floor":2,"turns":5},{"damage":0,"enemies":"Small Slimes","floor":5,"turns":3},{"damage":29,"enemies":"3 Sentries","floor":6,"turns":12},{"damage":1,"enemies":"2 Fungi Beasts","floor":8,"turns":3},{"damage":20,"enemies":"Lagavulin","floor":11,"turns":6},{"damage":0,"enemies":"Large Slime","floor":13,"turns":4},{"damage":0,"enemies":"Blue Slaver","floor":14,"turns":4},{"damage":14,"enemies":"Hexaghost","floor":16,"turns":10},{"damage":0,"enemies":"3 Byrds","floor":18,"turns":3},{"damage":7,"enemies":"2 Thieves","floor":19,"turns":3},{"damage":4,"enemies":"Shelled Parasite and Fungi","floor":21,"turns":6},{"damage":0,"enemies":"Colosseum Slavers","floor":27,"turns":3},{"damage":3,"enemies":"Colosseum Nobs","floor":27,"turns":5},{"damage":10,"enemies":"Gremlin Leader","floor":29,"turns":7},{"damage":34,"enemies":"Automaton","floor":33,"turns":12},{"damage":0,"enemies":"3 Darklings","floor":35,"turns":1},{"damage":12,"enemies":"2 Orb Walkers","floor":36,"turns":3},{"damage":1,"enemies":"Orb Walker","floor":44,"turns":5},{"damage":9,"enemies":"Sphere and 2 Shapes","floor":45,"turns":4},{"damage":18,"enemies":"Nemesis","floor":47,"turns":7},{"damage":0,"enemies":"Mind Bloom Boss Battle","floor":48,"turns":7},{"damage":57,"enemies":"Time Eater","floor":50,"turns":11}],"seed_played":"-3271091345936182215","potions_obtained":[{"floor":1,"key":"Block Potion"},{"floor":5,"key":"LiquidBronze"},{"floor":14,"key":"Ancient Potion"},{"floor":16,"key":"Regen Potion"},{"floor":19,"key":"EssenceOfSteel"},{"floor":21,"key":"SkillPotion"},{"floor":27,"key":"Dexterity Potion"},{"floor":47,"key":"SteroidPotion"},{"floor":48,"key":"Poison Potion"}],"is_trial":false,"path_per_floor":["M","M","?","?","M","E","R","M","T","R","E","?","M","M","R","B",null,"M","M","?","M","?","R","?","R","T","?","R","E","R","$","R","B",null,"M","?","?","?","$","R","$","R","T","M","M","R","E","?","R","B"],"character_chosen":"THE_SILENT","items_purchased":["Medical Kit","Bag of Preparation"],"campfire_rested":1,"item_purchase_floors":[31,31],"current_hp_per_floor":[84,84,67,84,84,55,55,54,54,54,41,41,41,41,68,54,91,91,84,84,89,89,89,89,89,89,86,86,76,76,76,76,42,91,91,79,79,79,79,79,79,79,79,78,69,69,51,51,51,0],"gold":184,"neow_bonus":"TWENTY_PERCENT_HP_BONUS","is_prod":false,"is_daily":false,"chose_seed":false,"campfire_upgraded":10,"win_rate":0,"timestamp":1560221571,"path_taken":["M","M","?","?","M","E","R","M","T","R","E","?","M","M","R","BOSS","M","M","?","M","?","R","?","R","T","?","R","E","R","$","R","BOSS","M","?","?","?","?","R","?","R","T","M","?","R","E","?","R","BOSS"],"build_version":"2019-01-23","purchased_purges":0,"victory":false,"max_hp_per_floor":[84,84,84,84,84,84,84,84,84,84,91,91,91,91,91,91,91,91,91,91,91,91,91,91,91,91,91,91,91,91,91,91,91,91,91,91,91,86,86,86,86,86,86,86,86,86,86,86,86,86],"card_choices":[{"not_picked":["Riddle With Holes","Predator"],"picked":"Flechettes","floor":1},{"not_picked":["Underhanded Strike","Dagger Spray"],"picked":"PiercingWail","floor":2},{"not_picked":["Dash","Bane"],"picked":"Outmaneuver","floor":5},{"not_picked":["Poisoned Stab","Caltrops"],"picked":"Blur","floor":6},{"not_picked":["Dagger Throw","Acrobatics"],"picked":"Dodge and Roll","floor":8},{"not_picked":["Acrobatics","Backflip","Dagger Throw"],"picked":"SKIP","floor":11},{"not_picked":["Noxious Fumes","Slice"],"picked":"Deflect","floor":13},{"not_picked":["Deadly Poison","Flying Knee"],"picked":"Outmaneuver","floor":14},{"not_picked":["After Image","Glass Knife"],"picked":"Corpse Explosion","floor":16},{"not_picked":["Backflip+1","PiercingWail+1"],"picked":"All Out Attack","floor":18},{"not_picked":["Acrobatics","Cloak And Dagger+1"],"picked":"Masterful Stab+1","floor":19},{"not_picked":["Dodge and Roll","Flying Knee"],"picked":"Well Laid Plans","floor":21},{"not_picked":["Flying Knee","Blur"],"picked":"PiercingWail+1","floor":29},{"not_picked":["Unload","After Image"],"picked":"Phantasmal Killer+1","floor":33},{"not_picked":["Poisoned Stab","Outmaneuver+1"],"picked":"Quick Slash+1","floor":35},{"not_picked":["Outmaneuver+1","Acrobatics+1"],"picked":"Escape Plan+1","floor":36},{"not_picked":["Tactician+1","Dash+1"],"picked":"Flying Knee+1","floor":44},{"not_picked":["Expertise+1","Sucker Punch","Quick Slash"],"picked":"SKIP","floor":45},{"not_picked":["Prepared+1","Distraction+1"],"picked":"Skewer+1","floor":47}],"player_experience":346459,"relics_obtained":[{"floor":6,"key":"Pocketwatch"},{"floor":9,"key":"Shuriken"},{"floor":11,"key":"Strawberry"},{"floor":26,"key":"Bottled Flame"},{"floor":27,"key":"StoneCalendar"},{"floor":27,"key":"Bottled Lightning"},{"floor":29,"key":"Toxic Egg 2"},{"floor":36,"key":"Torii"},{"floor":47,"key":"Anchor"},{"floor":48,"key":"Tingsha"}],"event_choices":[{"damage_healed":0,"gold_gain":0,"player_choice":"Entered Light","damage_taken":17,"max_hp_gain":0,"max_hp_loss":0,"event_name":"Shining Light","floor":3,"gold_loss":0,"cards_upgraded":["Strike_G","Strike_G"]},{"damage_healed":21,"gold_gain":0,"player_choice":"Healed","damage_taken":0,"max_hp_gain":0,"max_hp_loss":0,"event_name":"The Cleric","floor":4,"gold_loss":35},{"damage_healed":0,"gold_gain":0,"player_choice":"Grow","damage_taken":0,"max_hp_gain":0,"max_hp_loss":0,"event_name":"Living Wall","floor":12,"gold_loss":0,"cards_upgraded":["Dodge and Roll"]},{"cards_removed":["Defend_G"],"damage_healed":0,"gold_gain":0,"player_choice":"Gave Gold","damage_taken":0,"max_hp_gain":0,"max_hp_loss":0,"event_name":"Beggar","floor":20,"gold_loss":75},{"damage_healed":0,"gold_gain":0,"player_choice":"Read","damage_taken":0,"max_hp_gain":0,"max_hp_loss":0,"event_name":"The Library","floor":22,"gold_loss":0,"cards_obtained":["Footwork"]},{"damage_healed":0,"gold_gain":0,"player_choice":"Inject Mutagens","damage_taken":0,"relics_obtained":["MutagenicStrength"],"max_hp_gain":0,"max_hp_loss":0,"event_name":"Drug Dealer","floor":24,"gold_loss":0},{"damage_healed":0,"gold_gain":0,"player_choice":"Fight","damage_taken":0,"max_hp_gain":0,"max_hp_loss":0,"event_name":"Colosseum","floor":27,"gold_loss":0},{"damage_healed":0,"gold_gain":0,"player_choice":"Fought Nobs","damage_taken":0,"max_hp_gain":0,"max_hp_loss":0,"event_name":"Colosseum","floor":27,"gold_loss":0},{"damage_healed":0,"gold_gain":0,"player_choice":"Fight","damage_taken":0,"max_hp_gain":0,"max_hp_loss":0,"event_name":"Mysterious Sphere","floor":36,"gold_loss":0},{"damage_healed":0,"gold_gain":0,"player_choice":"Paid","damage_taken":0,"relics_obtained":["Red Mask"],"max_hp_gain":0,"max_hp_loss":0,"event_name":"Tomb of Lord Red Mask","floor":37,"gold_loss":196},{"damage_healed":0,"gold_gain":0,"player_choice":"Max HP","damage_taken":0,"max_hp_gain":0,"max_hp_loss":5,"event_name":"Winding Halls","floor":38,"gold_loss":0},{"damage_healed":0,"gold_gain":0,"player_choice":"Fight","damage_taken":0,"max_hp_gain":0,"max_hp_loss":0,"event_name":"MindBloom","floor":48,"gold_loss":0}],"is_beta":false,"boss_relics":[{"not_picked":["Orrery","Runic Dome"],"picked":"Coffee Dripper"},{"not_picked":["Empty Cage","Astrolabe"],"picked":"Runic Pyramid"}],"items_purged_floors":[],"is_endless":false,"potions_floor_spawned":[1,5,14,16,19,21,27,47,48],"killed_by":"Time Eater","ascension_level":0}