{"gold_per_floor":[13,13,31,31,51,51,83,94,94,119,169,169,179,254,254,329,329,341,374,394,411,411],"floor_reached":22,"playtime":1243,"items_purged":[],"score":382,"play_id":"4e7ffe9e-059d-4832-96ab-3f56daf65cb1","local_time":"20190528211509","is_ascension_mode":true,"campfire_choices":[{"data":"Wraith Form v2","floor":6,"key":"SMITH"},{"floor":12,"key":"REST"},{"data":"Caltrops","floor":15,"key":"SMITH"}],"neow_cost":"NO_GOLD","seed_source_timestamp":964260832197736,"circlet_count":0,"master_deck":["AscendersBane","Defend_G","Defend_G","Defend_G","Defend_G","Defend_G","Strike_G","Strike_G","Strike_G","Strike_G","Strike_G","Survivor","Neutralize","Wraith Form v2+1","Noxious Fumes","Sucker Punch","Flying Knee","Caltrops","Caltrops+1","Die Die Die","Dodge and Roll","Flechettes+1"],"relics":["Ring of the Snake","Turnip","Bottled Lightning","Singing Bowl","Philosopher\u0027s Stone","Red Mask"],"potions_floor_usage":[7,19,19,22],"damage_taken":[{"damage":2,"enemies":"Small Slimes","floor":1,"turns":4},{"damage":2,"enemies":"Cultist","floor":3,"turns":4},{"damage":2,"enemies":"2 Louse","floor":5,"turns":5},{"damage":23,"enemies":"3 Sentries","floor":7,"turns":10},{"damage":12,"enemies":"Lots of Slimes","floor":8,"turns":7},{"damage":8,"enemies":"Gremlin Nob","floor":10,"turns":6},{"damage":7,"enemies":"3 Louse","floor":13,"turns":4},{"damage":15,"enemies":"Hexaghost","floor":16,"turns":10},{"damage":12,"enemies":"Spheric Guardian","floor":18,"turns":5},{"damage":25,"enemies":"Masked Bandits","floor":19,"turns":6},{"damage":7,"enemies":"Shell Parasite","floor":20,"turns":5},{"damage":29,"enemies":"Snecko","floor":21,"turns":7},{"damage":13,"enemies":"Snake Plant","floor":22,"turns":3}],"seed_played":"8780669508450610685","potions_obtained":[{"floor":3,"key":"EssenceOfSteel"},{"floor":5,"key":"Regen Potion"},{"floor":7,"key":"Weak Potion"},{"floor":21,"key":"SkillPotion"}],"is_trial":false,"path_per_floor":["M","?","M","$","M","R","E","M","T","E","?","R","M","?","R","B",null,"M","?","M","M","M"],"character_chosen":"THE_SILENT","items_purchased":[],"campfire_rested":1,"item_purchase_floors":[],"current_hp_per_floor":[69,69,67,67,65,65,42,30,30,22,22,45,38,27,27,12,62,50,40,35,8,0],"gold":411,"neow_bonus":"TWENTY_PERCENT_HP_BONUS","is_prod":false,"is_daily":false,"chose_seed":false,"campfire_upgraded":2,"win_rate":0,"timestamp":1559092509,"path_taken":["M","?","M","?","M","R","E","M","T","E","?","R","?","?","R","BOSS","M","?","M","M","M"],"build_version":"2019-01-23","purchased_purges":0,"victory":false,"max_hp_per_floor":[78,78,78,78,78,78,78,78,78,78,78,78,78,78,78,78,78,78,78,80,82,82],"card_choices":[{"not_picked":["Blade Dance","Underhanded Strike","Reflex"],"picked":"SKIP","floor":1},{"not_picked":["Quick Slash","Accuracy"],"picked":"Wraith Form v2","floor":3},{"not_picked":["Calculated Gamble","Well Laid Plans"],"picked":"Noxious Fumes","floor":5},{"not_picked":["Distraction","Outmaneuver"],"picked":"Sucker Punch","floor":7},{"not_picked":["Underhanded Strike","Backflip"],"picked":"Flying Knee","floor":8},{"not_picked":["Underhanded Strike","Dagger Spray"],"picked":"Caltrops","floor":10},{"not_picked":["Blade Dance","Finisher"],"picked":"Caltrops","floor":13},{"not_picked":["Wraith Form v2","Envenom"],"picked":"Die Die Die","floor":16},{"not_picked":["PiercingWail","Flechettes"],"picked":"Dodge and Roll","floor":18},{"not_picked":["Deflect","Dagger Throw"],"picked":"Flechettes+1","floor":19},{"not_picked":["Deflect","Poisoned Stab","Expertise"],"picked":"Singing Bowl","floor":20},{"not_picked":["Riddle With Holes","Escape Plan","Outmaneuver"],"picked":"Singing Bowl","floor":21}],"player_experience":781472,"relics_obtained":[{"floor":7,"key":"Turnip"},{"floor":9,"key":"Bottled Lightning"},{"floor":10,"key":"Singing Bowl"},{"floor":19,"key":"Red Mask"}],"event_choices":[{"damage_healed":0,"gold_gain":0,"player_choice":"Ignored","damage_taken":0,"max_hp_gain":0,"max_hp_loss":0,"event_name":"WeMeetAgain","floor":2,"gold_loss":0},{"damage_healed":0,"gold_gain":50,"player_choice":"Pray","damage_taken":0,"max_hp_gain":0,"max_hp_loss":0,"event_name":"Golden Shrine","floor":11,"gold_loss":0},{"damage_healed":0,"gold_gain":75,"player_choice":"Gather Gold","damage_taken":11,"max_hp_gain":0,"max_hp_loss":0,"event_name":"World of Goop","floor":14,"gold_loss":0},{"damage_healed":0,"gold_gain":0,"player_choice":"Fought Bandits","damage_taken":0,"max_hp_gain":0,"max_hp_loss":0,"event_name":"Masked Bandits","floor":19,"gold_loss":0}],"is_beta":false,"boss_relics":[{"not_picked":["Tiny House","Ring of the Serpent"],"picked":"Philosopher\u0027s Stone"}],"items_purged_floors":[],"is_endless":false,"potions_floor_spawned":[3,5,7,10,16,21],"killed_by":"Snake Plant","ascension_level":19}