{"gold_per_floor":[113,113,136,136,150,150,173,173,226,271,304,332,344,377,389,520,532,558,570,602,159,159,159,174,193,193,120,120,134,134,159,159,159],"floor_reached":33,"playtime":1630,"items_purged":["Injury"],"score":289,"play_id":"54d95b04-9b08-4732-ae73-51aa265ec675","local_time":"20190201203621","is_ascension_mode":true,"campfire_choices":[{"data":"1","floor":6,"key":"LIFT"},{"data":"2","floor":8,"key":"LIFT"},{"floor":13,"key":"REST"},{"floor":15,"key":"REST"},{"data":"Creative AI","floor":23,"key":"SMITH"},{"floor":30,"key":"REST"},{"floor":32,"key":"REST"}],"neow_cost":"TEN_PERCENT_HP_LOSS","seed_source_timestamp":128172316030772,"circlet_count":0,"master_deck":["Defend_B","Defend_B","Defend_B","Defend_B","Zap","Dualcast","Barrage","Auto Shields","Mind Blast","Multi-Cast","Compile Driver","Go for the Eyes","Beam Cell","Cold Snap","Defragment","Creative AI+1","BootSequence","Barrage","Darkness","Bite","Bite","Bite","Bite","Bite","Chill","Compile Driver","Defragment","Loop","Leap"],"relics":["Cracked Core","Girya","Golden Idol","MawBank","Bag of Marbles","Busted Crown","Unceasing Top","Art of War","Shuriken"],"potions_floor_usage":[10,16,33,33,33],"damage_taken":[{"damage":7,"enemies":"Small Slimes","floor":1,"turns":2},{"damage":10,"enemies":"Cultist","floor":3,"turns":4},{"damage":0,"enemies":"Jaw Worm","floor":5,"turns":3},{"damage":5,"enemies":"Red Slaver","floor":7,"turns":3},{"damage":25,"enemies":"Lagavulin","floor":10,"turns":6},{"damage":0,"enemies":"2 Fungi Beasts","floor":11,"turns":2},{"damage":2,"enemies":"Looter","floor":12,"turns":2},{"damage":6,"enemies":"Gremlin Gang","floor":14,"turns":4},{"damage":25,"enemies":"The Guardian","floor":16,"turns":9},{"damage":0,"enemies":"Chosen","floor":18,"turns":4},{"damage":0,"enemies":"2 Thieves","floor":20,"turns":3},{"damage":19,"enemies":"Cultist and Chosen","floor":24,"turns":6},{"damage":7,"enemies":"Centurion and Healer","floor":25,"turns":5},{"damage":31,"enemies":"Shelled Parasite and Fungi","floor":29,"turns":6},{"damage":21,"enemies":"3 Cultists","floor":31,"turns":5},{"damage":57,"enemies":"Collector","floor":33,"turns":6}],"seed_played":"531420580794422113","potions_obtained":[{"floor":1,"key":"SneckoOil"},{"floor":7,"key":"AttackPotion"},{"floor":12,"key":"SkillPotion"},{"floor":14,"key":"SteroidPotion"},{"floor":25,"key":"EssenceOfSteel"}],"is_trial":false,"path_per_floor":["M","?","M","?","M","R","M","R","T","E","M","M","R","M","R","B",null,"M","?","M","$","?","R","M","M","T","$","T","M","R","M","R","B"],"character_chosen":"DEFECT","items_purchased":["Darkness","Unceasing Top","Defragment"],"campfire_rested":4,"item_purchase_floors":[21,21,27],"current_hp_per_floor":[61,61,51,51,51,51,46,46,46,21,21,19,39,33,53,28,68,68,68,68,68,47,47,32,33,33,33,33,16,30,17,31,0],"gold":159,"neow_bonus":"ONE_RARE_RELIC","is_prod":false,"is_daily":false,"chose_seed":false,"campfire_upgraded":1,"win_rate":0,"timestamp":1549071381,"path_taken":["M","?","M","?","M","R","M","R","T","E","M","?","R","M","R","BOSS","M","?","?","?","?","R","M","M","T","$","?","?","R","M","R","BOSS"],"build_version":"2019-01-23","purchased_purges":1,"victory":false,"max_hp_per_floor":[68,68,68,68,68,68,68,68,68,68,68,68,68,68,68,68,68,68,68,68,68,47,47,47,47,47,47,47,47,47,47,47,47],"card_choices":[{"not_picked":["Undo","Rebound"],"picked":"Consume","floor":1},{"not_picked":["Rip and Tear","White Noise"],"picked":"Barrage","floor":3},{"not_picked":["Leap","Steam"],"picked":"Multi-Cast","floor":5},{"not_picked":["Hologram","Sweeping Beam"],"picked":"Compile Driver","floor":7},{"not_picked":["Multi-Cast","Machine Learning"],"picked":"Go for the Eyes","floor":10},{"not_picked":["Leap","Steam"],"picked":"Beam Cell","floor":11},{"not_picked":["Rebound","Heatsinks"],"picked":"Cold Snap","floor":12},{"not_picked":["Coolheaded","Barrage"],"picked":"Defragment","floor":14},{"not_picked":["Thunder Strike","Fission"],"picked":"Creative AI","floor":16},{"not_picked":[],"picked":"BootSequence","floor":18},{"not_picked":[],"picked":"Barrage","floor":20},{"not_picked":[],"picked":"Chill","floor":24},{"not_picked":[],"picked":"Compile Driver","floor":25},{"not_picked":[],"picked":"Loop","floor":29},{"not_picked":[],"picked":"Leap","floor":31}],"player_experience":110857,"relics_obtained":[{"floor":9,"key":"MawBank"},{"floor":10,"key":"Bag of Marbles"},{"floor":26,"key":"Art of War"},{"floor":28,"key":"Shuriken"}],"event_choices":[{"damage_healed":0,"gold_gain":0,"player_choice":"Take Wound","damage_taken":0,"relics_obtained":["Golden Idol"],"max_hp_gain":0,"max_hp_loss":0,"event_name":"Golden Idol","floor":2,"gold_loss":0,"cards_obtained":["Injury"]},{"damage_healed":0,"gold_gain":0,"player_choice":"2 cards matched","damage_taken":0,"max_hp_gain":0,"max_hp_loss":0,"event_name":"Match and Keep!","floor":4,"gold_loss":0,"cards_obtained":["Auto Shields","Mind Blast"]},{"cards_removed":["Consume"],"damage_healed":0,"gold_gain":0,"player_choice":"Offered Uncommon","damage_taken":0,"max_hp_gain":0,"max_hp_loss":0,"event_name":"Bonfire Elementals","floor":19,"gold_loss":0},{"damage_healed":0,"gold_gain":0,"player_choice":"Became a vampire","damage_taken":0,"max_hp_gain":0,"max_hp_loss":21,"event_name":"Vampires","floor":22,"gold_loss":0,"cards_obtained":["Bite","Bite","Bite","Bite","Bite"]}],"is_beta":false,"boss_relics":[{"not_picked":["Eternal Feather","Fusion Hammer"],"picked":"Busted Crown"}],"items_purged_floors":[21],"is_endless":false,"potions_floor_spawned":[1,7,12,14,25],"killed_by":"Collector","ascension_level":1}