{"gold_per_floor":[112,122,122,122,134,159,178,178,178,197,197,197,60,95,95,95],"floor_reached":16,"playtime":696,"items_purged":[],"score":171,"play_id":"fc683765-e53c-49e9-9fa0-b0da1fe16275","local_time":"20190310224122","is_ascension_mode":true,"campfire_choices":[{"floor":8,"key":"REST"},{"data":"Uppercut","floor":12,"key":"SMITH"},{"data":"Armaments","floor":15,"key":"SMITH"}],"neow_cost":"NONE","seed_source_timestamp":1995897696524033,"circlet_count":0,"master_deck":["AscendersBane","Strike_R","Strike_R","Strike_R","Strike_R","Strike_R","Defend_R","Defend_R","Defend_R","Defend_R","Bash","Cleave","Shrug It Off","Perfected Strike","Ghostly Armor","Uppercut+1","Bandage Up","Armaments+1","Anger"],"relics":["Burning Blood","Bag of Marbles","Omamori","Dodecahedron","Pear","Shuriken"],"potions_floor_usage":[14,16],"damage_taken":[{"damage":0,"enemies":"2 Louse","floor":1,"turns":2},{"damage":6,"enemies":"Jaw Worm","floor":2,"turns":4},{"damage":5,"enemies":"Small Slimes","floor":5,"turns":4},{"damage":32,"enemies":"Gremlin Nob","floor":6,"turns":4},{"damage":11,"enemies":"Looter","floor":7,"turns":3},{"damage":8,"enemies":"Blue Slaver","floor":10,"turns":3},{"damage":9,"enemies":"3 Sentries","floor":14,"turns":7},{"damage":98,"enemies":"Slime Boss","floor":16,"turns":16}],"seed_played":"-9024152115956098941","potions_obtained":[{"floor":2,"key":"GamblersBrew"},{"floor":6,"key":"Regen Potion"}],"is_trial":false,"path_per_floor":["M","M","?","?","M","E","M","R","T","M","?","R","$","E","R","B"],"character_chosen":"IRONCLAD","items_purchased":["Bandage Up","Armaments"],"campfire_rested":1,"item_purchase_floors":[13,13],"current_hp_per_floor":[78,78,53,53,54,28,23,47,57,55,77,77,77,90,90,0],"gold":95,"neow_bonus":"RANDOM_COMMON_RELIC","is_prod":false,"is_daily":false,"chose_seed":false,"campfire_upgraded":2,"win_rate":0,"timestamp":1552272082,"path_taken":["M","M","?","?","M","E","M","R","T","?","?","R","$","E","R","BOSS"],"build_version":"2019-01-23","purchased_purges":0,"victory":false,"max_hp_per_floor":[80,80,80,80,80,80,80,80,90,90,90,90,90,90,90,90],"card_choices":[{"not_picked":["Flex","Battle Trance"],"picked":"Cleave","floor":1},{"not_picked":["Wild Strike","Infernal Blade"],"picked":"Shrug It Off","floor":2},{"not_picked":["Perfected Strike","True Grit","Havoc"],"picked":"SKIP","floor":5},{"not_picked":["True Grit","Havoc"],"picked":"Perfected Strike","floor":5},{"not_picked":["Exhume","Warcry"],"picked":"Ghostly Armor","floor":6},{"not_picked":["Thunderclap","Shrug It Off"],"picked":"Uppercut","floor":7},{"not_picked":["Entrench","Searing Blow","Warcry"],"picked":"SKIP","floor":10},{"not_picked":["Sentinel","Juggernaut"],"picked":"Anger","floor":14}],"player_experience":354630,"relics_obtained":[{"floor":6,"key":"Dodecahedron"},{"floor":9,"key":"Pear"},{"floor":14,"key":"Shuriken"}],"event_choices":[{"damage_healed":0,"gold_gain":0,"player_choice":"Success","damage_taken":25,"relics_obtained":["Omamori"],"max_hp_gain":0,"max_hp_loss":0,"event_name":"Scrap Ooze","floor":3,"gold_loss":0},{"damage_healed":0,"gold_gain":0,"player_choice":"Ignored","damage_taken":0,"max_hp_gain":0,"max_hp_loss":0,"event_name":"Golden Wing","floor":4,"gold_loss":0},{"damage_healed":22,"gold_gain":0,"player_choice":"Healed and dodged fight","damage_taken":0,"max_hp_gain":0,"max_hp_loss":0,"event_name":"Mushrooms","floor":11,"gold_loss":0,"cards_obtained":["Parasite"]}],"is_beta":false,"boss_relics":[],"items_purged_floors":[],"is_endless":false,"potions_floor_spawned":[2,6,7,10],"killed_by":"Slime Boss","ascension_level":11}