{"gold_per_floor":[114,114,114,138,63,94,94,114,114,114,134,134],"floor_reached":12,"playtime":248,"items_purged":["Regret"],"score":78,"play_id":"5adeada6-b04d-420d-b6ce-e38fac952c28","local_time":"20190701060209","is_ascension_mode":false,"campfire_choices":[{"data":"Double Tap","floor":7,"key":"SMITH"}],"neow_cost":"NONE","seed_source_timestamp":5066387778618,"circlet_count":0,"master_deck":["Strike_R","Strike_R","Strike_R","Strike_R","Defend_R","Defend_R","Defend_R","Bash","Carnage","Double Tap+1","Clothesline","Whirlwind"],"relics":["Empty Cage","Paper Frog","Golden Idol","Unceasing Top","Anchor","Strawberry"],"potions_floor_usage":[6],"damage_taken":[{"damage":0,"enemies":"2 Louse","floor":1,"turns":4},{"damage":9,"enemies":"Small Slimes","floor":4,"turns":4},{"damage":32,"enemies":"Lagavulin","floor":6,"turns":6},{"damage":6,"enemies":"Cultist","floor":8,"turns":3},{"damage":6,"enemies":"3 Louse","floor":11,"turns":4},{"damage":19,"enemies":"Gremlin Gang","floor":12,"turns":4}],"seed_played":"-1549241529344246547","potions_obtained":[{"floor":4,"key":"SkillPotion"},{"floor":6,"key":"Fruit Juice"}],"is_trial":false,"path_per_floor":["M","?","?","M","$","E","R","M","T","?","M","M"],"character_chosen":"IRONCLAD","items_purchased":[],"campfire_rested":0,"item_purchase_floors":[],"current_hp_per_floor":[80,80,74,65,65,38,38,32,32,39,33,14],"gold":134,"neow_bonus":"BOSS_RELIC","is_prod":false,"is_daily":false,"chose_seed":false,"campfire_upgraded":1,"win_rate":0,"timestamp":1561982529,"path_taken":["M","?","?","M","$","E","R","M","T","?","M","?"],"build_version":"2019-01-23","purchased_purges":1,"victory":false,"max_hp_per_floor":[80,80,74,74,74,79,79,79,79,86,86,86],"card_choices":[{"not_picked":["Anger","Ghostly Armor","Dual Wield"],"picked":"SKIP","floor":1},{"not_picked":["True Grit","Perfected Strike"],"picked":"Carnage","floor":4},{"not_picked":["Warcry","Sword Boomerang"],"picked":"Double Tap","floor":6},{"not_picked":["Seeing Red","Sentinel"],"picked":"Clothesline","floor":8},{"not_picked":["Cleave","Metallicize"],"picked":"Whirlwind","floor":11}],"player_experience":1528034,"relics_obtained":[{"floor":6,"key":"Unceasing Top"},{"floor":9,"key":"Anchor"}],"event_choices":[{"damage_healed":0,"gold_gain":0,"player_choice":"Box","damage_taken":0,"relics_obtained":["Paper Frog"],"max_hp_gain":0,"max_hp_loss":0,"event_name":"Big Fish","floor":2,"gold_loss":0,"cards_obtained":["Regret"]},{"damage_healed":0,"gold_gain":0,"player_choice":"Lose Max HP","damage_taken":0,"relics_obtained":["Golden Idol"],"max_hp_gain":0,"max_hp_loss":6,"event_name":"Golden Idol","floor":3,"gold_loss":0},{"damage_healed":0,"gold_gain":0,"player_choice":"Gave Potion","damage_taken":0,"relics_obtained":["Strawberry"],"max_hp_gain":0,"max_hp_loss":0,"event_name":"WeMeetAgain","floor":10,"gold_loss":0}],"is_beta":false,"boss_relics":[],"items_purged_floors":[5],"is_endless":false,"potions_floor_spawned":[4,6],"killed_by":"Gremlin Gang","ascension_level":0}