{"gold_per_floor":[119,219,232,83,8,338,352,378,378,303,142,153,168,188,188,188],"floor_reached":16,"playtime":558,"items_purged":["Strike_R"],"score":267,"play_id":"e1d78766-4c06-40ee-850e-e8e70515a739","local_time":"20190622191901","is_ascension_mode":true,"campfire_choices":[{"data":"Fiend Fire","floor":15,"key":"SMITH"}],"neow_cost":"NONE","seed_source_timestamp":851110376633776,"circlet_count":0,"master_deck":["AscendersBane","Strike_R","Strike_R","Strike_R","Defend_R","Defend_R","Defend_R","Defend_R","Bash","Thunderclap","Metallicize","Feel No Pain","Shrug It Off","Fiend Fire+1","Pommel Strike","Headbutt","Thunderclap","Cleave","Shrug It Off"],"relics":["Burning Blood","NeowsBlessing","Old Coin","Mercury Hourglass","Bird Faced Urn","Oddly Smooth Stone"],"potions_floor_usage":[7,8,16],"damage_taken":[{"damage":0,"enemies":"Jaw Worm","floor":1,"turns":1},{"damage":0,"enemies":"Cultist","floor":3,"turns":1},{"damage":0,"enemies":"3 Sentries","floor":6,"turns":2},{"damage":5,"enemies":"2 Louse","floor":7,"turns":2},{"damage":26,"enemies":"Lagavulin","floor":8,"turns":5},{"damage":16,"enemies":"Exordium Thugs","floor":12,"turns":3},{"damage":12,"enemies":"Large Slime","floor":13,"turns":4},{"damage":5,"enemies":"Looter","floor":14,"turns":3},{"damage":48,"enemies":"The Guardian","floor":16,"turns":12}],"seed_played":"-7520678262758010670","potions_obtained":[{"floor":3,"key":"Swift Potion"},{"floor":7,"key":"Fire Potion"},{"floor":12,"key":"Dexterity Potion"}],"is_trial":false,"path_per_floor":["M","?","M","$","$","E","M","E","T","?","$","M","M","M","R","B"],"character_chosen":"IRONCLAD","items_purchased":["Feel No Pain","Shrug It Off","Fire Potion","Oddly Smooth Stone"],"campfire_rested":0,"item_purchase_floors":[4,4,4,11],"current_hp_per_floor":[74,74,75,75,75,75,75,55,55,55,55,45,39,40,40,0],"gold":188,"neow_bonus":"THREE_ENEMY_KILL","is_prod":false,"is_daily":false,"chose_seed":false,"campfire_upgraded":1,"win_rate":0,"timestamp":1561256341,"path_taken":["M","?","M","?","$","E","M","E","T","?","$","?","M","M","R","BOSS"],"build_version":"2019-01-23","purchased_purges":1,"victory":false,"max_hp_per_floor":[75,75,75,75,75,75,75,75,75,75,75,75,75,75,75,75],"card_choices":[{"not_picked":["Flex","Armaments"],"picked":"Thunderclap","floor":1},{"not_picked":["Havoc","Twin Strike"],"picked":"Metallicize","floor":3},{"not_picked":["Rampage","Clash"],"picked":"Fiend Fire","floor":6},{"not_picked":["Bloodletting","Entrench"],"picked":"Pommel Strike","floor":7},{"not_picked":["Second Wind","Havoc"],"picked":"Headbutt","floor":8},{"not_picked":["Reckless Charge","Body Slam"],"picked":"Thunderclap","floor":12},{"not_picked":["Thunderclap","Clash"],"picked":"Cleave","floor":13},{"not_picked":["Headbutt","Perfected Strike"],"picked":"Shrug It Off","floor":14}],"player_experience":1048253,"relics_obtained":[{"floor":6,"key":"Old Coin"},{"floor":8,"key":"Mercury Hourglass"},{"floor":9,"key":"Bird Faced Urn"}],"event_choices":[{"damage_healed":0,"gold_gain":100,"player_choice":"Gold","damage_taken":0,"max_hp_gain":0,"max_hp_loss":0,"event_name":"Wheel of Change","floor":2,"gold_loss":0},{"cards_removed":["Strike_R"],"damage_healed":0,"gold_gain":0,"player_choice":"Card Removal","damage_taken":0,"max_hp_gain":0,"max_hp_loss":0,"event_name":"The Cleric","floor":10,"gold_loss":75}],"is_beta":false,"boss_relics":[],"items_purged_floors":[5],"is_endless":false,"potions_floor_spawned":[3,7,12,14],"killed_by":"The Guardian","ascension_level":19}