{"gold_per_floor":[118,138,151,76,76,110,110,110,159,174,194,194,228,248,248,349,349,363,382,307,30,30,30,61,80,80,93,93,113,113,125,125,225,225,243,243,255,255,305,305,322,352,352,0,0],"floor_reached":45,"playtime":2242,"items_purged":["Defend_R"],"score":600,"play_id":"49429a9e-0a21-4dad-b98b-0af748e42a56","local_time":"20190603192418","is_ascension_mode":true,"campfire_choices":[{"data":"Armaments","floor":7,"key":"SMITH"},{"floor":12,"key":"REST"},{"data":"Flame Barrier","floor":15,"key":"SMITH"},{"floor":23,"key":"REST"},{"floor":28,"key":"REST"},{"data":"Bludgeon","floor":30,"key":"SMITH"},{"data":"Heavy Blade","floor":32,"key":"SMITH"},{"floor":40,"key":"REST"}],"neow_cost":"NONE","seed_source_timestamp":687239162064260,"circlet_count":0,"master_deck":["Strike_R","Strike_R","Defend_R+1","Defend_R+1","Defend_R","Bash","Bludgeon+1","Armaments+1","Demon Form+1","Flame Barrier+1","Feed","Heavy Blade+1","Anger+1","Cleave","Pummel","Feed","Pommel Strike","Battle Trance","Brutality","Battle Trance","Flex+1","Panacea","Pummel+1","Fire Breathing+1"],"relics":["Burning Blood","Regal Pillow","Dream Catcher","War Paint","Pen Nib","Empty Cage","Brimstone","Lantern","Dodecahedron","Orrery","Magic Flower","Ancient Tea Set","Mummified Hand","Red Mask"],"potions_floor_usage":[6,6,10,16,27,31,33,35,42,45],"damage_taken":[{"damage":0,"enemies":"2 Louse","floor":1,"turns":3},{"damage":6,"enemies":"Cultist","floor":2,"turns":3},{"damage":7,"enemies":"Jaw Worm","floor":3,"turns":2},{"damage":9,"enemies":"3 Sentries","floor":6,"turns":3},{"damage":6,"enemies":"Looter","floor":10,"turns":3},{"damage":34,"enemies":"Gremlin Gang","floor":11,"turns":6},{"damage":18,"enemies":"Lagavulin","floor":13,"turns":5},{"damage":6,"enemies":"Blue Slaver","floor":14,"turns":5},{"damage":21,"enemies":"Hexaghost","floor":16,"turns":6},{"damage":41,"enemies":"Spheric Guardian","floor":18,"turns":6},{"damage":11,"enemies":"Shell Parasite","floor":19,"turns":5},{"damage":48,"enemies":"Slavers","floor":24,"turns":5},{"damage":12,"enemies":"Snake Plant","floor":25,"turns":4},{"damage":2,"enemies":"Centurion and Healer","floor":27,"turns":4},{"damage":7,"enemies":"Snecko","floor":29,"turns":3},{"damage":11,"enemies":"Cultist and Chosen","floor":31,"turns":4},{"damage":96,"enemies":"Collector","floor":33,"turns":8},{"damage":6,"enemies":"Orb Walker","floor":35,"turns":3},{"damage":12,"enemies":"3 Shapes","floor":37,"turns":2},{"damage":83,"enemies":"2 Orb Walkers","floor":39,"turns":5},{"damage":45,"enemies":"Maw","floor":41,"turns":5},{"damage":30,"enemies":"Reptomancer","floor":42,"turns":4},{"damage":29,"enemies":"Giant Head","floor":45,"turns":5}],"seed_played":"3814324753797561793","potions_obtained":[{"floor":1,"key":"Explosive Potion"},{"floor":2,"key":"SpeedPotion"},{"floor":3,"key":"Fire Potion"},{"floor":13,"key":"SkillPotion"},{"floor":18,"key":"Ancient Potion"},{"floor":25,"key":"Weak Potion"},{"floor":27,"key":"LiquidBronze"},{"floor":33,"key":"SkillPotion"},{"floor":41,"key":"Fire Potion"},{"floor":42,"key":"Strength Potion"}],"is_trial":false,"path_per_floor":["M","M","M","$","?","E","R","?","T","M","M","R","E","M","R","B",null,"M","M","?","$","?","R","E","M","T","M","R","M","R","M","R","B",null,"M","?","M","?","?","R","M","E","T","?","E"],"character_chosen":"IRONCLAD","items_purchased":["Brimstone","Pummel"],"campfire_rested":4,"item_purchase_floors":[21,21],"current_hp_per_floor":[80,80,79,79,67,64,64,64,64,64,36,75,63,66,66,55,87,56,51,51,51,51,91,55,49,49,56,100,102,102,100,100,13,109,112,112,109,109,32,81,50,29,29,29,0],"gold":0,"neow_bonus":"ONE_RANDOM_RARE_CARD","is_prod":false,"is_daily":false,"chose_seed":false,"campfire_upgraded":4,"win_rate":0,"timestamp":1559615058,"path_taken":["M","M","M","$","?","E","R","?","T","M","?","R","E","M","R","BOSS","M","M","?","$","?","R","E","?","T","M","R","M","R","M","R","BOSS","M","?","M","?","?","R","M","E","T","?","E"],"build_version":"2019-01-23","purchased_purges":1,"victory":false,"max_hp_per_floor":[80,80,80,80,80,80,80,80,80,80,80,80,80,83,83,87,87,91,91,91,91,91,91,97,97,97,100,100,103,103,106,106,109,109,112,112,115,115,115,115,118,118,118,118,118],"card_choices":[{"not_picked":["Dropkick","Seeing Red"],"picked":"Armaments","floor":1},{"not_picked":["Combust","Shockwave","Thunderclap"],"picked":"SKIP","floor":2},{"not_picked":["Heavy Blade","Body Slam","Thunderclap"],"picked":"SKIP","floor":3},{"not_picked":["Clash","Wild Strike"],"picked":"Demon Form","floor":6},{"not_picked":["Pommel Strike","Armaments","Clash"],"picked":"SKIP","floor":10},{"not_picked":["Sever Soul","Disarm","Pommel Strike"],"picked":"SKIP","floor":11},{"not_picked":["Warcry","Carnage"],"picked":"Flame Barrier","floor":12},{"not_picked":["Juggernaut","Headbutt"],"picked":"Feed","floor":13},{"not_picked":["Rampage","Corruption"],"picked":"Heavy Blade","floor":14},{"not_picked":["Dark Embrace","Exhume"],"picked":"Feed","floor":16},{"not_picked":["Evolve","Pommel Strike"],"picked":"Anger+1","floor":18},{"not_picked":["Clash","Clothesline"],"picked":"Cleave","floor":19},{"not_picked":["Clash","Havoc+1"],"picked":"Pommel Strike","floor":24},{"not_picked":["Bludgeon","Evolve","True Grit"],"picked":"SKIP","floor":25},{"not_picked":["Power Through+1","Wild Strike"],"picked":"Battle Trance","floor":27},{"not_picked":["Twin Strike","Wild Strike","True Grit"],"picked":"SKIP","floor":29},{"not_picked":["Corruption","Blood for Blood","Thunderclap+1"],"picked":"SKIP","floor":31},{"not_picked":["Feed","Demon Form"],"picked":"Brutality","floor":33},{"not_picked":["Body Slam","Iron Wave"],"picked":"Battle Trance","floor":34},{"not_picked":["Thunderclap","Power Through"],"picked":"Flex+1","floor":35},{"not_picked":["Madness","Blind"],"picked":"Panacea","floor":36},{"not_picked":["Dual Wield","Spot Weakness"],"picked":"Pummel+1","floor":37},{"not_picked":["Havoc+1","Demon Form"],"picked":"Fire Breathing+1","floor":40},{"not_picked":["Cleave","Shockwave+1","Dropkick+1"],"picked":"SKIP","floor":41},{"not_picked":["Feel No Pain+1","Hemokinesis+1","Reckless Charge"],"picked":"SKIP","floor":42}],"player_experience":286543,"relics_obtained":[{"floor":6,"key":"Dream Catcher"},{"floor":9,"key":"War Paint"},{"floor":13,"key":"Pen Nib"},{"floor":24,"key":"Lantern"},{"floor":26,"key":"Dodecahedron"},{"floor":39,"key":"Magic Flower"},{"floor":42,"key":"Ancient Tea Set"},{"floor":43,"key":"Mummified Hand"}],"event_choices":[{"damage_healed":0,"gold_gain":0,"player_choice":"Success","damage_taken":12,"relics_obtained":["Regal Pillow"],"max_hp_gain":0,"max_hp_loss":0,"event_name":"Scrap Ooze","floor":5,"gold_loss":0},{"damage_healed":0,"gold_gain":0,"player_choice":"Forge","damage_taken":0,"max_hp_gain":0,"max_hp_loss":0,"event_name":"Accursed Blacksmith","floor":8,"gold_loss":0,"cards_upgraded":["Demon Form"]},{"cards_removed":["Strike_R"],"damage_healed":0,"gold_gain":0,"player_choice":"Gave Gold","damage_taken":0,"max_hp_gain":0,"max_hp_loss":0,"event_name":"Beggar","floor":20,"gold_loss":75},{"damage_healed":0,"gold_gain":0,"player_choice":"Copied","damage_taken":0,"max_hp_gain":0,"max_hp_loss":0,"event_name":"Duplicator","floor":22,"gold_loss":0,"cards_obtained":["Feed"]},{"damage_healed":0,"gold_gain":0,"player_choice":"Memory 1","damage_taken":0,"max_hp_gain":0,"max_hp_loss":0,"event_name":"SensoryStone","floor":36,"gold_loss":0},{"cards_removed":["Feed"],"damage_healed":0,"gold_gain":0,"player_choice":"Removed Attack","damage_taken":0,"max_hp_gain":0,"max_hp_loss":0,"event_name":"Falling","floor":38,"gold_loss":0},{"damage_healed":0,"gold_gain":0,"player_choice":"Fight","damage_taken":0,"max_hp_gain":0,"max_hp_loss":0,"event_name":"Mysterious Sphere","floor":39,"gold_loss":0},{"damage_healed":0,"gold_gain":0,"player_choice":"Paid","damage_taken":0,"relics_obtained":["Red Mask"],"max_hp_gain":0,"max_hp_loss":0,"event_name":"Tomb of Lord Red Mask","floor":44,"gold_loss":352}],"is_beta":false,"boss_relics":[{"not_picked":["Philosopher\u0027s Stone","Lizard Tail"],"picked":"Empty Cage"},{"not_picked":["Calling Bell","Pandora\u0027s Box"],"picked":"Orrery"}],"items_purged_floors":[4],"is_endless":false,"potions_floor_spawned":[1,2,3,13,18,25,27,33,41,42],"killed_by":"Giant Head","ascension_level":2}