{"gold_per_floor":[209,229,27,27,37,37,63,82,133,133,151,151,169,181,181,281,281,295,154,171,17,17,17,17,17,42,42,62,62,62,79,79,176,176,191,191,291,291,304,304,319,319],"floor_reached":42,"playtime":1395,"items_purged":[],"score":637,"play_id":"c4125bcc-a053-4c46-a730-3558ea05833a","local_time":"20181115231902","is_ascension_mode":true,"campfire_choices":[{"data":"Streamline","floor":6,"key":"SMITH"},{"floor":10,"key":"REST"},{"floor":12,"key":"REST"},{"floor":15,"key":"REST"},{"floor":23,"key":"REST"},{"floor":25,"key":"REST"},{"data":"Ball Lightning","floor":32,"key":"SMITH"},{"data":"Defend_B","floor":40,"key":"SMITH"}],"neow_cost":"NONE","seed_source_timestamp":17599680485262,"circlet_count":0,"master_deck":["AscendersBane","Strike_B","Strike_B","Defend_B","Defend_B","Defend_B+1","Defend_B","Zap","Dualcast","Sunder+1","Streamline+1","Skim","Hologram+1","Electrodynamics","FTL","Leap+1","Ball Lightning+1","Seek+1","Streamline","Defragment+1","Necronomicurse","Consume+1","White Noise+1","Seek+1","BootSequence+1","Hologram+1","Go for the Eyes+1"],"relics":["Cracked Core","Toolbox","Toxic Egg 2","Smiling Mask","Snecko Eye","Oddly Smooth Stone","PreservedInsect","Necronomicon","Juzu Bracelet","Cursed Key"],"potions_floor_usage":[7,7,13,16,16,28,33,41,42],"damage_taken":[{"damage":6,"enemies":"2 Louse","floor":1,"turns":3},{"damage":0,"enemies":"Cultist","floor":2,"turns":3},{"damage":18,"enemies":"Small Slimes","floor":5,"turns":2},{"damage":33,"enemies":"Lagavulin","floor":7,"turns":4},{"damage":18,"enemies":"Exordium Thugs","floor":8,"turns":4},{"damage":15,"enemies":"Looter","floor":11,"turns":4},{"damage":0,"enemies":"Large Slime","floor":13,"turns":3},{"damage":4,"enemies":"Blue Slaver","floor":14,"turns":4},{"damage":31,"enemies":"Hexaghost","floor":16,"turns":9},{"damage":22,"enemies":"2 Thieves","floor":18,"turns":3},{"damage":0,"enemies":"Spheric Guardian","floor":20,"turns":4},{"damage":6,"enemies":"Cultist and Chosen","floor":28,"turns":3},{"damage":0,"enemies":"Snecko","floor":31,"turns":2},{"damage":35,"enemies":"Collector","floor":33,"turns":4},{"damage":3,"enemies":"Orb Walker","floor":35,"turns":2},{"damage":3,"enemies":"3 Shapes","floor":39,"turns":4},{"damage":42,"enemies":"Transient","floor":41,"turns":5},{"damage":24,"enemies":"3 Darklings","floor":42,"turns":2}],"seed_played":"1650011551990595226","potions_obtained":[{"floor":1,"key":"Regen Potion"},{"floor":5,"key":"EssenceOfSteel"},{"floor":11,"key":"AttackPotion"},{"floor":13,"key":"Block Potion"},{"floor":14,"key":"AttackPotion"},{"floor":20,"key":"LiquidBronze"},{"floor":31,"key":"AttackPotion"},{"floor":35,"key":"Swift Potion"},{"floor":39,"key":"Dexterity Potion"},{"floor":41,"key":"SteroidPotion"}],"is_trial":false,"path_per_floor":["M","M","$","?","M","R","E","M","T","R","M","R","M","M","R","B",null,"M","?","M","$","?","R","?","R","T","?","M","?","?","M","R","B",null,"M","?","?","?","M","R","M","M"],"character_chosen":"DEFECT","items_purchased":["Toolbox","PreservedInsect"],"campfire_rested":5,"item_purchase_floors":[3,21],"current_hp_per_floor":[62,62,62,62,44,44,23,5,5,27,12,34,34,30,52,21,62,40,40,40,40,24,46,46,68,68,68,62,62,62,62,62,27,63,60,60,60,60,57,57,15,0],"gold":319,"neow_bonus":"HUNDRED_GOLD","is_prod":false,"is_daily":false,"chose_seed":false,"campfire_upgraded":3,"win_rate":0,"timestamp":1542352742,"path_taken":["M","M","$","?","M","R","E","M","T","R","M","R","M","M","R","BOSS","M","?","?","$","?","R","?","R","T","?","M","?","?","M","R","BOSS","M","?","?","?","M","R","M","M"],"build_version":"2018-11-15","purchased_purges":0,"victory":false,"max_hp_per_floor":[75,75,75,75,75,75,75,75,75,75,75,75,75,75,75,75,75,75,75,75,75,75,75,75,75,75,75,75,75,75,75,75,75,75,75,75,75,75,75,75,75,75],"card_choices":[{"not_picked":["Chill","Cold Snap"],"picked":"Sunder","floor":1},{"not_picked":["Reprogram","Go for the Eyes"],"picked":"Streamline","floor":2},{"not_picked":["Streamline","Tempest"],"picked":"Skim","floor":5},{"not_picked":["Compile Driver","Sweeping Beam"],"picked":"Hologram","floor":7},{"not_picked":["Go for the Eyes","Steam+1"],"picked":"Electrodynamics","floor":8},{"not_picked":["Reprogram+1","Loop"],"picked":"FTL","floor":11},{"not_picked":["Steam Power+1","Compile Driver"],"picked":"Leap+1","floor":13},{"not_picked":["Go for the Eyes","Doom and Gloom"],"picked":"Ball Lightning","floor":14},{"not_picked":["Machine Learning","Rainbow+1"],"picked":"Seek+1","floor":16},{"not_picked":["Go for the Eyes+1","Loop"],"picked":"Streamline","floor":18},{"not_picked":["Compile Driver","Cold Snap"],"picked":"Defragment+1","floor":20},{"not_picked":["Barrage","Turbo+1","Steam Power+1"],"picked":"SKIP","floor":28},{"not_picked":["Rip and Tear","Recycle+1"],"picked":"White Noise+1","floor":31},{"not_picked":["Meteor Strike","Hyperbeam"],"picked":"Seek+1","floor":33},{"not_picked":["Stack+1","Rebound+1"],"picked":"BootSequence+1","floor":35},{"not_picked":["Barrage","Double Energy+1"],"picked":"Hologram+1","floor":39},{"not_picked":["Ball Lightning+1","Barrage+1"],"picked":"Go for the Eyes+1","floor":41}],"player_experience":731844,"relics_obtained":[{"floor":7,"key":"Toxic Egg 2"},{"floor":9,"key":"Smiling Mask"},{"floor":22,"key":"Necronomicon"},{"floor":26,"key":"Juzu Bracelet"}],"event_choices":[{"damage_healed":0,"gold_gain":0,"player_choice":"Grow","damage_taken":0,"max_hp_gain":0,"max_hp_loss":0,"event_name":"Living Wall","floor":4,"gold_loss":0,"cards_upgraded":["Sunder"]},{"damage_healed":0,"gold_gain":0,"player_choice":"Paid Gold","damage_taken":0,"relics_obtained":["Oddly Smooth Stone"],"max_hp_gain":0,"max_hp_loss":0,"event_name":"WeMeetAgain","floor":19,"gold_loss":141},{"damage_healed":0,"gold_gain":0,"player_choice":"Obtained Book","damage_taken":16,"max_hp_gain":0,"max_hp_loss":0,"event_name":"Cursed Tome","floor":22,"gold_loss":0},{"damage_healed":0,"gold_gain":0,"player_choice":"Ignored","damage_taken":0,"max_hp_gain":0,"max_hp_loss":0,"event_name":"Beggar","floor":24,"gold_loss":0},{"cards_removed":["Strike_B"],"damage_healed":0,"gold_gain":0,"player_choice":"Purged","damage_taken":0,"max_hp_gain":0,"max_hp_loss":0,"event_name":"Purifier","floor":27,"gold_loss":0},{"damage_healed":0,"gold_gain":0,"player_choice":"Read","damage_taken":0,"max_hp_gain":0,"max_hp_loss":0,"event_name":"The Library","floor":29,"gold_loss":0,"cards_obtained":["Consume"]},{"damage_healed":0,"gold_gain":0,"player_choice":"Ignored","damage_taken":0,"max_hp_gain":0,"max_hp_loss":0,"event_name":"Ghosts","floor":30,"gold_loss":0},{"damage_healed":0,"gold_gain":0,"player_choice":"Memory 1","damage_taken":0,"max_hp_gain":0,"max_hp_loss":0,"event_name":"SensoryStone","floor":36,"gold_loss":0},{"damage_healed":0,"gold_gain":100,"player_choice":"Pray","damage_taken":0,"max_hp_gain":0,"max_hp_loss":0,"event_name":"Golden Shrine","floor":37,"gold_loss":0},{"cards_removed":["Strike_B"],"damage_healed":0,"gold_gain":0,"player_choice":"Removed Attack","damage_taken":0,"max_hp_gain":0,"max_hp_loss":0,"event_name":"Falling","floor":38,"gold_loss":0}],"is_beta":false,"boss_relics":[{"not_picked":["Tiny House","Runic Dome"],"picked":"Snecko Eye"},{"not_picked":["Busted Crown","White Beast Statue"],"picked":"Cursed Key"}],"items_purged_floors":[],"is_endless":false,"potions_floor_spawned":[1,5,11,13,14,20,31,35,39,41],"killed_by":"3 Darklings","ascension_level":12}