{"gold_per_floor":[15,165,90,110,125,150,150,185,209,209,209,209,237,251,251,326,326,342,46,46,46,64,64,92,105,128,143,143,162,10,10,10,82,82,97,197,213,226,226,287,287,318,344,344,396,407,442,0,0,0,0],"floor_reached":52,"playtime":1459,"items_purged":["Doubt","Strike_R"],"score":1976,"play_id":"ab61274f-a950-4a5f-a5af-28a5bbb31d5d","local_time":"20190630113657","is_ascension_mode":true,"campfire_choices":[{"data":"Bash","floor":7.0,"key":"SMITH"},{"data":"Whirlwind","floor":10.0,"key":"SMITH"},{"floor":12.0,"key":"REST"},{"data":"Spot Weakness","floor":15.0,"key":"SMITH"},{"data":"Limit Break","floor":23.0,"key":"SMITH"},{"floor":28.0,"key":"REST"},{"data":"Fiend Fire","floor":32.0,"key":"SMITH"},{"data":"Limit Break","floor":41,"key":"SMITH"},{"data":"True Grit","floor":44,"key":"SMITH"},{"data":"Armaments","floor":49,"key":"SMITH"}],"neow_cost":"NO_GOLD","seed_source_timestamp":0,"circlet_count":0,"master_deck":["AscendersBane","Strike_R","Strike_R","Strike_R+1","Defend_R","Defend_R","Defend_R","Bash+1","Spot Weakness+1","Sword Boomerang+1","Whirlwind+1","Battle Trance","Offering","Limit Break+1","Burning Pact","True Grit+1","Sword Boomerang","Fiend Fire+1","Shrug It Off","Shrug It Off","Limit Break+1","Whirlwind","True Grit+1","Heavy Blade+1","Pummel","Metallicize","Writhe","Clumsy","Armaments+1"],"special_seed":0,"relics":["Burning Blood","Whetstone","Blood Vial","PreservedInsect","Singing Bowl","Cursed Key","Brimstone","Omamori","Spirit Poop","Darkstone Periapt","Strawberry","Runic Pyramid","Unceasing Top","Tiny Chest","Ice Cream","Bag of Marbles","Potion Belt","Juzu Bracelet","Red Mask"],"potions_floor_usage":[51,51],"damage_taken":[{"damage":6.0,"enemies":"Jaw Worm","floor":1.0,"turns":5.0},{"damage":7.0,"enemies":"Cultist","floor":4.0,"turns":4.0},{"damage":3.0,"enemies":"2 Louse","floor":5.0,"turns":3.0},{"damage":32.0,"enemies":"Gremlin Nob","floor":6.0,"turns":4.0},{"damage":20.0,"enemies":"3 Sentries","floor":8.0,"turns":3.0},{"damage":26.0,"enemies":"Lagavulin","floor":13.0,"turns":3.0},{"damage":8.0,"enemies":"Red Slaver","floor":14.0,"turns":3.0},{"damage":41.0,"enemies":"Slime Boss","floor":16.0,"turns":8.0},{"damage":6.0,"enemies":"Chosen","floor":18.0,"turns":3.0},{"damage":6.0,"enemies":"Shell Parasite","floor":22.0,"turns":1.0},{"damage":36.0,"enemies":"Book of Stabbing","floor":24.0,"turns":3.0},{"damage":21.0,"enemies":"Centurion and Healer","floor":25.0,"turns":2.0},{"damage":6.0,"enemies":"Sentry and Sphere","floor":27.0,"turns":3.0},{"damage":8.0,"enemies":"Snecko","floor":29.0,"turns":3.0},{"damage":28.0,"enemies":"Automaton","floor":33.0,"turns":5.0},{"damage":6,"enemies":"Orb Walker","floor":35,"turns":2},{"damage":0,"enemies":"Mind Bloom Boss Battle","floor":36,"turns":3},{"damage":11,"enemies":"3 Darklings","floor":37,"turns":2},{"damage":28,"enemies":"Writhing Mass","floor":38,"turns":3},{"damage":7,"enemies":"Giant Head","floor":40,"turns":3},{"damage":8,"enemies":"Reptomancer","floor":42,"turns":2},{"damage":22,"enemies":"4 Shapes","floor":46,"turns":2},{"damage":10,"enemies":"Giant Head","floor":47,"turns":3},{"damage":29,"enemies":"Awakened One","floor":50,"turns":4},{"damage":49,"enemies":"Donu and Deca","floor":51,"turns":5}],"seed_played":"3603546678478335348","potions_obtained":[{"floor":1.0,"key":"Block Potion"},{"floor":4.0,"key":"Regen Potion"},{"floor":8.0,"key":"PowerPotion"},{"floor":16.0,"key":"Swift Potion"},{"floor":25.0,"key":"AttackPotion"},{"floor":27.0,"key":"Block Potion"},{"floor":33.0,"key":"FearPotion"},{"floor":36,"key":"SpeedPotion"},{"floor":47,"key":"LiquidBronze"}],"is_trial":false,"path_per_floor":["M","?","$","M","M","E","R","E","T","R","?","R","E","M","R","B",null,"M","$","?","?","M","R","E","M","T","M","R","M","$","?","R","B",null,"M","?","M","M","?","E","R","E","T","R","T","M","E","?","R","B","B",null],"character_chosen":"IRONCLAD","items_purchased":["Brimstone","True Grit","Sword Boomerang","Shrug It Off"],"campfire_rested":2,"item_purchase_floors":[19,19,19,30],"current_hp_per_floor":[68,68,68,67,70,44,44,30,30,30,30,52,36,38,38,10,62,64,64,64,64,68,68,40,27,34,38,65,67,67,67,67,47,81,83,91,87,67,85,88,88,88,94,94,100,86,86,86,86,65,24],"gold":0,"neow_bonus":"REMOVE_TWO","is_prod":false,"is_daily":false,"chose_seed":false,"campfire_upgraded":8,"win_rate":0,"timestamp":1561909017,"path_taken":["M","?","$","M","M","E","R","E","T","R","?","R","E","M","R","BOSS","M","$","?","?","M","R","E","M","T","M","R","?","?","?","R","BOSS","M","?","M","M","?","E","R","E","T","R","?","M","E","?","R","BOSS","BOSS"],"build_version":"2019-01-23","purchased_purges":2,"victory":true,"max_hp_per_floor":[75,75,75,75,75,75,75,75,75,75,75,75,77,79,79,79,79,79,79,79,79,81,81,81,81,88,90,90,92,92,92,92,92,92,92,92,92,92,92,94,94,94,100,100,106,106,108,108,108,108,108],"card_choices":[{"not_picked":["Dual Wield","Clothesline"],"picked":"Spot Weakness","floor":1.0},{"not_picked":["Clothesline","Clash"],"picked":"Sword Boomerang","floor":4.0},{"not_picked":["Shrug It Off","Thunderclap"],"picked":"Whirlwind","floor":5.0},{"not_picked":["Rampage","Evolve"],"picked":"Battle Trance","floor":6.0},{"not_picked":["Brutality","Dropkick"],"picked":"Offering","floor":8.0},{"not_picked":["Cleave","Wild Strike","Flex"],"picked":"Singing Bowl","floor":13.0},{"not_picked":["Perfected Strike","Clothesline","Clash"],"picked":"Singing Bowl","floor":14.0},{"not_picked":["Impervious","Bludgeon"],"picked":"Limit Break","floor":16.0},{"not_picked":["Perfected Strike","Disarm"],"picked":"Burning Pact","floor":18.0},{"not_picked":["Warcry","Dropkick+1","Iron Wave"],"picked":"Singing Bowl","floor":22.0},{"not_picked":["Reckless Charge","Clothesline"],"picked":"Fiend Fire","floor":24.0},{"not_picked":["Sword Boomerang","Body Slam"],"picked":"Shrug It Off","floor":25.0},{"not_picked":["Havoc","Flex","Carnage"],"picked":"Singing Bowl","floor":27.0},{"not_picked":["Cleave","Fire Breathing","Clothesline"],"picked":"Singing Bowl","floor":29.0},{"not_picked":["Immolate","Barricade"],"picked":"Limit Break","floor":33.0},{"not_picked":["Rampage","Cleave"],"picked":"Whirlwind","floor":35},{"not_picked":["Cleave","Twin Strike"],"picked":"True Grit","floor":36},{"not_picked":["Dropkick","Flame Barrier+1"],"picked":"Heavy Blade+1","floor":37},{"not_picked":["Iron Wave","Anger"],"picked":"Pummel","floor":38},{"not_picked":["Corruption+1","Inflame","Headbutt+1"],"picked":"Singing Bowl","floor":40},{"not_picked":["Anger","Clothesline"],"picked":"Metallicize","floor":42},{"not_picked":["Headbutt+1","Hemokinesis"],"picked":"Armaments","floor":46},{"not_picked":["Pommel Strike","Exhume","Body Slam"],"picked":"Singing Bowl","floor":47}],"player_experience":995987,"relics_obtained":[{"floor":6.0,"key":"Whetstone"},{"floor":8.0,"key":"Blood Vial"},{"floor":9.0,"key":"PreservedInsect"},{"floor":13.0,"key":"Singing Bowl"},{"floor":24.0,"key":"Darkstone Periapt"},{"floor":26.0,"key":"Strawberry"},{"floor":36,"key":"Unceasing Top"},{"floor":40,"key":"Tiny Chest"},{"floor":42,"key":"Ice Cream"},{"floor":43,"key":"Bag of Marbles"},{"floor":45,"key":"Potion Belt"},{"floor":47,"key":"Juzu Bracelet"}],"event_choices":[{"damage_healed":0.0,"max_hp_gain":0.0,"max_hp_loss":0.0,"gold_gain":150.0,"event_name":"Liars Game","player_choice":"AGREE","floor":2.0,"gold_loss":0.0,"damage_taken":0.0,"cards_obtained":["Doubt"]},{"damage_healed":0.0,"max_hp_gain":0.0,"max_hp_loss":0.0,"gold_gain":0.0,"event_name":"Match and Keep!","player_choice":"0 cards matched","floor":11.0,"gold_loss":0.0,"damage_taken":0.0,"cards_obtained":[]},{"damage_healed":0.0,"max_hp_gain":0.0,"max_hp_loss":0.0,"gold_gain":0.0,"event_name":"Addict","player_choice":"Stole Relic","floor":20.0,"gold_loss":0.0,"damage_taken":0.0,"relics_obtained":["Omamori"],"cards_obtained":["Shame"]},{"cards_removed":["Shame"],"damage_healed":0.0,"max_hp_gain":0.0,"max_hp_loss":0.0,"gold_gain":0.0,"event_name":"Bonfire Elementals","player_choice":"Offered Curse","floor":21.0,"gold_loss":0.0,"damage_taken":0.0,"relics_obtained":["Spirit Poop"]},{"damage_healed":0.0,"max_hp_gain":0.0,"max_hp_loss":0.0,"gold_gain":0.0,"event_name":"Upgrade Shrine","player_choice":"Upgraded","floor":31.0,"gold_loss":0.0,"damage_taken":0.0,"cards_upgraded":["True Grit"]},{"damage_healed":0,"gold_gain":0,"player_choice":"Fight","damage_taken":0,"max_hp_gain":0,"max_hp_loss":0,"event_name":"MindBloom","floor":36,"gold_loss":0},{"damage_healed":18,"gold_gain":0,"player_choice":"Writhe","damage_taken":0,"max_hp_gain":0,"max_hp_loss":0,"event_name":"Winding Halls","floor":39,"gold_loss":0,"cards_obtained":["Writhe"]},{"damage_healed":0,"gold_gain":0,"player_choice":"Paid","damage_taken":0,"relics_obtained":["Red Mask"],"max_hp_gain":0,"max_hp_loss":0,"event_name":"Tomb of Lord Red Mask","floor":48,"gold_loss":442}],"is_beta":false,"boss_relics":[{"not_picked":["Mark of Pain","White Beast Statue"],"picked":"Cursed Key"},{"not_picked":["Philosopher\u0027s Stone","Pandora\u0027s Box"],"picked":"Runic Pyramid"}],"items_purged_floors":[3,30],"is_endless":false,"potions_floor_spawned":[1,4,8,14,16,25,27,33,36,38,47],"ascension_level":20}