{"gold_per_floor":[119,167,147,157,232,257,257,282,282,302,227,286,302,319,319,393,393,379,379,13,13,29,29,46,46,46,46,46,57,57,74,74,146,146,160,160,170,445,465,465,15,28,28,128,89,101,101,131,131,131],"floor_reached":51,"playtime":2927,"items_purged":["Strike_G","Strike_G+1"],"score":1263,"play_id":"e81ed76e-88fc-4946-9947-8fb914dca494","local_time":"20190521201334","is_ascension_mode":true,"campfire_choices":[{"data":"Dash","floor":7,"key":"SMITH"},{"data":"Noxious Fumes","floor":15,"key":"SMITH"},{"floor":23,"key":"REST"},{"data":"Malaise","floor":25,"key":"SMITH"},{"data":"Well Laid Plans","floor":27,"key":"SMITH"},{"data":"Neutralize","floor":30,"key":"SMITH"},{"floor":32,"key":"REST"},{"data":"Tools of the Trade","floor":40,"key":"SMITH"},{"floor":49,"key":"REST"}],"neow_cost":"NONE","seed_source_timestamp":354033304229744,"circlet_count":0,"master_deck":["AscendersBane","Defend_G+1","Defend_G+1","Defend_G+1","Defend_G+1","Strike_G+1","Survivor+1","Neutralize+1","Dash+1","Noxious Fumes+1","Cloak And Dagger","Cloak And Dagger","Escape Plan","Well Laid Plans+1","Malaise+1","Bane+1","Leg Sweep+1","Backflip+1","Adrenaline+1","Tools of the Trade+1","A Thousand Cuts+1","Backflip+1","Sucker Punch+1","Crippling Poison+1","Panacea+1","Corpse Explosion+1","Cloak And Dagger+1","Noxious Fumes","Cloak And Dagger+1","Calculated Gamble+1","Terror+1","Infinite Blades"],"relics":["Ring of the Snake","NeowsBlessing","Omamori","Gremlin Horn","War Paint","Strawberry","Whetstone","Philosopher\u0027s Stone","Toxic Egg 2","Letter Opener","Astrolabe","Shuriken","Shovel","Sundial"],"potions_floor_usage":[8,12,12,19,33,37,50,50],"damage_taken":[{"damage":0,"enemies":"Cultist","floor":1,"turns":1},{"damage":0,"enemies":"Jaw Worm","floor":4,"turns":1},{"damage":0,"enemies":"3 Sentries","floor":6,"turns":2},{"damage":19,"enemies":"Gremlin Nob","floor":8,"turns":5},{"damage":0,"enemies":"2 Louse","floor":10,"turns":3},{"damage":2,"enemies":"3 Sentries","floor":12,"turns":6},{"damage":0,"enemies":"2 Fungi Beasts","floor":13,"turns":3},{"damage":1,"enemies":"Exordium Wildlife","floor":14,"turns":3},{"damage":15,"enemies":"Hexaghost","floor":16,"turns":12},{"damage":27,"enemies":"2 Thieves","floor":18,"turns":4},{"damage":10,"enemies":"Colosseum Slavers","floor":19,"turns":6},{"damage":6,"enemies":"Spheric Guardian","floor":22,"turns":7},{"damage":0,"enemies":"Cultist and Chosen","floor":24,"turns":9},{"damage":2,"enemies":"Sentry and Sphere","floor":29,"turns":7},{"damage":0,"enemies":"Snake Plant","floor":31,"turns":7},{"damage":7,"enemies":"Automaton","floor":33,"turns":14},{"damage":1,"enemies":"Orb Walker","floor":35,"turns":4},{"damage":0,"enemies":"3 Darklings","floor":37,"turns":4},{"damage":19,"enemies":"Transient","floor":39,"turns":5},{"damage":0,"enemies":"4 Shapes","floor":42,"turns":4},{"damage":0,"enemies":"Mind Bloom Boss Battle","floor":44,"turns":4},{"damage":0,"enemies":"Spire Growth","floor":46,"turns":5},{"damage":10,"enemies":"Reptomancer","floor":48,"turns":5},{"damage":31,"enemies":"Awakened One","floor":50,"turns":12}],"seed_played":"5711949361007957800","potions_obtained":[{"floor":3,"key":"Weak Potion"},{"floor":4,"key":"Poison Potion"},{"floor":8,"key":"PowerPotion"},{"floor":10,"key":"PowerPotion"},{"floor":12,"key":"EssenceOfSteel"},{"floor":18,"key":"Dexterity Potion"},{"floor":22,"key":"GhostInAJar"},{"floor":39,"key":"Dexterity Potion"},{"floor":44,"key":"Weak Potion"},{"floor":46,"key":"Regen Potion"}],"is_trial":false,"path_per_floor":["M","T","?","M","?","E","R","E","T","M","$","?","M","M","R","B",null,"M","?","$","?","M","R","M","R","T","R","$","M","R","M","R","B",null,"M","?","M","?","M","R","$","M","T","?","$","M","?","E","R","B",null],"character_chosen":"THE_SILENT","items_purchased":["Toxic Egg 2","Leg Sweep+1","Panacea+1","Corpse Explosion+1","Cloak And Dagger+1","Noxious Fumes","Terror+1"],"campfire_rested":3,"item_purchase_floors":[20,20,41,41,41,41,45],"current_hp_per_floor":[59,59,59,59,48,48,48,29,36,36,36,34,34,33,33,18,59,32,22,22,22,16,37,37,37,37,37,37,35,35,35,56,49,67,66,66,66,66,47,47,47,47,47,47,47,47,47,37,58,42],"gold":131,"neow_bonus":"THREE_ENEMY_KILL","is_prod":false,"is_daily":false,"chose_seed":false,"campfire_upgraded":6,"win_rate":0,"timestamp":1558484014,"path_taken":["M","?","?","?","?","E","R","E","T","M","$","?","M","M","R","BOSS","M","?","$","?","M","R","M","R","T","R","?","?","R","M","R","BOSS","M","?","M","?","?","R","$","M","T","?","$","M","?","E","R","BOSS"],"build_version":"2019-01-23","purchased_purges":2,"victory":true,"max_hp_per_floor":[66,66,66,66,66,66,66,66,73,73,73,73,73,73,73,73,73,73,73,73,73,73,73,73,73,73,73,73,73,73,73,73,73,73,73,73,73,73,73,73,73,73,73,73,73,73,73,73,73,73],"card_choices":[{"not_picked":["Outmaneuver","Catalyst"],"picked":"Dash","floor":1},{"not_picked":["Heel Hook","Flying Knee"],"picked":"Noxious Fumes","floor":4},{"not_picked":["Blade Dance","Prepared"],"picked":"Cloak And Dagger","floor":6},{"not_picked":["Deflect","Slice"],"picked":"Cloak And Dagger","floor":8},{"not_picked":["Choke","Outmaneuver"],"picked":"Escape Plan","floor":10},{"not_picked":["Dagger Spray","Prepared","Reflex"],"picked":"SKIP","floor":13},{"not_picked":["Sucker Punch","Deflect"],"picked":"Well Laid Plans","floor":14},{"not_picked":["Wraith Form v2","Bullet Time"],"picked":"Malaise","floor":16},{"not_picked":["Underhanded Strike","Sucker Punch"],"picked":"Bane+1","floor":18},{"not_picked":["Sucker Punch","Blade Dance+1"],"picked":"Backflip+1","floor":22},{"not_picked":["All Out Attack","Sucker Punch"],"picked":"Adrenaline+1","floor":24},{"not_picked":["Slice","Dagger Throw","Flying Knee"],"picked":"SKIP","floor":29},{"not_picked":["Expertise+1","Sucker Punch"],"picked":"PiercingWail+1","floor":31},{"not_picked":["Storm of Steel+1","Wraith Form v2"],"picked":"Tools of the Trade","floor":33},{"not_picked":["Sucker Punch","Deflect+1","Flying Knee"],"picked":"SKIP","floor":35},{"not_picked":["Acrobatics+1","Dodge and Roll+1"],"picked":"Crippling Poison+1","floor":37},{"not_picked":["Dagger Throw+1","Blade Dance+1","PiercingWail+1"],"picked":"SKIP","floor":39},{"not_picked":["Poisoned Stab","Flechettes"],"picked":"Cloak And Dagger+1","floor":42},{"not_picked":["Blade Dance+1","Tactician+1"],"picked":"Calculated Gamble+1","floor":44},{"not_picked":["Deadly Poison+1","Backflip+1"],"picked":"Infinite Blades","floor":46},{"not_picked":["Expertise+1","Setup+1","Distraction+1"],"picked":"SKIP","floor":48}],"player_experience":734220,"relics_obtained":[{"floor":2,"key":"Omamori"},{"floor":6,"key":"Gremlin Horn"},{"floor":8,"key":"War Paint"},{"floor":9,"key":"Strawberry"},{"floor":12,"key":"Whetstone"},{"floor":26,"key":"Letter Opener"},{"floor":43,"key":"Shuriken"},{"floor":44,"key":"Shovel"},{"floor":48,"key":"Sundial"}],"event_choices":[{"damage_healed":0,"gold_gain":0,"player_choice":"Bought 1 Potion","damage_taken":0,"max_hp_gain":0,"max_hp_loss":0,"event_name":"The Woman in Blue","floor":3,"gold_loss":0},{"damage_healed":0,"gold_gain":75,"player_choice":"Gather Gold","damage_taken":11,"max_hp_gain":0,"max_hp_loss":0,"event_name":"World of Goop","floor":5,"gold_loss":0},{"damage_healed":0,"gold_gain":0,"player_choice":"Searched \u00271\u0027 times","damage_taken":0,"max_hp_gain":0,"max_hp_loss":0,"event_name":"Dead Adventurer","floor":12,"gold_loss":0},{"damage_healed":0,"gold_gain":0,"player_choice":"Fight","damage_taken":0,"max_hp_gain":0,"max_hp_loss":0,"event_name":"Colosseum","floor":19,"gold_loss":0},{"damage_healed":0,"gold_gain":0,"player_choice":"Fled From Nobs","damage_taken":0,"max_hp_gain":0,"max_hp_loss":0,"event_name":"Colosseum","floor":19,"gold_loss":0},{"damage_healed":0,"gold_gain":0,"player_choice":"Simplicity","damage_taken":0,"max_hp_gain":0,"max_hp_loss":0,"event_name":"Back to Basics","floor":21,"gold_loss":0,"cards_upgraded":["Defend_G","Defend_G","Defend_G","Defend_G","Strike_G","Strike_G"]},{"damage_healed":0,"gold_gain":0,"player_choice":"Ignored","damage_taken":0,"max_hp_gain":0,"max_hp_loss":0,"event_name":"Tomb of Lord Red Mask","floor":36,"gold_loss":0},{"damage_healed":0,"gold_gain":275,"player_choice":"Desecrate","damage_taken":0,"max_hp_gain":0,"max_hp_loss":0,"event_name":"Golden Shrine","floor":38,"gold_loss":0,"cards_obtained":["Regret"]},{"damage_healed":0,"gold_gain":0,"player_choice":"Fight","damage_taken":0,"max_hp_gain":0,"max_hp_loss":0,"event_name":"MindBloom","floor":44,"gold_loss":0},{"cards_removed":["PiercingWail"],"damage_healed":0,"gold_gain":0,"player_choice":"Removed Skill","damage_taken":0,"max_hp_gain":0,"max_hp_loss":0,"event_name":"Falling","floor":47,"gold_loss":0}],"is_beta":false,"boss_relics":[{"not_picked":["Snecko Eye","Eternal Feather"],"picked":"Philosopher\u0027s Stone"},{"not_picked":["HoveringKite","WristBlade"],"picked":"Astrolabe"}],"items_purged_floors":[11,41],"is_endless":false,"potions_floor_spawned":[4,8,10,12,18,22,24,39,44,46],"ascension_level":16}