{"gold_per_floor":[15,15,15,15,40,69,83,83,137,166,178,204,216,239,251,263],"floor_reached":16,"playtime":463,"items_purged":[],"score":170,"play_id":"6f15aaa0-2b46-42a0-8da7-b76ed0df7310","local_time":"20181119180206","is_ascension_mode":true,"campfire_choices":[{"data":"Barricade","floor":8,"key":"SMITH"},{"data":"Armaments","floor":13,"key":"SMITH"},{"data":"Shrug It Off","floor":15,"key":"SMITH"}],"neow_cost":"NO_GOLD","seed_source_timestamp":1916973300169,"circlet_count":0,"master_deck":["AscendersBane","Strike_R","Strike_R","Strike_R","Strike_R","Strike_R","Defend_R","Defend_R","Defend_R","Defend_R","Bash","Immolate","Rampage","Barricade+1","True Grit","Body Slam","Armaments+1","Shrug It Off+1"],"relics":["Burning Blood","Boot","Regal Pillow","Sundial","MawBank"],"potions_floor_usage":[7],"damage_taken":[{"damage":2,"enemies":"Jaw Worm","floor":1,"turns":3},{"damage":32,"enemies":"Gremlin Nob","floor":6,"turns":4},{"damage":4,"enemies":"2 Louse","floor":7,"turns":2},{"damage":0,"enemies":"Small Slimes","floor":10,"turns":3},{"damage":6,"enemies":"2 Fungi Beasts","floor":12,"turns":3},{"damage":15,"enemies":"Large Slime","floor":14,"turns":7},{"damage":45,"enemies":"Slime Boss","floor":16,"turns":15}],"seed_played":"-7866070601911725948","potions_obtained":[{"floor":6,"key":"AttackPotion"},{"floor":7,"key":"Ancient Potion"}],"is_trial":false,"path_per_floor":["M","?","?","$","T","E","M","R","T","M","$","M","R","M","R","B"],"character_chosen":"IRONCLAD","items_purchased":[],"campfire_rested":0,"item_purchase_floors":[],"current_hp_per_floor":[72,77,70,70,70,44,46,46,46,52,52,52,52,43,43,0],"gold":263,"neow_bonus":"THREE_RARE_CARDS","is_prod":false,"is_daily":false,"chose_seed":false,"campfire_upgraded":3,"win_rate":0,"timestamp":1542679326,"path_taken":["M","?","?","$","?","E","M","R","T","M","?","M","R","M","R","BOSS"],"build_version":"2018-11-15","purchased_purges":0,"victory":false,"max_hp_per_floor":[75,80,80,80,80,80,80,80,80,80,80,80,80,80,80,80],"card_choices":[{"not_picked":["Berserk","Limit Break"],"picked":"Immolate","floor":0},{"not_picked":["Anger","Twin Strike"],"picked":"Rampage","floor":1},{"not_picked":["Body Slam","Clash"],"picked":"Barricade","floor":6},{"not_picked":["Pommel Strike","Cleave"],"picked":"True Grit","floor":7},{"not_picked":["True Grit","Sentinel"],"picked":"Body Slam","floor":10},{"not_picked":["Sword Boomerang","Searing Blow"],"picked":"Armaments","floor":12},{"not_picked":["Thunderclap","Twin Strike"],"picked":"Shrug It Off","floor":14}],"player_experience":783845,"relics_obtained":[{"floor":5,"key":"Regal Pillow"},{"floor":6,"key":"Sundial"},{"floor":9,"key":"MawBank"}],"event_choices":[{"damage_healed":0,"gold_gain":0,"player_choice":"Donut","damage_taken":0,"max_hp_gain":5,"max_hp_loss":0,"event_name":"Big Fish","floor":2,"gold_loss":0},{"damage_healed":0,"gold_gain":0,"player_choice":"Success","damage_taken":7,"relics_obtained":["Boot"],"max_hp_gain":0,"max_hp_loss":0,"event_name":"Scrap Ooze","floor":3,"gold_loss":0}],"is_beta":false,"boss_relics":[],"items_purged_floors":[],"is_endless":false,"potions_floor_spawned":[6,7],"killed_by":"Slime Boss","ascension_level":14}