{"gold_per_floor":[117,117,127,140,140,140,65,93,93,93,110,110,128,128,128,207,207,223,223,241,241,316,316,349,364,389,407,407,102,112,42,42,121,121,141,156,156,156],"floor_reached":38,"playtime":2281,"items_purged":[],"score":670,"play_id":"edf38464-af61-4072-99bb-6a38d67e2bfb","local_time":"20181120212259","is_ascension_mode":true,"campfire_choices":[{"data":"Whirlwind","floor":6,"key":"SMITH"},{"data":"Metallicize","floor":10,"key":"SMITH"},{"data":"Pummel","floor":15,"key":"SMITH"},{"data":"Demon Form","floor":23,"key":"SMITH"},{"data":"Pommel Strike","floor":28,"key":"SMITH"},{"data":"Barricade","floor":32,"key":"SMITH"}],"neow_cost":"NONE","seed_source_timestamp":11476990954655,"circlet_count":0,"master_deck":["AscendersBane","Strike_R","Strike_R","Strike_R","Defend_R","Defend_R","Defend_R","Defend_R","Bash","Clash","Whirlwind+1","Pommel Strike","Metallicize+1","Pummel+1","Metallicize+1","Pommel Strike+1","Demon Form+1","Infernal Blade","Flame Barrier","Dropkick","Ghostly Armor","Barricade+1","Offering","Ghostly Armor","Impervious","Rampage+1","Pommel Strike"],"relics":["Burning Blood","NeowsBlessing","Mummified Hand","Ancient Tea Set","Juzu Bracelet","Sozu","Orichalcum","Bag of Preparation","Mark of Pain"],"potions_floor_usage":[16,20,24],"damage_taken":[{"damage":0,"enemies":"Small Slimes","floor":1,"turns":1},{"damage":0,"enemies":"Cultist","floor":3,"turns":1},{"damage":0,"enemies":"2 Louse","floor":4,"turns":1},{"damage":26,"enemies":"3 Sentries","floor":8,"turns":8},{"damage":7,"enemies":"Exordium Thugs","floor":11,"turns":4},{"damage":2,"enemies":"Looter","floor":13,"turns":2},{"damage":3,"enemies":"Slime Boss","floor":16,"turns":10},{"damage":15,"enemies":"2 Thieves","floor":18,"turns":3},{"damage":6,"enemies":"Spheric Guardian","floor":20,"turns":5},{"damage":26,"enemies":"Book of Stabbing","floor":24,"turns":5},{"damage":13,"enemies":"Centurion and Healer","floor":25,"turns":6},{"damage":4,"enemies":"Chosen and Byrds","floor":27,"turns":4},{"damage":6,"enemies":"Sentry and Sphere","floor":30,"turns":4},{"damage":21,"enemies":"Collector","floor":33,"turns":12},{"damage":15,"enemies":"3 Shapes","floor":35,"turns":8},{"damage":29,"enemies":"3 Darklings","floor":36,"turns":5},{"damage":36,"enemies":"Transient","floor":38,"turns":3}],"seed_played":"-182858705822013072","potions_obtained":[{"floor":8,"key":"SmokeBomb"},{"floor":11,"key":"SteroidPotion"},{"floor":14,"key":"PowerPotion"},{"floor":14,"key":"Swift Potion"},{"floor":16,"key":"Block Potion"}],"is_trial":false,"path_per_floor":["M","?","M","M","T","R","$","E","T","R","M","?","M","?","R","B",null,"M","?","M","?","?","R","E","M","T","M","R","$","M","$","R","B",null,"M","M","?","M"],"character_chosen":"IRONCLAD","items_purchased":["Metallicize","Barricade","Offering","Ghostly Armor"],"campfire_rested":0,"item_purchase_floors":[7,29,29,31],"current_hp_per_floor":[74,74,75,75,75,75,75,55,55,55,54,54,58,58,58,61,72,63,75,75,75,68,68,48,41,41,43,43,43,43,43,43,28,63,54,31,31,0],"gold":156,"neow_bonus":"THREE_ENEMY_KILL","is_prod":false,"is_daily":false,"chose_seed":false,"campfire_upgraded":6,"win_rate":0,"timestamp":1542777779,"path_taken":["M","?","?","M","?","R","?","E","T","R","M","?","M","?","R","BOSS","M","?","M","?","?","R","E","M","T","M","R","$","M","?","R","BOSS","M","M","?","M"],"build_version":"2018-11-15","purchased_purges":0,"victory":false,"max_hp_per_floor":[75,75,75,75,75,75,75,75,75,75,75,75,75,75,75,75,75,75,75,75,75,75,75,75,75,75,75,75,75,75,75,75,75,75,75,75,75,75],"card_choices":[{"not_picked":["Havoc","Clothesline"],"picked":"Clash","floor":1},{"not_picked":["Sever Soul","Fire Breathing"],"picked":"Whirlwind","floor":3},{"not_picked":["Body Slam","Cleave"],"picked":"Pommel Strike","floor":4},{"not_picked":["Heavy Blade","Iron Wave"],"picked":"Pummel","floor":8},{"not_picked":["Sword Boomerang","Cleave"],"picked":"Metallicize","floor":11},{"not_picked":["Second Wind","Sword Boomerang"],"picked":"Pommel Strike","floor":13},{"not_picked":["Juggernaut","Reaper"],"picked":"Demon Form","floor":16},{"not_picked":["Clothesline","Perfected Strike"],"picked":"Infernal Blade","floor":18},{"not_picked":["Inflame","Thunderclap"],"picked":"Flame Barrier","floor":20},{"not_picked":["Infernal Blade+1","Thunderclap"],"picked":"Ghostly Armor","floor":24},{"not_picked":["Perfected Strike+1","Clash","Rage"],"picked":"SKIP","floor":25},{"not_picked":["Body Slam","Warcry","Perfected Strike"],"picked":"SKIP","floor":27},{"not_picked":["Rampage+1","Clash","Pommel Strike"],"picked":"SKIP","floor":30},{"not_picked":["Reaper","Exhume"],"picked":"Impervious","floor":33},{"not_picked":["Wild Strike","Armaments"],"picked":"Rampage+1","floor":35},{"not_picked":["Wild Strike+1","Clash"],"picked":"Pommel Strike","floor":36}],"player_experience":806977,"relics_obtained":[{"floor":5,"key":"Mummified Hand"},{"floor":8,"key":"Ancient Tea Set"},{"floor":9,"key":"Juzu Bracelet"},{"floor":24,"key":"Orichalcum"},{"floor":26,"key":"Bag of Preparation"}],"event_choices":[{"cards_removed":["Strike_R"],"damage_healed":0,"gold_gain":0,"player_choice":"Purged","damage_taken":0,"max_hp_gain":0,"max_hp_loss":0,"event_name":"Purifier","floor":2,"gold_loss":0},{"damage_healed":0,"gold_gain":0,"player_choice":"Forge","damage_taken":0,"max_hp_gain":0,"max_hp_loss":0,"event_name":"Accursed Blacksmith","floor":12,"gold_loss":0,"cards_upgraded":["Metallicize"]},{"damage_healed":0,"gold_gain":0,"player_choice":"Got Potions","damage_taken":0,"max_hp_gain":0,"max_hp_loss":0,"event_name":"Lab","floor":14,"gold_loss":0},{"damage_healed":25,"gold_gain":0,"player_choice":"Heal","damage_taken":0,"max_hp_gain":0,"max_hp_loss":0,"event_name":"The Library","floor":19,"gold_loss":0},{"damage_healed":0,"gold_gain":0,"cards_transformed":["Strike_R"],"player_choice":"Transformed","damage_taken":0,"max_hp_gain":0,"max_hp_loss":0,"event_name":"Transmorgrifier","floor":21,"gold_loss":0,"cards_obtained":["Dropkick"]},{"damage_healed":0,"gold_gain":75,"player_choice":"Touch","damage_taken":7,"max_hp_gain":0,"max_hp_loss":0,"event_name":"FaceTrader","floor":22,"gold_loss":0},{"damage_healed":0,"gold_gain":0,"player_choice":"Ignored","damage_taken":0,"max_hp_gain":0,"max_hp_loss":0,"event_name":"Mysterious Sphere","floor":37,"gold_loss":0}],"is_beta":false,"boss_relics":[{"not_picked":["Ectoplasm","Black Star"],"picked":"Sozu"},{"not_picked":["Calling Bell","Pandora\u0027s Box"],"picked":"Mark of Pain"}],"items_purged_floors":[],"is_endless":false,"potions_floor_spawned":[8,11,16,24,27],"killed_by":"Transient","ascension_level":14}