{"gold_per_floor":[116,133,133,148,148,148,158,184,207,233,246,261,261,261,261,338,338,348,328,30,49,59,59,74,101,101,35,47,47,58,58,58,58],"floor_reached":33,"playtime":1591,"items_purged":["Strike_R"],"score":558,"play_id":"7cdcd872-1378-4f3a-b4b0-50628908ce70","local_time":"20190628104250","is_ascension_mode":true,"campfire_choices":[{"data":"Whirlwind","floor":6,"key":"SMITH"},{"data":"Uppercut","floor":15,"key":"SMITH"},{"data":"Fiend Fire","floor":23,"key":"SMITH"},{"data":"True Grit","floor":29,"key":"SMITH"},{"floor":32,"key":"REST"}],"neow_cost":"NONE","seed_source_timestamp":572523704778608,"circlet_count":0,"master_deck":["AscendersBane","Strike_R","Strike_R","Strike_R","Defend_R","Defend_R","Defend_R","Defend_R","Bash","Twin Strike","Whirlwind+1","Ghostly Armor","Impervious","Uppercut+1","Uppercut+1","Fiend Fire+1","Immolate","Bludgeon","Metallicize","Shrug It Off+1","Shrug It Off+1","Power Through","True Grit+1","Burning Pact","Feel No Pain"],"relics":["Burning Blood","NeowsBlessing","FaceOfCleric","Vajra","Centennial Puzzle","Orichalcum","Runic Pyramid","Membership Card","Bronze Scales","Meat on the Bone","Juzu Bracelet"],"potions_floor_usage":[10,16,25,25,25,33,33],"damage_taken":[{"damage":0,"enemies":"2 Louse","floor":1,"turns":1},{"damage":0,"enemies":"Cultist","floor":2,"turns":1},{"damage":0,"enemies":"Jaw Worm","floor":4,"turns":1},{"damage":7,"enemies":"Looter","floor":7,"turns":3},{"damage":47,"enemies":"Gremlin Nob","floor":8,"turns":6},{"damage":22,"enemies":"Lagavulin","floor":10,"turns":7},{"damage":5,"enemies":"Exordium Thugs","floor":11,"turns":4},{"damage":0,"enemies":"Lots of Slimes","floor":12,"turns":1},{"damage":35,"enemies":"Hexaghost","floor":16,"turns":10},{"damage":4,"enemies":"Shell Parasite","floor":18,"turns":3},{"damage":0,"enemies":"Chosen","floor":21,"turns":3},{"damage":2,"enemies":"Snake Plant","floor":22,"turns":3},{"damage":17,"enemies":"3 Cultists","floor":24,"turns":5},{"damage":41,"enemies":"Gremlin Leader","floor":25,"turns":3},{"damage":0,"enemies":"Chosen and Byrds","floor":28,"turns":2},{"damage":4,"enemies":"Snecko","floor":30,"turns":4},{"damage":85,"enemies":"Collector","floor":33,"turns":8}],"seed_played":"4631940360492469439","potions_obtained":[{"floor":7,"key":"BloodPotion"},{"floor":8,"key":"Poison Potion"},{"floor":10,"key":"SmokeBomb"},{"floor":16,"key":"EntropicBrew"},{"floor":19,"key":"Ancient Potion"},{"floor":28,"key":"Poison Potion"},{"floor":30,"key":"SkillPotion"}],"is_trial":false,"path_per_floor":["M","M","?","M","?","R","M","E","T","E","M","M","?","?","R","B",null,"M","?","$","M","M","R","M","E","T","$","M","R","M","T","R","B"],"character_chosen":"IRONCLAD","items_purchased":["Membership Card","Metallicize","True Grit","Burning Pact"],"campfire_rested":1,"item_purchase_floors":[20,20,27,27],"current_hp_per_floor":[74,75,68,74,74,74,74,34,34,19,21,28,28,28,28,8,63,66,66,66,73,78,78,68,34,34,34,53,53,56,56,82,0],"gold":58,"neow_bonus":"THREE_ENEMY_KILL","is_prod":false,"is_daily":false,"chose_seed":false,"campfire_upgraded":4,"win_rate":0,"timestamp":1561732970,"path_taken":["M","M","?","M","?","R","?","E","T","E","M","M","?","?","R","BOSS","M","?","$","M","?","R","M","E","T","?","M","R","M","?","R","BOSS"],"build_version":"2019-01-23","purchased_purges":1,"victory":false,"max_hp_per_floor":[75,75,75,75,75,75,76,77,77,78,79,80,80,80,80,81,81,82,82,82,83,84,84,85,86,86,86,87,87,88,88,88,88],"card_choices":[{"not_picked":["Anger","Wild Strike"],"picked":"Twin Strike","floor":1},{"not_picked":["Sentinel","Clash"],"picked":"Whirlwind","floor":2},{"not_picked":["Heavy Blade","Clash"],"picked":"Ghostly Armor","floor":4},{"not_picked":["Thunderclap","Flex"],"picked":"Impervious","floor":7},{"not_picked":["Rupture","Sentinel"],"picked":"Uppercut","floor":8},{"not_picked":["Combust","Headbutt"],"picked":"Uppercut","floor":10},{"not_picked":["Thunderclap","Warcry"],"picked":"Fiend Fire","floor":11},{"not_picked":["Wild Strike","Perfected Strike","Uppercut"],"picked":"SKIP","floor":12},{"not_picked":["Fiend Fire","Brutality"],"picked":"Bludgeon","floor":16},{"not_picked":["True Grit","Thunderclap","Body Slam"],"picked":"SKIP","floor":18},{"not_picked":["Disarm","Thunderclap"],"picked":"Shrug It Off+1","floor":21},{"not_picked":["Twin Strike","Thunderclap"],"picked":"Shrug It Off+1","floor":22},{"not_picked":["Thunderclap","Twin Strike","Battle Trance+1"],"picked":"SKIP","floor":24},{"not_picked":["Anger","Double Tap"],"picked":"Power Through","floor":25},{"not_picked":["Body Slam","Armaments+1"],"picked":"Feel No Pain","floor":28},{"not_picked":["Clash","Headbutt","Warcry+1"],"picked":"SKIP","floor":30}],"player_experience":985213,"relics_obtained":[{"floor":8,"key":"Vajra"},{"floor":9,"key":"Centennial Puzzle"},{"floor":10,"key":"Orichalcum"},{"floor":25,"key":"Bronze Scales"},{"floor":26,"key":"Meat on the Bone"},{"floor":31,"key":"Juzu Bracelet"}],"event_choices":[{"cards_removed":["Strike_R"],"damage_healed":0,"gold_gain":0,"player_choice":"Card Removal","damage_taken":7,"max_hp_gain":0,"max_hp_loss":0,"event_name":"Golden Wing","floor":3,"gold_loss":0},{"damage_healed":0,"gold_gain":0,"player_choice":"Trade","damage_taken":0,"relics_obtained":["FaceOfCleric"],"max_hp_gain":0,"max_hp_loss":0,"event_name":"FaceTrader","floor":5,"gold_loss":0},{"damage_healed":0,"gold_gain":0,"player_choice":"Grow","damage_taken":0,"max_hp_gain":0,"max_hp_loss":0,"event_name":"Living Wall","floor":13,"gold_loss":0,"cards_upgraded":["Uppercut"]},{"damage_healed":0,"gold_gain":0,"player_choice":"1 cards matched","damage_taken":0,"max_hp_gain":0,"max_hp_loss":0,"event_name":"Match and Keep!","floor":14,"gold_loss":0,"cards_obtained":["Immolate"]},{"damage_healed":0,"gold_gain":0,"player_choice":"Bought 1 Potion","damage_taken":0,"max_hp_gain":0,"max_hp_loss":0,"event_name":"The Woman in Blue","floor":19,"gold_loss":0}],"is_beta":false,"boss_relics":[{"not_picked":["Fusion Hammer","Eternal Feather"],"picked":"Runic Pyramid"}],"items_purged_floors":[20],"is_endless":false,"potions_floor_spawned":[7,8,10,16,22,28,30],"killed_by":"Collector","ascension_level":20}