{"gold_per_floor":[113,124,141,158,176,210,210,229,283,283,283,248,267,295,295,400,400,410,20,33,47,61,61,89,89,113,113,38,66,66,79,79,79],"floor_reached":33,"playtime":1680,"items_purged":["Defend_G"],"score":359,"play_id":"31635aa2-1b79-4e2c-88e7-c99fe191a878","local_time":"20190619224845","is_ascension_mode":true,"campfire_choices":[{"floor":7,"key":"REST"},{"data":"Glass Knife","floor":11,"key":"SMITH"},{"floor":15,"key":"REST"},{"floor":23,"key":"REST"},{"data":"Well Laid Plans","floor":25,"key":"SMITH"},{"data":"Neutralize","floor":27,"key":"SMITH"},{"data":"Adrenaline","floor":30,"key":"SMITH"},{"data":"Corpse Explosion","floor":32,"key":"SMITH"}],"neow_cost":"NONE","seed_source_timestamp":17011324301671,"circlet_count":0,"master_deck":["Defend_G","Defend_G","Defend_G","Defend_G","Strike_G","Strike_G","Strike_G+1","Strike_G+1","Strike_G","Survivor","Neutralize+1","Bane","Well Laid Plans+1","Terror+1","Glass Knife+1","Dodge and Roll","Cloak And Dagger","Adrenaline+1","Dagger Spray+1","Corpse Explosion+1","Predator","Riddle With Holes+1","Dash"],"relics":["Black Star","Meat on the Bone","Bag of Marbles","PreservedInsect","Darkstone Periapt","Whetstone","Eternal Feather","Bottled Tornado","StoneCalendar","Potion Belt","Boot","Vajra","Matryoshka"],"potions_floor_usage":[4,5,13,14,20,21,22,24,33],"damage_taken":[{"damage":3,"enemies":"Jaw Worm","floor":1,"turns":8},{"damage":0,"enemies":"Small Slimes","floor":2,"turns":4},{"damage":0,"enemies":"2 Louse","floor":3,"turns":3},{"damage":1,"enemies":"2 Fungi Beasts","floor":4,"turns":3},{"damage":2,"enemies":"Red Slaver","floor":5,"turns":5},{"damage":51,"enemies":"3 Sentries","floor":6,"turns":13},{"damage":0,"enemies":"Blue Slaver","floor":8,"turns":2},{"damage":10,"enemies":"Large Slime","floor":13,"turns":5},{"damage":16,"enemies":"Lagavulin","floor":14,"turns":4},{"damage":41,"enemies":"Hexaghost","floor":16,"turns":10},{"damage":18,"enemies":"Shell Parasite","floor":18,"turns":4},{"damage":6,"enemies":"Chosen","floor":20,"turns":4},{"damage":9,"enemies":"Centurion and Healer","floor":21,"turns":2},{"damage":20,"enemies":"Shelled Parasite and Fungi","floor":22,"turns":2},{"damage":11,"enemies":"Slavers","floor":24,"turns":2},{"damage":24,"enemies":"Book of Stabbing","floor":29,"turns":4},{"damage":15,"enemies":"Snake Plant","floor":31,"turns":3},{"damage":69,"enemies":"Collector","floor":33,"turns":6}],"seed_played":"-5141983327624544620","potions_obtained":[{"floor":2,"key":"Fire Potion"},{"floor":4,"key":"GhostInAJar"},{"floor":6,"key":"SpeedPotion"},{"floor":8,"key":"Strength Potion"},{"floor":18,"key":"GamblersBrew"},{"floor":20,"key":"Explosive Potion"},{"floor":21,"key":"AttackPotion"},{"floor":22,"key":"Block Potion"},{"floor":29,"key":"PowerPotion"}],"is_trial":false,"path_per_floor":["M","M","M","M","M","E","R","M","T","?","R","?","M","E","R","B",null,"M","$","M","M","M","R","E","R","T","R","$","E","R","M","R","B"],"character_chosen":"THE_SILENT","items_purchased":["Bottled Tornado","Corpse Explosion"],"campfire_rested":3,"item_purchase_floors":[19,19],"current_hp_per_floor":[67,67,67,66,64,13,34,46,46,46,46,63,53,37,58,29,70,52,52,46,37,29,62,51,63,63,70,70,46,58,43,55,0],"gold":79,"neow_bonus":"BOSS_RELIC","is_prod":false,"is_daily":false,"chose_seed":false,"campfire_upgraded":5,"win_rate":0,"timestamp":1561009725,"path_taken":["M","M","M","M","M","E","R","M","T","?","R","?","M","E","R","BOSS","M","$","M","M","M","R","E","R","T","R","$","E","R","M","R","BOSS"],"build_version":"2019-01-23","purchased_purges":1,"victory":false,"max_hp_per_floor":[70,70,70,70,70,70,70,70,70,70,70,70,70,70,70,70,70,70,70,70,70,70,70,70,70,70,70,70,70,70,70,70,70],"card_choices":[{"not_picked":["Noxious Fumes","Backflip"],"picked":"Bane","floor":1},{"not_picked":["Bane","Quick Slash"],"picked":"Well Laid Plans","floor":2},{"not_picked":["Bouncing Flask","PiercingWail","Flechettes"],"picked":"SKIP","floor":3},{"not_picked":["Bane","Outmaneuver","Setup"],"picked":"SKIP","floor":4},{"not_picked":["Bane","Prepared"],"picked":"Terror","floor":5},{"not_picked":["Blade Dance","Malaise"],"picked":"Glass Knife","floor":6},{"not_picked":["Eviscerate","Underhanded Strike"],"picked":"Dodge and Roll","floor":8},{"not_picked":["Bane","Deflect"],"picked":"Cloak And Dagger","floor":13},{"not_picked":["Masterful Stab","All Out Attack","Flechettes"],"picked":"SKIP","floor":14},{"not_picked":["Masterful Stab","All Out Attack","Flechettes"],"picked":"SKIP","floor":14},{"not_picked":["Unload","Venomology"],"picked":"Adrenaline","floor":16},{"not_picked":["Flechettes+1","Catalyst"],"picked":"Dagger Spray+1","floor":18},{"not_picked":["Underhanded Strike","Bane","Well Laid Plans"],"picked":"SKIP","floor":20},{"not_picked":["Flechettes","Choke","Cloak And Dagger"],"picked":"SKIP","floor":21},{"not_picked":["Dodge and Roll","Deflect"],"picked":"Predator","floor":22},{"not_picked":["Finisher","Underhanded Strike","Outmaneuver"],"picked":"SKIP","floor":24},{"not_picked":["Backflip","Accuracy"],"picked":"Riddle With Holes+1","floor":29},{"not_picked":["Underhanded Strike","Skewer"],"picked":"Dash","floor":31}],"player_experience":443309,"relics_obtained":[{"floor":6,"key":"Meat on the Bone"},{"floor":6,"key":"Bag of Marbles"},{"floor":9,"key":"PreservedInsect"},{"floor":14,"key":"Darkstone Periapt"},{"floor":14,"key":"Whetstone"},{"floor":24,"key":"StoneCalendar"},{"floor":24,"key":"Potion Belt"},{"floor":26,"key":"Boot"},{"floor":29,"key":"Vajra"},{"floor":29,"key":"Matryoshka"}],"event_choices":[{"damage_healed":0,"gold_gain":0,"player_choice":"Grow","damage_taken":0,"max_hp_gain":0,"max_hp_loss":0,"event_name":"Living Wall","floor":10,"gold_loss":0,"cards_upgraded":["Terror"]},{"damage_healed":17,"gold_gain":0,"player_choice":"Healed","damage_taken":0,"max_hp_gain":0,"max_hp_loss":0,"event_name":"The Cleric","floor":12,"gold_loss":35}],"is_beta":false,"boss_relics":[{"not_picked":["Philosopher\u0027s Stone","Velvet Choker"],"picked":"Eternal Feather"}],"items_purged_floors":[28],"is_endless":false,"potions_floor_spawned":[2,4,6,8,18,20,21,22,29],"killed_by":"Collector","ascension_level":4}