{"gold_per_floor":[119,135,148,148,163,163,117,156,227,263,263,281,281,306,306,430,430,443,443,114,128,148,188,188,188,188,188,208,128,151,164,164,285,285,309,309,91,91,107,107],"floor_reached":40,"playtime":2599,"items_purged":["Strike_G"],"score":418,"play_id":"6fb13e9d-5d68-4e98-aad9-c88f433d4632","local_time":"20190521211733","is_ascension_mode":false,"campfire_choices":[{"data":"Neutralize","floor":6,"key":"SMITH"},{"floor":11,"key":"REST"},{"data":"Glass Knife","floor":15,"key":"SMITH"},{"floor":25,"key":"REST"},{"data":"Backstab","floor":27,"key":"SMITH"},{"floor":32,"key":"REST"}],"neow_cost":"NONE","seed_source_timestamp":204943598668399,"circlet_count":0,"master_deck":["Defend_G","Defend_G","Defend_G","Defend_G","Strike_G","Strike_G","Strike_G","Survivor","Neutralize+1","Glass Knife+1","Heel Hook","Deadly Poison","Masterful Stab","Backflip","Predator","Footwork","Calculated Gamble","PiercingWail+1","Backstab+1","Distraction+1","Underhanded Strike","Prepared","Dagger Throw","Flying Knee+1","Die Die Die","After Image","Crippling Poison","Well Laid Plans","Enlightenment","Bane+1"],"relics":["Ring of the Serpent","Golden Idol","Peace Pipe","Gremlin Horn","Centennial Puzzle","Singing Bowl","Sundial","Paper Crane","Eternal Feather","Anchor"],"potions_floor_usage":[8,10,12,16,18,23,23,30,33],"damage_taken":[{"damage":1,"enemies":"Cultist","floor":1,"turns":3},{"damage":0,"enemies":"Jaw Worm","floor":2,"turns":3},{"damage":0,"enemies":"Small Slimes","floor":3,"turns":3},{"damage":2,"enemies":"Blue Slaver","floor":5,"turns":3},{"damage":9,"enemies":"Gremlin Nob","floor":8,"turns":4},{"damage":31,"enemies":"Lagavulin","floor":10,"turns":4},{"damage":0,"enemies":"2 Fungi Beasts","floor":12,"turns":3},{"damage":0,"enemies":"Lots of Slimes","floor":14,"turns":2},{"damage":28,"enemies":"Hexaghost","floor":16,"turns":11},{"damage":0,"enemies":"Spheric Guardian","floor":18,"turns":2},{"damage":11,"enemies":"Shell Parasite","floor":21,"turns":5},{"damage":0,"enemies":"Shelled Parasite and Fungi","floor":22,"turns":4},{"damage":40,"enemies":"Slavers","floor":23,"turns":7},{"damage":6,"enemies":"Snake Plant","floor":28,"turns":4},{"damage":0,"enemies":"3 Cultists","floor":30,"turns":4},{"damage":0,"enemies":"Chosen and Byrds","floor":31,"turns":3},{"damage":62,"enemies":"Collector","floor":33,"turns":10},{"damage":12,"enemies":"3 Shapes","floor":35,"turns":4},{"damage":5,"enemies":"Orb Walker","floor":39,"turns":3},{"damage":74,"enemies":"Giant Head","floor":40,"turns":11}],"seed_played":"269334166562358349","potions_obtained":[{"floor":1,"key":"PowerPotion"},{"floor":8,"key":"SteroidPotion"},{"floor":10,"key":"Fruit Juice"},{"floor":14,"key":"GhostInAJar"},{"floor":16,"key":"Fire Potion"},{"floor":21,"key":"GamblersBrew"},{"floor":22,"key":"Explosive Potion"},{"floor":28,"key":"LiquidBronze"},{"floor":30,"key":"Ancient Potion"}],"is_trial":false,"path_per_floor":["M","M","M","?","M","R","?","E","T","E","R","M","?","M","R","B",null,"M","?","$","M","M","E","?","R","T","R","M","$","M","M","R","B",null,"M","?","$","?","M","E"],"character_chosen":"THE_SILENT","items_purchased":["Singing Bowl","Die Die Die","Well Laid Plans","Anchor"],"campfire_rested":3,"item_purchase_floors":[20,29,37,37],"current_hp_per_floor":[69,69,69,52,50,50,50,41,41,10,31,36,61,61,61,33,75,75,75,75,64,64,24,24,46,46,46,40,40,42,42,65,5,79,69,69,69,69,64,0],"gold":107,"neow_bonus":"ONE_RANDOM_RARE_CARD","is_prod":false,"is_daily":false,"chose_seed":false,"campfire_upgraded":3,"win_rate":0,"timestamp":1558498653,"path_taken":["M","M","M","?","M","R","?","E","T","E","R","M","?","M","R","BOSS","M","?","$","M","M","E","?","R","T","R","M","$","M","?","R","BOSS","M","?","?","?","M","E"],"build_version":"2019-01-23","purchased_purges":1,"victory":false,"max_hp_per_floor":[70,70,70,70,70,70,70,70,70,70,70,75,75,75,75,75,75,75,75,75,75,75,75,75,75,75,75,75,75,77,77,77,79,79,81,81,81,81,81,81],"card_choices":[{"not_picked":["Escape Plan","Deadly Poison"],"picked":"Heel Hook","floor":1},{"not_picked":["Slice","Blade Dance"],"picked":"Deadly Poison","floor":2},{"not_picked":["Deflect","Crippling Poison"],"picked":"Masterful Stab","floor":3},{"not_picked":["Deflect","Acrobatics"],"picked":"Backflip","floor":5},{"not_picked":["Flechettes","Backstab"],"picked":"Predator","floor":8},{"not_picked":["Dash","Blur"],"picked":"Footwork","floor":10},{"not_picked":["Skewer","Endless Agony","Slice"],"picked":"SKIP","floor":12},{"not_picked":["Dodge and Roll","Reflex"],"picked":"Calculated Gamble","floor":14},{"not_picked":["All Out Attack","Masterful Stab"],"picked":"PiercingWail+1","floor":18},{"not_picked":["Backstab","Slice+1"],"picked":"Underhanded Strike","floor":21},{"not_picked":["Deadly Poison","Flying Knee"],"picked":"Prepared","floor":22},{"not_picked":["Bane","Footwork+1"],"picked":"Dagger Throw","floor":23},{"not_picked":["Backstab+1","Choke"],"picked":"Flying Knee+1","floor":28},{"not_picked":["Blade Dance","Riddle With Holes","Deflect"],"picked":"Singing Bowl","floor":30},{"not_picked":["Riddle With Holes","Poisoned Stab"],"picked":"After Image","floor":31},{"not_picked":["Glass Knife","Storm of Steel","Burst"],"picked":"Singing Bowl","floor":33},{"not_picked":["Dagger Spray","Cloak And Dagger","Outmaneuver"],"picked":"Singing Bowl","floor":35},{"not_picked":["Impatience","Jack Of All Trades"],"picked":"Enlightenment","floor":38},{"not_picked":["Deflect+1","Blade Dance+1"],"picked":"Bane+1","floor":39}],"player_experience":233754,"relics_obtained":[{"floor":8,"key":"Peace Pipe"},{"floor":9,"key":"Gremlin Horn"},{"floor":10,"key":"Centennial Puzzle"},{"floor":23,"key":"Sundial"},{"floor":26,"key":"Paper Crane"}],"event_choices":[{"damage_healed":0,"gold_gain":0,"player_choice":"Take Damage","damage_taken":17,"relics_obtained":["Golden Idol"],"max_hp_gain":0,"max_hp_loss":0,"event_name":"Golden Idol","floor":4,"gold_loss":0},{"damage_healed":0,"gold_gain":0,"player_choice":"Left Gold","damage_taken":0,"max_hp_gain":0,"max_hp_loss":0,"event_name":"World of Goop","floor":7,"gold_loss":46},{"damage_healed":25,"gold_gain":0,"player_choice":"Banana","damage_taken":0,"max_hp_gain":0,"max_hp_loss":0,"event_name":"Big Fish","floor":13,"gold_loss":0},{"damage_healed":0,"gold_gain":0,"cards_transformed":["Strike_G","Defend_G"],"player_choice":"Became Test Subject","damage_taken":0,"max_hp_gain":0,"max_hp_loss":0,"event_name":"Drug Dealer","floor":19,"gold_loss":0,"cards_obtained":["Backstab","Distraction"]},{"damage_healed":0,"gold_gain":0,"player_choice":"Forge","damage_taken":0,"max_hp_gain":0,"max_hp_loss":0,"event_name":"Accursed Blacksmith","floor":24,"gold_loss":0,"cards_upgraded":["Distraction"]},{"damage_healed":0,"gold_gain":0,"player_choice":"1 cards matched","damage_taken":0,"max_hp_gain":0,"max_hp_loss":0,"event_name":"Match and Keep!","floor":36,"gold_loss":0,"cards_obtained":["Crippling Poison"]},{"damage_healed":0,"gold_gain":0,"player_choice":"Memory 1","damage_taken":0,"max_hp_gain":0,"max_hp_loss":0,"event_name":"SensoryStone","floor":38,"gold_loss":0}],"is_beta":false,"boss_relics":[{"not_picked":["Sozu","Lizard Tail"],"picked":"Ring of the Serpent"},{"not_picked":["Velvet Choker","Snecko Eye"],"picked":"Eternal Feather"}],"items_purged_floors":[20],"is_endless":false,"potions_floor_spawned":[1,8,10,14,16,21,22,28,30],"killed_by":"Giant Head","ascension_level":0}