{"gold_per_floor":[116,116,41,56,56,56,83,83,83,106,31,31,43,75,75,75],"floor_reached":16,"playtime":412,"items_purged":["Regret"],"score":262,"play_id":"5aeb49d4-34a9-4281-91fd-20b234fb8f70","local_time":"20190623093014","is_ascension_mode":true,"campfire_choices":[{"data":"Bash","floor":6,"key":"SMITH"},{"data":"Rampage","floor":8,"key":"SMITH"},{"data":"Demon Form","floor":15,"key":"SMITH"}],"neow_cost":"NONE","seed_source_timestamp":137321572271908,"circlet_count":0,"master_deck":["AscendersBane","Strike_R","Strike_R","Strike_R","Strike_R","Defend_R","Defend_R","Defend_R","Defend_R","Bash+1","Rampage+1","Shrug It Off","Armaments","Demon Form+1"],"relics":["Burning Blood","NeowsBlessing","Blood Vial","Dream Catcher","Happy Flower","Letter Opener","Odd Mushroom","Molten Egg 2"],"potions_floor_usage":[16,16],"damage_taken":[{"damage":0,"enemies":"2 Louse","floor":1,"turns":1},{"damage":0,"enemies":"Small Slimes","floor":4,"turns":1},{"damage":0,"enemies":"3 Sentries","floor":7,"turns":2},{"damage":39,"enemies":"The Mushroom Lair","floor":10,"turns":7},{"damage":0,"enemies":"Jaw Worm","floor":13,"turns":4},{"damage":8,"enemies":"Gremlin Nob","floor":14,"turns":3},{"damage":61,"enemies":"Slime Boss","floor":16,"turns":10}],"seed_played":"-6662735747559278773","potions_obtained":[{"floor":7,"key":"FearPotion"},{"floor":10,"key":"Weak Potion"}],"is_trial":false,"path_per_floor":["M","?","$","M","?","R","E","R","T","?","?","$","M","E","R","B"],"character_chosen":"IRONCLAD","items_purchased":[],"campfire_rested":0,"item_purchase_floors":[],"current_hp_per_floor":[74,74,74,75,64,64,72,72,72,41,41,41,49,49,49,0],"gold":75,"neow_bonus":"THREE_ENEMY_KILL","is_prod":false,"is_daily":false,"chose_seed":false,"campfire_upgraded":3,"win_rate":0,"timestamp":1561296614,"path_taken":["M","?","$","M","?","R","E","R","T","?","?","$","M","E","R","BOSS"],"build_version":"2019-01-23","purchased_purges":1,"victory":false,"max_hp_per_floor":[75,75,75,75,75,75,75,75,75,75,75,75,75,75,75,75],"card_choices":[{"not_picked":["Heavy Blade","Iron Wave"],"picked":"Rampage","floor":1},{"not_picked":["Iron Wave","Sentinel"],"picked":"Shrug It Off","floor":4},{"not_picked":["Body Slam","Sword Boomerang"],"picked":"Armaments","floor":7},{"not_picked":["Searing Blow","Flame Barrier"],"picked":"Demon Form","floor":13},{"not_picked":["Hemokinesis","Perfected Strike","Dropkick"],"picked":"SKIP","floor":14}],"player_experience":966985,"relics_obtained":[{"floor":7,"key":"Happy Flower"},{"floor":9,"key":"Letter Opener"},{"floor":10,"key":"Odd Mushroom"},{"floor":14,"key":"Molten Egg 2"}],"event_choices":[{"damage_healed":0,"gold_gain":0,"player_choice":"Box","damage_taken":0,"relics_obtained":["Blood Vial"],"max_hp_gain":0,"max_hp_loss":0,"event_name":"Big Fish","floor":2,"gold_loss":0,"cards_obtained":["Regret"]},{"damage_healed":0,"gold_gain":0,"player_choice":"Success","damage_taken":11,"relics_obtained":["Dream Catcher"],"max_hp_gain":0,"max_hp_loss":0,"event_name":"Scrap Ooze","floor":5,"gold_loss":0},{"damage_healed":0,"gold_gain":0,"player_choice":"Fought Mushrooms","damage_taken":0,"max_hp_gain":0,"max_hp_loss":0,"event_name":"Mushrooms","floor":10,"gold_loss":0},{"cards_removed":["Strike_R"],"damage_healed":0,"gold_gain":0,"player_choice":"Card Removal","damage_taken":0,"max_hp_gain":0,"max_hp_loss":0,"event_name":"The Cleric","floor":11,"gold_loss":75}],"is_beta":false,"boss_relics":[],"items_purged_floors":[3],"is_endless":false,"potions_floor_spawned":[7,10],"killed_by":"Slime Boss","ascension_level":20}