{"gold_per_floor":[112,187,204,10,20,20,20,54,54,74,74,74,105,119,119,191,191,204,154,174,99,114,114,17,17,17,17,29,48,68,68,68,139,139,156,156,64,64,78,97,97,112,112,124,136,160,172,195,207,219],"floor_reached":51,"playtime":1791,"items_purged":["Strike_B"],"score":1116,"play_id":"b439d1b8-a027-4a0b-ac47-15a96967f90f","local_time":"20190330120521","is_ascension_mode":true,"campfire_choices":[{"data":"Static Discharge","floor":6,"key":"SMITH"},{"floor":11,"key":"REST"},{"data":"Defragment","floor":15,"key":"SMITH"},{"floor":23,"key":"REST"},{"floor":25,"key":"REST"},{"data":"Biased Cognition","floor":27,"key":"SMITH"},{"floor":32,"key":"REST"},{"data":"Buffer","floor":45,"key":"SMITH"},{"floor":47,"key":"REST"},{"floor":49,"key":"REST"}],"neow_cost":"NONE","seed_source_timestamp":842738801193414,"circlet_count":0,"master_deck":["AscendersBane","Strike_B","Strike_B","Strike_B","Defend_B","Defend_B","Defend_B","Defend_B","Zap+1","Dualcast","Static Discharge+1","Conserve Battery","Leap","Defragment+1","Glacier","Undo","Biased Cognition+1","Sweeping Beam+1","Barrage","Static Discharge+1","Barrage","Steam","Machine Learning","Cold Snap+1","Doom and Gloom","Buffer+1","Barrage","Panacea","Doom and Gloom+1"],"relics":["Cracked Core","Runic Capacitor","Mercury Hourglass","Omamori","Art of War","Inserter","Mango","Busted Crown","MawBank"],"potions_floor_usage":[10,16,50],"damage_taken":[{"damage":0,"enemies":"Small Slimes","floor":1,"turns":3},{"damage":0,"enemies":"Cultist","floor":3,"turns":4},{"damage":8,"enemies":"2 Louse","floor":5,"turns":3},{"damage":28,"enemies":"3 Sentries","floor":8,"turns":5},{"damage":8,"enemies":"Blue Slaver","floor":10,"turns":3},{"damage":9,"enemies":"Lagavulin","floor":13,"turns":7},{"damage":6,"enemies":"Exordium Thugs","floor":14,"turns":5},{"damage":5,"enemies":"Hexaghost","floor":16,"turns":14},{"damage":5,"enemies":"Chosen","floor":18,"turns":7},{"damage":33,"enemies":"3 Byrds","floor":20,"turns":4},{"damage":22,"enemies":"3 Cultists","floor":22,"turns":4},{"damage":3,"enemies":"Centurion and Healer","floor":28,"turns":6},{"damage":7,"enemies":"Snecko","floor":29,"turns":5},{"damage":12,"enemies":"Snake Plant","floor":30,"turns":6},{"damage":70,"enemies":"Automaton","floor":33,"turns":7},{"damage":27,"enemies":"3 Darklings","floor":35,"turns":6},{"damage":34,"enemies":"3 Shapes","floor":39,"turns":3},{"damage":11,"enemies":"Sphere and 2 Shapes","floor":40,"turns":4},{"damage":25,"enemies":"3 Darklings","floor":42,"turns":4},{"damage":11,"enemies":"Transient","floor":46,"turns":5},{"damage":30,"enemies":"Maw","floor":48,"turns":7},{"damage":40,"enemies":"Donu and Deca","floor":50,"turns":10}],"seed_played":"-1942173738878136697","potions_obtained":[{"floor":1,"key":"FairyPotion"},{"floor":5,"key":"Explosive Potion"},{"floor":13,"key":"Poison Potion"},{"floor":14,"key":"FocusPotion"},{"floor":22,"key":"SpeedPotion"},{"floor":29,"key":"Energy Potion"},{"floor":46,"key":"Weak Potion"},{"floor":48,"key":"Block Potion"}],"is_trial":false,"path_per_floor":["M","?","M","$","M","R","?","E","T","M","R","?","E","M","R","B",null,"M","?","M","?","M","R","$","R","T","R","M","M","M","?","R","B",null,"M","?","$","?","M","M","?","M","T","?","R","M","R","M","R","B",null],"character_chosen":"DEFECT","items_purchased":["Runic Capacitor","Barrage","Panacea"],"campfire_rested":6,"item_purchase_floors":[4,24,37],"current_hp_per_floor":[64,53,53,53,45,45,45,17,17,9,30,53,44,38,38,33,62,57,57,24,24,2,23,23,44,58,58,55,48,36,36,61,8,66,39,39,39,70,36,25,70,45,45,45,45,34,55,25,46,6],"gold":231,"neow_bonus":"UPGRADE_CARD","is_prod":false,"is_daily":false,"chose_seed":false,"campfire_upgraded":4,"win_rate":0,"timestamp":1553961921,"path_taken":["M","?","M","$","M","R","?","E","T","?","R","?","E","M","R","BOSS","M","?","?","?","M","R","?","R","T","R","M","M","M","?","R","BOSS","M","?","$","?","M","M","?","M","T","?","R","M","R","M","R","BOSS"],"build_version":"2019-01-23","purchased_purges":1,"victory":true,"max_hp_per_floor":[71,71,71,71,71,71,71,71,71,71,71,71,71,71,71,71,71,71,71,71,71,71,71,71,71,85,85,85,85,85,85,85,85,85,85,85,85,70,70,70,70,70,70,70,70,70,70,70,70,70],"card_choices":[{"not_picked":["Hello World","Go for the Eyes"],"picked":"Static Discharge","floor":1},{"not_picked":["Gash","Coolheaded"],"picked":"Capacitor","floor":3},{"not_picked":["FTL","Turbo"],"picked":"Conserve Battery","floor":5},{"not_picked":["Lockon","Chill"],"picked":"Leap","floor":8},{"not_picked":["Barrage","Beam Cell"],"picked":"Defragment","floor":10},{"not_picked":["Loop","Chaos"],"picked":"Glacier","floor":13},{"not_picked":["Conserve Battery","Hologram"],"picked":"Undo","floor":14},{"not_picked":["All For One","Hyperbeam"],"picked":"Biased Cognition","floor":16},{"not_picked":["Compile Driver","Blizzard+1"],"picked":"Sweeping Beam+1","floor":18},{"not_picked":["Reprogram","Loop"],"picked":"Barrage","floor":20},{"not_picked":["Redo","Streamline"],"picked":"Static Discharge+1","floor":22},{"not_picked":["Steam","Reprogram","Hello World"],"picked":"SKIP","floor":28},{"not_picked":["Reprogram","Hello World"],"picked":"Steam","floor":28},{"not_picked":["Ball Lightning","Double Energy+1"],"picked":"Machine Learning","floor":29},{"not_picked":["Beam Cell","Genetic Algorithm"],"picked":"Cold Snap+1","floor":30},{"not_picked":["Seek","Rainbow"],"picked":"Buffer","floor":33},{"not_picked":[],"picked":"Barrage","floor":35},{"not_picked":["Rebound"],"picked":"SKIP","floor":39},{"not_picked":[],"picked":"Doom and Gloom+1","floor":40},{"not_picked":["Hologram"],"picked":"SKIP","floor":42},{"not_picked":["Reprogram"],"picked":"SKIP","floor":46},{"not_picked":["Rebound"],"picked":"SKIP","floor":48}],"player_experience":478022,"relics_obtained":[{"floor":8,"key":"Mercury Hourglass"},{"floor":9,"key":"Omamori"},{"floor":13,"key":"Art of War"},{"floor":26,"key":"Mango"},{"floor":43,"key":"MawBank"}],"event_choices":[{"damage_healed":0,"gold_gain":75,"player_choice":"Gather Gold","damage_taken":11,"max_hp_gain":0,"max_hp_loss":0,"event_name":"World of Goop","floor":2,"gold_loss":0},{"damage_healed":0,"gold_gain":0,"player_choice":"Got Potions","damage_taken":0,"max_hp_gain":0,"max_hp_loss":0,"event_name":"Lab","floor":7,"gold_loss":0},{"damage_healed":23,"gold_gain":0,"player_choice":"Banana","damage_taken":0,"max_hp_gain":0,"max_hp_loss":0,"event_name":"Big Fish","floor":12,"gold_loss":0},{"damage_healed":0,"gold_gain":0,"player_choice":"Bet on Owner","damage_taken":0,"max_hp_gain":0,"max_hp_loss":0,"event_name":"The Joust","floor":19,"gold_loss":50},{"cards_removed":["Capacitor"],"damage_healed":0,"gold_gain":0,"player_choice":"Gave Gold","damage_taken":0,"max_hp_gain":0,"max_hp_loss":0,"event_name":"Beggar","floor":21,"gold_loss":75},{"damage_healed":0,"gold_gain":0,"player_choice":"Read","damage_taken":0,"max_hp_gain":0,"max_hp_loss":0,"event_name":"The Library","floor":31,"gold_loss":0,"cards_obtained":["Doom and Gloom"]},{"damage_healed":0,"gold_gain":0,"player_choice":"Ignored","damage_taken":0,"max_hp_gain":0,"max_hp_loss":0,"event_name":"Mysterious Sphere","floor":36,"gold_loss":0},{"damage_healed":70,"gold_gain":0,"player_choice":"Heal","damage_taken":0,"max_hp_gain":0,"max_hp_loss":15,"event_name":"The Moai Head","floor":38,"gold_loss":0},{"damage_healed":45,"gold_gain":0,"player_choice":"Heal","damage_taken":0,"max_hp_gain":0,"max_hp_loss":0,"event_name":"MindBloom","floor":41,"gold_loss":0,"cards_obtained":["Doubt"]},{"damage_healed":0,"gold_gain":0,"player_choice":"Memory 1","damage_taken":0,"max_hp_gain":0,"max_hp_loss":0,"event_name":"SensoryStone","floor":44,"gold_loss":0}],"is_beta":false,"boss_relics":[{"not_picked":["White Beast Statue","Tiny House"],"picked":"Inserter"},{"not_picked":["Calling Bell","Pandora\u0027s Box"],"picked":"Busted Crown"}],"items_purged_floors":[24],"is_endless":false,"potions_floor_spawned":[1,5,13,14,22,29,30,46,48],"ascension_level":15}