{"gold_per_floor":[113,68,82,95,95,95,122,122,195,195,206,241,11,28,28,125,125,140,65,79,5,24,24,24,24,50,50,68,79,79,79,79,182,182,197,297,297,129,129,129,145,67,67,67,86,18,18,32,32,32],"floor_reached":50,"playtime":2537,"items_purged":["Strike_G","Defend_G"],"score":497,"play_id":"4f0681f3-2394-4d1d-813c-f419bc0efd4e","local_time":"20190201211850","is_ascension_mode":true,"campfire_choices":[{"data":"Neutralize","floor":6,"key":"SMITH"},{"data":"Deadly Poison","floor":8,"key":"SMITH"},{"data":"Well Laid Plans","floor":10,"key":"SMITH"},{"floor":15,"key":"REST"},{"floor":23,"key":"REST"},{"data":"Catalyst","floor":25,"key":"SMITH"},{"data":"Corpse Explosion","floor":27,"key":"SMITH"},{"floor":32,"key":"REST"},{"floor":40,"key":"REST"},{"data":"Catalyst","floor":47,"key":"SMITH"},{"floor":49,"key":"REST"}],"neow_cost":"NONE","seed_source_timestamp":129813870432179,"circlet_count":0,"master_deck":["Defend_G","Defend_G","Defend_G","Strike_G","Strike_G","Strike_G","Survivor","Neutralize+1","Outmaneuver","Outmaneuver","Well Laid Plans+1","Dash+1","Deadly Poison+1","Backflip","Catalyst+1","Noxious Fumes","Backflip","Corpse Explosion+1","Eviscerate","Dagger Throw","Footwork","All Out Attack","Poisoned Stab+1","Terror+1","Eviscerate+1","Blur+1","Eviscerate","Deadly Poison","Catalyst","Blind","Enlightenment","Dash","Catalyst+1","Backflip+1"],"relics":["Ring of the Snake","NeowsBlessing","Pen Nib","Bottled Lightning","Vajra","Regal Pillow","Snecko Eye","Ancient Tea Set","Sozu","Nunchaku","Blood Vial"],"potions_floor_usage":[7,7,33,33,50],"damage_taken":[{"damage":0,"enemies":"Cultist","floor":1,"turns":1},{"damage":0,"enemies":"Jaw Worm","floor":3,"turns":1},{"damage":0,"enemies":"2 Louse","floor":4,"turns":1},{"damage":6,"enemies":"Lagavulin","floor":7,"turns":9},{"damage":0,"enemies":"Red Slaver","floor":11,"turns":4},{"damage":25,"enemies":"Gremlin Nob","floor":12,"turns":5},{"damage":5,"enemies":"3 Louse","floor":14,"turns":4},{"damage":13,"enemies":"Slime Boss","floor":16,"turns":9},{"damage":27,"enemies":"2 Thieves","floor":18,"turns":4},{"damage":14,"enemies":"3 Byrds","floor":20,"turns":3},{"damage":24,"enemies":"Centurion and Healer","floor":22,"turns":5},{"damage":5,"enemies":"Cultist and Chosen","floor":28,"turns":3},{"damage":7,"enemies":"Snake Plant","floor":29,"turns":3},{"damage":34,"enemies":"Automaton","floor":33,"turns":8},{"damage":9,"enemies":"3 Darklings","floor":35,"turns":3},{"damage":26,"enemies":"Mind Bloom Boss Battle","floor":36,"turns":4},{"damage":5,"enemies":"Orb Walker","floor":41,"turns":2},{"damage":6,"enemies":"Spire Growth","floor":45,"turns":4},{"damage":0,"enemies":"Maw","floor":48,"turns":3},{"damage":89,"enemies":"Awakened One","floor":50,"turns":6}],"seed_played":"-6638752889505183459","potions_obtained":[{"floor":3,"key":"Dexterity Potion"},{"floor":4,"key":"PowerPotion"},{"floor":12,"key":"EssenceOfSteel"},{"floor":14,"key":"SpeedPotion"},{"floor":28,"key":"Ancient Potion"}],"is_trial":false,"path_per_floor":["M","$","M","M","?","R","E","R","T","R","M","E","$","M","R","B",null,"M","$","M","$","M","R","?","R","T","R","M","M","?","?","R","B",null,"M","?","?","$","?","R","M","$","T","?","M","$","R","M","R","B"],"character_chosen":"THE_SILENT","items_purchased":["Outmaneuver","Noxious Fumes","Regal Pillow","Footwork","Eviscerate","Catalyst","Catalyst"],"campfire_rested":5,"item_purchase_floors":[2,13,13,21,38,42,46],"current_hp_per_floor":[70,70,70,70,70,70,64,64,64,64,64,39,39,34,70,57,70,43,43,29,29,5,41,41,41,41,41,36,29,29,29,65,31,70,61,35,35,35,35,70,65,65,65,55,51,51,51,53,70,0],"gold":32,"neow_bonus":"THREE_ENEMY_KILL","is_prod":false,"is_daily":false,"chose_seed":false,"campfire_upgraded":6,"win_rate":0,"timestamp":1549073930,"path_taken":["M","?","?","M","?","R","E","R","T","R","M","E","$","M","R","BOSS","M","$","M","$","?","R","?","R","T","R","M","?","?","?","R","BOSS","M","?","?","$","?","R","M","$","T","?","M","?","R","M","R","BOSS"],"build_version":"2019-01-23","purchased_purges":2,"victory":false,"max_hp_per_floor":[70,70,70,70,70,70,70,70,70,70,70,70,70,70,70,70,70,70,70,70,70,70,70,70,70,70,70,70,70,70,70,70,70,70,70,70,70,70,70,70,70,70,70,70,70,70,70,70,70,70],"card_choices":[{"not_picked":["Catalyst","Poisoned Stab"],"picked":"Outmaneuver","floor":1},{"not_picked":["Outmaneuver","Dodge and Roll"],"picked":"Well Laid Plans","floor":3},{"not_picked":["Underhanded Strike","Infinite Blades"],"picked":"Dash","floor":4},{"not_picked":["Predator","Well Laid Plans"],"picked":"Deadly Poison","floor":7},{"not_picked":["Expertise","Acrobatics"],"picked":"Backflip","floor":11},{"not_picked":["Deadly Poison","After Image"],"picked":"Catalyst","floor":12},{"not_picked":["Heel Hook","Deflect"],"picked":"Backflip","floor":14},{"not_picked":["Wraith Form v2","Grand Finale"],"picked":"Corpse Explosion","floor":16},{"not_picked":["Flying Knee","Infinite Blades"],"picked":"Eviscerate","floor":18},{"not_picked":["Poisoned Stab","Deflect+1"],"picked":"Dagger Throw","floor":20},{"not_picked":["Noxious Fumes","Backflip"],"picked":"All Out Attack","floor":22},{"not_picked":["Quick Slash","Reflex"],"picked":"Poisoned Stab+1","floor":28},{"not_picked":["Underhanded Strike","Deflect"],"picked":"Terror+1","floor":29},{"not_picked":["Backflip","Caltrops"],"picked":"Eviscerate+1","floor":35},{"not_picked":["Choke+1","Blade Dance"],"picked":"Blur+1","floor":36},{"not_picked":["Dagger Spray+1","Bane"],"picked":"Deadly Poison","floor":41},{"not_picked":["Jack Of All Trades","Finesse"],"picked":"Blind","floor":44},{"not_picked":["Blind","Swift Strike"],"picked":"Enlightenment","floor":44},{"not_picked":["Terror","Quick Slash"],"picked":"Dash","floor":45},{"not_picked":["Cloak And Dagger+1","Choke"],"picked":"Backflip+1","floor":48}],"player_experience":112487,"relics_obtained":[{"floor":7,"key":"Pen Nib"},{"floor":9,"key":"Bottled Lightning"},{"floor":12,"key":"Vajra"},{"floor":26,"key":"Ancient Tea Set"},{"floor":36,"key":"Nunchaku"},{"floor":43,"key":"Blood Vial"}],"event_choices":[{"damage_healed":0,"gold_gain":0,"player_choice":"Upgraded","damage_taken":0,"max_hp_gain":0,"max_hp_loss":0,"event_name":"Upgrade Shrine","floor":5,"gold_loss":0,"cards_upgraded":["Dash"]},{"cards_removed":["Strike_G"],"damage_healed":0,"gold_gain":0,"player_choice":"Card Removal","damage_taken":0,"max_hp_gain":0,"max_hp_loss":0,"event_name":"Wheel of Change","floor":24,"gold_loss":0},{"damage_healed":0,"gold_gain":0,"player_choice":"Ignored","damage_taken":0,"max_hp_gain":0,"max_hp_loss":0,"event_name":"Vampires","floor":30,"gold_loss":0},{"cards_removed":["Defend_G"],"damage_healed":0,"gold_gain":0,"player_choice":"Purged","damage_taken":0,"max_hp_gain":0,"max_hp_loss":0,"event_name":"Purifier","floor":31,"gold_loss":0},{"damage_healed":0,"gold_gain":0,"player_choice":"Fight","damage_taken":0,"max_hp_gain":0,"max_hp_loss":0,"event_name":"MindBloom","floor":36,"gold_loss":0},{"damage_healed":0,"gold_gain":0,"player_choice":"Ignored","damage_taken":0,"max_hp_gain":0,"max_hp_loss":0,"event_name":"Tomb of Lord Red Mask","floor":37,"gold_loss":0},{"damage_healed":0,"gold_gain":0,"player_choice":"Ignored","damage_taken":0,"max_hp_gain":0,"max_hp_loss":0,"event_name":"Mysterious Sphere","floor":39,"gold_loss":0},{"damage_healed":0,"gold_gain":0,"player_choice":"Memory 3","damage_taken":10,"max_hp_gain":0,"max_hp_loss":0,"event_name":"SensoryStone","floor":44,"gold_loss":0}],"is_beta":false,"boss_relics":[{"not_picked":["WristBlade","Tiny House"],"picked":"Snecko Eye"},{"not_picked":["Black Star","Orrery"],"picked":"Sozu"}],"items_purged_floors":[19,38],"is_endless":false,"potions_floor_spawned":[3,4,12,14,28,29,35,36,45],"killed_by":"Awakened One","ascension_level":1}