{"gold_per_floor":[118,118,118,70,81,81,111,130,130,1,1,17,34,105,105,200,200,216,216,226,80,97,97,12,12,12,22,22,34,52,52],"floor_reached":31,"playtime":1070,"items_purged":["Strike_B"],"score":419,"play_id":"04217b1f-9c38-4daf-a183-1772bb68fb15","local_time":"20181115233703","is_ascension_mode":true,"campfire_choices":[{"data":"Melter","floor":6,"key":"SMITH"},{"data":"Streamline","floor":11,"key":"SMITH"},{"data":"Hologram","floor":15,"key":"SMITH"},{"data":"Creative AI","floor":23,"key":"SMITH"},{"floor":28,"key":"REST"}],"neow_cost":"NONE","seed_source_timestamp":19007187348864,"circlet_count":0,"master_deck":["AscendersBane","Strike_B","Strike_B+1","Strike_B","Defend_B","Defend_B","Defend_B","Defend_B","Zap+1","Dualcast","Melter+1","Leap","Sweeping Beam","Self Repair","Auto Shields","Streamline+1","Rebound","Hologram+1","Creative AI+1","Conserve Battery","Glacier+1","Double Energy","Ball Lightning","Force Field"],"relics":["Cracked Core","NeowsBlessing","Bird Faced Urn","Bag of Marbles","Dead Branch","Ornamental Fan","Inserter","Regal Pillow","Vajra","Letter Opener"],"potions_floor_usage":[12,16,27,30,31],"damage_taken":[{"damage":0,"enemies":"Small Slimes","floor":1,"turns":1},{"damage":0,"enemies":"Jaw Worm","floor":5,"turns":1},{"damage":0,"enemies":"Lagavulin","floor":7,"turns":1},{"damage":1,"enemies":"Cultist","floor":8,"turns":3},{"damage":6,"enemies":"Exordium Thugs","floor":12,"turns":3},{"damage":0,"enemies":"2 Fungi Beasts","floor":13,"turns":2},{"damage":39,"enemies":"Slime Boss","floor":16,"turns":8},{"damage":28,"enemies":"2 Thieves","floor":18,"turns":5},{"damage":14,"enemies":"3 Byrds","floor":20,"turns":4},{"damage":48,"enemies":"3 Cultists","floor":22,"turns":4},{"damage":32,"enemies":"Snake Plant","floor":27,"turns":9},{"damage":5,"enemies":"Sentry and Sphere","floor":29,"turns":4},{"damage":43,"enemies":"Cultist and Chosen","floor":30,"turns":8},{"damage":65,"enemies":"Book of Stabbing","floor":31,"turns":7}],"seed_played":"992899959223050826","potions_obtained":[{"floor":5,"key":"SkillPotion"},{"floor":8,"key":"Weak Potion"},{"floor":13,"key":"Explosive Potion"},{"floor":27,"key":"EssenceOfSteel"},{"floor":30,"key":"Block Potion"}],"is_trial":false,"path_per_floor":["M","?","?","$","M","R","E","M","T","$","R","M","M","T","R","B",null,"M","?","M","$","M","R","?","?","T","M","R","M","M","E"],"character_chosen":"DEFECT","items_purchased":["Leap","Streamline","Regal Pillow"],"campfire_rested":1,"item_purchase_floors":[4,10,21],"current_hp_per_floor":[68,53,41,41,41,41,41,49,49,49,49,52,52,52,52,22,62,45,70,65,65,34,34,34,34,34,27,64,70,48,0],"gold":52,"neow_bonus":"THREE_ENEMY_KILL","is_prod":false,"is_daily":false,"chose_seed":false,"campfire_upgraded":4,"win_rate":0,"timestamp":1542353823,"path_taken":["M","?","?","$","M","R","E","M","T","?","R","?","M","?","R","BOSS","M","?","M","$","M","R","?","?","T","M","R","M","?","E"],"build_version":"2018-11-15","purchased_purges":1,"victory":false,"max_hp_per_floor":[75,75,75,75,75,75,75,75,75,75,75,75,75,75,75,75,75,75,75,75,75,75,75,75,75,75,75,75,75,75,75],"card_choices":[{"not_picked":["Coolheaded","Hologram"],"picked":"Melter","floor":1},{"not_picked":["Gash","Double Energy"],"picked":"Sweeping Beam","floor":5},{"not_picked":["Chaos","Leap"],"picked":"Self Repair","floor":7},{"not_picked":["Static Discharge","Thunder Strike"],"picked":"Auto Shields","floor":8},{"not_picked":["Ball Lightning","Sweeping Beam"],"picked":"Rebound","floor":12},{"not_picked":["Stack","Fusion"],"picked":"Hologram","floor":13},{"not_picked":["Echo Form","Rainbow"],"picked":"Creative AI","floor":16},{"not_picked":["Heatsinks","Leap"],"picked":"Conserve Battery","floor":18},{"not_picked":["Stack","Streamline"],"picked":"Glacier","floor":20},{"not_picked":["Compile Driver","Redo"],"picked":"Double Energy","floor":22},{"not_picked":["Turbo+1","Recycle","Fusion"],"picked":"SKIP","floor":27},{"not_picked":["Redo","Scrape"],"picked":"Ball Lightning","floor":29},{"not_picked":["Coolheaded","Compile Driver"],"picked":"Force Field","floor":30}],"player_experience":733239,"relics_obtained":[{"floor":7,"key":"Bag of Marbles"},{"floor":9,"key":"Dead Branch"},{"floor":14,"key":"Ornamental Fan"},{"floor":26,"key":"Letter Opener"}],"event_choices":[{"damage_healed":0,"gold_gain":0,"player_choice":"Entered Light","damage_taken":15,"max_hp_gain":0,"max_hp_loss":0,"event_name":"Shining Light","floor":2,"gold_loss":0,"cards_upgraded":["Zap","Strike_B"]},{"damage_healed":0,"gold_gain":0,"player_choice":"Success","damage_taken":12,"relics_obtained":["Bird Faced Urn"],"max_hp_gain":0,"max_hp_loss":0,"event_name":"Scrap Ooze","floor":3,"gold_loss":0},{"damage_healed":25,"gold_gain":0,"player_choice":"Heal","damage_taken":0,"max_hp_gain":0,"max_hp_loss":0,"event_name":"The Library","floor":19,"gold_loss":0},{"damage_healed":0,"gold_gain":0,"player_choice":"Obtained Relic","damage_taken":0,"relics_obtained":["Vajra"],"max_hp_gain":0,"max_hp_loss":0,"event_name":"Addict","floor":24,"gold_loss":85},{"damage_healed":0,"gold_gain":0,"player_choice":"Upgraded","damage_taken":0,"max_hp_gain":0,"max_hp_loss":0,"event_name":"Upgrade Shrine","floor":25,"gold_loss":0,"cards_upgraded":["Glacier"]}],"is_beta":false,"boss_relics":[{"not_picked":["Lizard Tail","Astrolabe"],"picked":"Inserter"}],"items_purged_floors":[10],"is_endless":false,"potions_floor_spawned":[5,8,13,27,30],"killed_by":"Book of Stabbing","ascension_level":12}