{"gold_per_floor":[114,84,98,118,193,226,226,283,283,230,230,248,258,278,278,377,377,396,411,411,411,326,326,344,344,414,414,414,414,431,431,431,431],"floor_reached":33,"playtime":2870,"items_purged":[],"score":245,"play_id":"61d62a63-6b4b-4a60-bbd5-e870bdbae6f4","local_time":"20190511214545","is_ascension_mode":false,"campfire_choices":[{"floor":7,"key":"REST"},{"data":"Cleave","floor":11,"key":"SMITH"},{"data":"Perfected Strike","floor":15,"key":"SMITH"},{"floor":23,"key":"REST"},{"floor":25,"key":"REST"},{"data":"Flex","floor":27,"key":"SMITH"},{"data":"Double Tap","floor":32,"key":"SMITH"}],"neow_cost":"NONE","seed_source_timestamp":1165644828027998,"circlet_count":0,"master_deck":["Strike_R","Strike_R","Strike_R","Strike_R","Strike_R","Defend_R","Defend_R","Defend_R","Defend_R","Bash","Barricade","Perfected Strike","Anger","Cleave+1","Perfected Strike+1","Cleave","Iron Wave","Limit Break","Cleave","Entrench","Clothesline","Shrug It Off","Flex+1","Pommel Strike+1","Carnage","Double Tap+1"],"relics":["Burning Blood","Red Skull","Tiny Chest","Pantograph","Orrery","Mango","The Courier","MutagenicStrength","Mercury Hourglass"],"potions_floor_usage":[6,16,16,19,33,33,33],"damage_taken":[{"damage":9,"enemies":"Small Slimes","floor":1,"turns":4},{"damage":1,"enemies":"Cultist","floor":3,"turns":3},{"damage":5,"enemies":"2 Louse","floor":4,"turns":2},{"damage":30,"enemies":"Lagavulin","floor":6,"turns":7},{"damage":0,"enemies":"Exordium Wildlife","floor":12,"turns":2},{"damage":12,"enemies":"Blue Slaver","floor":13,"turns":2},{"damage":7,"enemies":"3 Louse","floor":14,"turns":2},{"damage":65,"enemies":"The Guardian","floor":16,"turns":10},{"damage":38,"enemies":"3 Byrds","floor":18,"turns":6},{"damage":20,"enemies":"Spheric Guardian","floor":19,"turns":4},{"damage":43,"enemies":"Centurion and Healer","floor":24,"turns":7},{"damage":20,"enemies":"Snecko","floor":30,"turns":5},{"damage":97,"enemies":"Champ","floor":33,"turns":10}],"seed_played":"-3195817401700080375","potions_obtained":[{"floor":2,"key":"LiquidBronze"},{"floor":2,"key":"AttackPotion"},{"floor":4,"key":"Strength Potion"},{"floor":6,"key":"BloodPotion"},{"floor":16,"key":"BloodPotion"},{"floor":19,"key":"EssenceOfSteel"},{"floor":30,"key":"Energy Potion"}],"is_trial":false,"path_per_floor":["M","?","M","M","?","E","R","T","T","$","R","M","M","M","R","B",null,"M","M","?","?","?","R","M","R","T","R","?","$","M","T","R","B"],"character_chosen":"IRONCLAD","items_purchased":["Cleave"],"campfire_rested":3,"item_purchase_floors":[10],"current_hp_per_floor":[77,77,80,80,69,45,69,69,69,69,69,75,69,68,68,29,80,48,42,42,42,56,84,47,75,75,75,75,75,61,61,61,0],"gold":431,"neow_bonus":"ONE_RANDOM_RARE_CARD","is_prod":false,"is_daily":false,"chose_seed":false,"campfire_upgraded":4,"win_rate":0,"timestamp":1557636345,"path_taken":["M","?","?","?","?","E","R","?","T","?","R","M","M","M","R","BOSS","M","M","?","?","?","R","?","R","T","R","?","?","?","?","R","BOSS"],"build_version":"2019-01-23","purchased_purges":0,"victory":false,"max_hp_per_floor":[80,80,80,80,80,80,80,80,80,80,80,80,80,80,80,80,80,80,80,80,80,94,94,94,94,94,94,94,94,94,94,94,94],"card_choices":[{"not_picked":["Wild Strike","Heavy Blade"],"picked":"Perfected Strike","floor":1},{"not_picked":["Rupture","Spot Weakness","Combust"],"picked":"SKIP","floor":3},{"not_picked":["Heavy Blade","Clash"],"picked":"Anger","floor":4},{"not_picked":["Inflame","Power Through","Havoc"],"picked":"SKIP","floor":6},{"not_picked":["Shockwave","Headbutt"],"picked":"Perfected Strike","floor":12},{"not_picked":["Clash","Dark Embrace"],"picked":"Cleave","floor":13},{"not_picked":["Warcry","Seeing Red"],"picked":"Iron Wave","floor":14},{"not_picked":["Brutality","Feed"],"picked":"Limit Break","floor":16},{"not_picked":["Havoc","Combust"],"picked":"Cleave","floor":17},{"not_picked":["Clothesline","Corruption"],"picked":"Entrench","floor":17},{"not_picked":["Havoc","Power Through"],"picked":"Clothesline","floor":17},{"not_picked":["True Grit","Infernal Blade"],"picked":"Shrug It Off","floor":17},{"not_picked":["Shockwave+1","Heavy Blade"],"picked":"Flex","floor":18},{"not_picked":["Perfected Strike","True Grit"],"picked":"Pommel Strike+1","floor":19},{"not_picked":["Heavy Blade+1","Havoc"],"picked":"Carnage","floor":24},{"not_picked":["True Grit","Twin Strike"],"picked":"Double Tap","floor":30}],"player_experience":175993,"relics_obtained":[{"floor":6,"key":"Red Skull"},{"floor":8,"key":"Tiny Chest"},{"floor":9,"key":"Pantograph"},{"floor":26,"key":"The Courier"},{"floor":31,"key":"Mercury Hourglass"}],"event_choices":[{"damage_healed":0,"gold_gain":0,"player_choice":"Bought 2 Potions","damage_taken":0,"max_hp_gain":0,"max_hp_loss":0,"event_name":"The Woman in Blue","floor":2,"gold_loss":0},{"damage_healed":0,"gold_gain":75,"player_choice":"Gather Gold","damage_taken":11,"max_hp_gain":0,"max_hp_loss":0,"event_name":"World of Goop","floor":5,"gold_loss":0},{"damage_healed":0,"gold_gain":0,"player_choice":"Ignored","damage_taken":0,"max_hp_gain":0,"max_hp_loss":0,"event_name":"Ghosts","floor":20,"gold_loss":0},{"damage_healed":0,"gold_gain":0,"player_choice":"Ignored","damage_taken":0,"max_hp_gain":0,"max_hp_loss":0,"event_name":"The Mausoleum","floor":21,"gold_loss":0},{"damage_healed":0,"gold_gain":0,"player_choice":"Obtained Relic","damage_taken":0,"relics_obtained":["Mango"],"max_hp_gain":0,"max_hp_loss":0,"event_name":"Addict","floor":22,"gold_loss":85},{"damage_healed":0,"gold_gain":0,"player_choice":"Inject Mutagens","damage_taken":0,"relics_obtained":["MutagenicStrength"],"max_hp_gain":0,"max_hp_loss":0,"event_name":"Drug Dealer","floor":28,"gold_loss":0}],"is_beta":false,"boss_relics":[{"not_picked":["Empty Cage","Ectoplasm"],"picked":"Orrery"}],"items_purged_floors":[],"is_endless":false,"potions_floor_spawned":[4,6,16,19,30],"killed_by":"Champ","ascension_level":0}