{"gold_per_floor":[116,116,127,127,202,243,243,243,294,310,310,333,371,0,0,89,89,104,0,125,50,63,63,79,79,105,123,82,82,98,131,131,131],"floor_reached":33,"playtime":1046,"items_purged":["Clumsy"],"score":536,"play_id":"f99d73ac-e52b-4702-b388-0f54e94b2edb","local_time":"20190512131905","is_ascension_mode":true,"campfire_choices":[{"data":"Zap","floor":11,"key":"SMITH"},{"floor":15,"key":"REST"},{"floor":23,"key":"REST"},{"floor":25,"key":"REST"},{"data":"Defragment","floor":29,"key":"SMITH"},{"data":"Defragment","floor":32,"key":"SMITH"}],"neow_cost":"NONE","seed_source_timestamp":46704132915595,"circlet_count":0,"master_deck":["AscendersBane","Strike_B","Strike_B","Strike_B","Strike_B","Defend_B","Defend_B","Defend_B","Defend_B","Zap","Dualcast+1","Melter","Zap+1","Glacier","Leap+1","Sunder","Undo","Electrodynamics","White Noise","FTL","Steam+1","Defragment+1","Defragment+1","Glacier"],"relics":["Cracked Core","NeowsBlessing","Golden Idol","Gremlin Horn","Oddly Smooth Stone","War Paint","Happy Flower","MawBank","Emotion Chip","Sozu","FossilizedHelix","Matryoshka","DataDisk","Boot","Incense Burner"],"potions_floor_usage":[13],"damage_taken":[{"damage":0,"enemies":"2 Louse","floor":1,"turns":1},{"damage":0,"enemies":"Cultist","floor":3,"turns":1},{"damage":0,"enemies":"Gremlin Nob","floor":6,"turns":1},{"damage":6,"enemies":"Small Slimes","floor":10,"turns":3},{"damage":0,"enemies":"Looter","floor":12,"turns":3},{"damage":13,"enemies":"Lagavulin","floor":13,"turns":6},{"damage":41,"enemies":"Hexaghost","floor":16,"turns":12},{"damage":0,"enemies":"Spheric Guardian","floor":18,"turns":1},{"damage":17,"enemies":"Colosseum Slavers","floor":20,"turns":3},{"damage":18,"enemies":"Colosseum Nobs","floor":20,"turns":6},{"damage":5,"enemies":"3 Byrds","floor":22,"turns":2},{"damage":0,"enemies":"Sentry and Sphere","floor":24,"turns":3},{"damage":0,"enemies":"3 Cultists","floor":27,"turns":3},{"damage":0,"enemies":"Cultist and Chosen","floor":30,"turns":4},{"damage":1,"enemies":"Book of Stabbing","floor":31,"turns":6},{"damage":59,"enemies":"Champ","floor":33,"turns":16}],"seed_played":"5896585512583214678","potions_obtained":[{"floor":3,"key":"SkillPotion"},{"floor":12,"key":"SpeedPotion"},{"floor":13,"key":"Ancient Potion"}],"is_trial":false,"path_per_floor":["M","?","M","?","?","E","?","T","T","M","R","M","E","$","R","B",null,"M","?","?","$","M","R","M","R","T","M","$","R","M","E","R","B"],"character_chosen":"DEFECT","items_purchased":["Emotion Chip","Undo","Defragment"],"campfire_rested":3,"item_purchase_floors":[14,14,28],"current_hp_per_floor":[64,64,64,64,53,53,48,48,48,42,42,42,29,29,48,7,50,50,50,15,15,10,29,29,48,48,48,48,48,48,47,47,0],"gold":131,"neow_bonus":"THREE_ENEMY_KILL","is_prod":false,"is_daily":false,"chose_seed":false,"campfire_upgraded":3,"win_rate":0,"timestamp":1557692345,"path_taken":["M","?","?","?","?","E","?","?","T","M","R","M","E","$","R","BOSS","M","?","?","?","M","R","M","R","T","M","$","R","M","E","R","BOSS"],"build_version":"2019-01-23","purchased_purges":1,"victory":false,"max_hp_per_floor":[71,71,71,64,64,64,64,64,64,64,64,64,64,64,64,64,64,64,64,64,64,64,64,64,64,64,64,64,64,64,64,64,64],"card_choices":[{"not_picked":["Go for the Eyes","Barrage"],"picked":"Melter","floor":1},{"not_picked":["Sunder","Redo"],"picked":"Glacier","floor":3},{"not_picked":["Cold Snap","Recycle"],"picked":"Leap","floor":6},{"not_picked":["Steam Power","Beam Cell","Melter"],"picked":"SKIP","floor":10},{"not_picked":["Compile Driver","Steam"],"picked":"Sunder","floor":12},{"not_picked":["Aggregate","Melter","Hologram"],"picked":"SKIP","floor":13},{"not_picked":["Machine Learning","Buffer"],"picked":"Electrodynamics","floor":16},{"not_picked":["Hologram","Cold Snap"],"picked":"White Noise","floor":18},{"not_picked":["Turbo","Consume+1"],"picked":"FTL","floor":20},{"not_picked":["Reprogram","Stack","Turbo"],"picked":"SKIP","floor":22},{"not_picked":["Double Energy","Sweeping Beam","Barrage"],"picked":"SKIP","floor":24},{"not_picked":["Ball Lightning","Core Surge"],"picked":"Steam+1","floor":27},{"not_picked":["Hologram","Ball Lightning"],"picked":"Defragment","floor":30},{"not_picked":["Machine Learning","Ball Lightning"],"picked":"Glacier","floor":31}],"player_experience":929536,"relics_obtained":[{"floor":6,"key":"Gremlin Horn"},{"floor":8,"key":"War Paint"},{"floor":9,"key":"Happy Flower"},{"floor":13,"key":"MawBank"},{"floor":20,"key":"FossilizedHelix"},{"floor":20,"key":"Matryoshka"},{"floor":26,"key":"DataDisk"},{"floor":26,"key":"Boot"},{"floor":31,"key":"Incense Burner"}],"event_choices":[{"damage_healed":0,"gold_gain":0,"player_choice":"2 cards matched","damage_taken":0,"max_hp_gain":0,"max_hp_loss":0,"event_name":"Match and Keep!","floor":2,"gold_loss":0,"cards_obtained":["Clumsy","Zap"]},{"damage_healed":0,"gold_gain":0,"player_choice":"Lose Max HP","damage_taken":0,"relics_obtained":["Golden Idol"],"max_hp_gain":0,"max_hp_loss":7,"event_name":"Golden Idol","floor":4,"gold_loss":0},{"damage_healed":0,"gold_gain":75,"player_choice":"Gather Gold","damage_taken":11,"max_hp_gain":0,"max_hp_loss":0,"event_name":"World of Goop","floor":5,"gold_loss":0},{"damage_healed":0,"gold_gain":0,"player_choice":"Success","damage_taken":5,"relics_obtained":["Oddly Smooth Stone"],"max_hp_gain":0,"max_hp_loss":0,"event_name":"Scrap Ooze","floor":7,"gold_loss":0},{"damage_healed":0,"gold_gain":0,"player_choice":"Paid Fearfully","damage_taken":0,"max_hp_gain":0,"max_hp_loss":0,"event_name":"Masked Bandits","floor":19,"gold_loss":104},{"damage_healed":0,"gold_gain":0,"player_choice":"Fight","damage_taken":0,"max_hp_gain":0,"max_hp_loss":0,"event_name":"Colosseum","floor":20,"gold_loss":0},{"damage_healed":0,"gold_gain":0,"player_choice":"Fought Nobs","damage_taken":0,"max_hp_gain":0,"max_hp_loss":0,"event_name":"Colosseum","floor":20,"gold_loss":0}],"is_beta":false,"boss_relics":[{"not_picked":["Eternal Feather","Nuclear Battery"],"picked":"Sozu"}],"items_purged_floors":[21],"is_endless":false,"potions_floor_spawned":[3,12,13,20,22,27,30],"killed_by":"Champ","ascension_level":16}