{"gold_per_floor":[17,34,46,46,46,74,74,84,84,84,101,101,113,141,141,237,237,250,263,280,280,12,45,62,62,115,115,135,148,148,148],"floor_reached":31,"playtime":1410,"items_purged":["Defend_B"],"score":294,"play_id":"0a2eb497-b079-44f0-92e8-f82b3b3e5836","local_time":"20190503211006","is_ascension_mode":false,"campfire_choices":[{"floor":10,"key":"REST"},{"data":"Genetic Algorithm","floor":12,"key":"SMITH"},{"floor":15,"key":"REST"},{"floor":27,"key":"REST"},{"floor":30,"key":"REST"}],"neow_cost":"NO_GOLD","seed_source_timestamp":473761515275123,"circlet_count":0,"master_deck":["Strike_B","Strike_B","Defend_B","Defend_B","Defend_B","Zap","Dualcast","Redo","Lockon","Sunder+1","Conserve Battery","Defragment","Genetic Algorithm+1","Sunder","Hyperbeam+1","Rebound","Beam Cell+1","Steam Power+1","RitualDagger","Streamline","Self Repair+1","Darkness","Consume","Streamline","BootSequence"],"relics":["Cracked Core","Pear","Pen Nib","Velvet Choker","TheAbacus","Lantern","Whetstone"],"potions_floor_usage":[6,13,14,16,24,29],"damage_taken":[{"damage":10,"enemies":"Small Slimes","floor":1,"turns":3},{"damage":0,"enemies":"2 Louse","floor":2,"turns":3},{"damage":0,"enemies":"Cultist","floor":3,"turns":2},{"damage":25,"enemies":"Lagavulin","floor":6,"turns":6},{"damage":0,"enemies":"Looter","floor":8,"turns":2},{"damage":2,"enemies":"Blue Slaver","floor":11,"turns":4},{"damage":5,"enemies":"Exordium Thugs","floor":13,"turns":4},{"damage":24,"enemies":"Gremlin Nob","floor":14,"turns":4},{"damage":34,"enemies":"The Guardian","floor":16,"turns":11},{"damage":20,"enemies":"Spheric Guardian","floor":18,"turns":4},{"damage":10,"enemies":"3 Byrds","floor":19,"turns":5},{"damage":15,"enemies":"Snecko","floor":20,"turns":4},{"damage":40,"enemies":"Slavers","floor":23,"turns":4},{"damage":12,"enemies":"Centurion and Healer","floor":24,"turns":3},{"damage":16,"enemies":"Snake Plant","floor":28,"turns":3},{"damage":12,"enemies":"Sentry and Sphere","floor":29,"turns":4},{"damage":46,"enemies":"Book of Stabbing","floor":31,"turns":4}],"seed_played":"8816081655410559140","potions_obtained":[{"floor":3,"key":"Weak Potion"},{"floor":11,"key":"Fire Potion"},{"floor":13,"key":"Weak Potion"},{"floor":14,"key":"AttackPotion"},{"floor":23,"key":"Poison Potion"},{"floor":28,"key":"SkillPotion"}],"is_trial":false,"path_per_floor":["M","M","M","?","$","E","?","M","T","R","M","R","M","E","R","B",null,"M","M","M","?","$","E","M","?","T","R","M","M","R","E"],"character_chosen":"DEFECT","items_purchased":["TheAbacus"],"campfire_rested":4,"item_purchase_floors":[22],"current_hp_per_floor":[79,79,79,84,84,69,59,59,59,90,88,88,83,59,90,56,104,84,74,59,53,53,13,1,1,1,32,16,14,45,0],"gold":148,"neow_bonus":"TWENTY_PERCENT_HP_BONUS","is_prod":false,"is_daily":false,"chose_seed":false,"campfire_upgraded":1,"win_rate":0,"timestamp":1556943006,"path_taken":["M","M","M","?","$","E","?","M","T","R","M","R","?","E","R","BOSS","M","M","M","?","$","E","M","?","T","R","M","M","R","E"],"build_version":"2019-01-23","purchased_purges":1,"victory":false,"max_hp_per_floor":[89,89,89,94,94,104,104,104,104,104,104,104,104,104,104,104,104,104,104,104,104,104,104,104,104,104,104,104,104,104,104],"card_choices":[{"not_picked":["Stack","Scrape"],"picked":"Redo","floor":1},{"not_picked":["Compile Driver","Go for the Eyes"],"picked":"Lockon","floor":2},{"not_picked":["Compile Driver","Sweeping Beam"],"picked":"Sunder","floor":3},{"not_picked":["Rip and Tear","Heatsinks"],"picked":"Conserve Battery","floor":6},{"not_picked":["Chill","Steam Power"],"picked":"Defragment","floor":8},{"not_picked":["Lockon","Barrage"],"picked":"Genetic Algorithm","floor":11},{"not_picked":["Barrage","Coolheaded","Capacitor"],"picked":"SKIP","floor":13},{"not_picked":["Cold Snap","Hologram"],"picked":"Sunder","floor":14},{"not_picked":["Thunder Strike","Creative AI"],"picked":"Hyperbeam","floor":16},{"not_picked":["Aggregate+1","Compile Driver"],"picked":"Rebound","floor":18},{"not_picked":["Steam","Force Field"],"picked":"Beam Cell+1","floor":19},{"not_picked":["Barrage+1","Doom and Gloom"],"picked":"Steam Power+1","floor":20},{"not_picked":["Sweeping Beam","Turbo"],"picked":"Streamline","floor":23},{"not_picked":["Tempest","Steam"],"picked":"Self Repair+1","floor":24},{"not_picked":["Coolheaded","BootSequence"],"picked":"Streamline","floor":28},{"not_picked":["Creative AI","Steam Power+1"],"picked":"BootSequence","floor":29}],"player_experience":101015,"relics_obtained":[{"floor":6,"key":"Pear"},{"floor":14,"key":"Pen Nib"},{"floor":23,"key":"Lantern"},{"floor":26,"key":"Whetstone"}],"event_choices":[{"damage_healed":0,"gold_gain":0,"player_choice":"Donut","damage_taken":0,"max_hp_gain":5,"max_hp_loss":0,"event_name":"Big Fish","floor":4,"gold_loss":0},{"damage_healed":0,"gold_gain":0,"player_choice":"Damaged","damage_taken":10,"max_hp_gain":0,"max_hp_loss":0,"event_name":"Wheel of Change","floor":7,"gold_loss":0},{"damage_healed":0,"gold_gain":0,"player_choice":"Joined the Cult","damage_taken":6,"max_hp_gain":0,"max_hp_loss":0,"event_name":"Nest","floor":21,"gold_loss":0,"cards_obtained":["RitualDagger"]},{"damage_healed":0,"gold_gain":0,"cards_transformed":["Strike_B","Strike_B"],"player_choice":"Became Test Subject","damage_taken":0,"max_hp_gain":0,"max_hp_loss":0,"event_name":"Drug Dealer","floor":25,"gold_loss":0,"cards_obtained":["Darkness","Consume"]}],"is_beta":false,"boss_relics":[{"not_picked":["Calling Bell","Lizard Tail"],"picked":"Velvet Choker"}],"items_purged_floors":[22],"is_endless":false,"potions_floor_spawned":[3,11,13,14,23,28],"killed_by":"Book of Stabbing","ascension_level":0}