{"gold_per_floor":[110,110,110,133,148,148,423,439,439,90,78,28,28,71,71,71],"floor_reached":16,"playtime":1728,"items_purged":["Regret"],"score":100,"play_id":"96128008-9fad-4b8a-b828-25e6ae6f3179","local_time":"20190125203341","is_ascension_mode":false,"campfire_choices":[{"data":"Backflip","floor":6,"key":"SMITH"},{"floor":15,"key":"REST"}],"neow_cost":"NONE","seed_source_timestamp":3161483948909,"circlet_count":0,"master_deck":["Defend_G","Defend_G","Defend_G","Defend_G","Defend_G","Strike_G","Strike_G","Strike_G","Strike_G","Survivor","Neutralize","Distraction","Quick Slash","Backflip+1","Backflip","Acrobatics","Blur","Heel Hook"],"relics":["Ring of the Snake","Golden Idol","Darkstone Periapt","Happy Flower","Kunai","Boot"],"potions_floor_usage":[14],"damage_taken":[{"damage":5,"enemies":"2 Louse","floor":1,"turns":3},{"damage":4,"enemies":"Cultist","floor":4,"turns":5},{"damage":0,"enemies":"Small Slimes","floor":5,"turns":3},{"damage":5,"enemies":"Exordium Wildlife","floor":8,"turns":3},{"damage":1,"enemies":"Exordium Thugs","floor":11,"turns":6},{"damage":36,"enemies":"Gremlin Nob","floor":14,"turns":6},{"damage":40,"enemies":"Hexaghost","floor":16,"turns":18}],"seed_played":"3920776439143696431","potions_obtained":[{"floor":4,"key":"Poison Potion"},{"floor":5,"key":"Explosive Potion"}],"is_trial":false,"path_per_floor":["M","?","?","M","M","R","?","M","T","$","M","?","$","E","R","B"],"character_chosen":"THE_SILENT","items_purchased":["Acrobatics","Kunai"],"campfire_rested":1,"item_purchase_floors":[10,10],"current_hp_per_floor":[72,53,50,46,46,46,52,47,47,47,46,46,46,10,34,0],"gold":71,"neow_bonus":"TEN_PERCENT_HP_BONUS","is_prod":false,"is_daily":false,"chose_seed":false,"campfire_upgraded":1,"win_rate":0.0,"timestamp":1548416021,"path_taken":["M","?","?","M","M","R","?","M","T","$","?","?","?","E","R","BOSS"],"build_version":"2019-01-23","purchased_purges":1,"victory":false,"max_hp_per_floor":[77,77,77,77,77,77,83,83,83,83,83,83,83,83,83,83],"card_choices":[{"not_picked":["Poisoned Stab","Dagger Throw","Distraction"],"picked":"SKIP","floor":1},{"not_picked":["Poisoned Stab","Dagger Throw"],"picked":"Distraction","floor":1},{"not_picked":["Flying Knee","All Out Attack"],"picked":"Quick Slash","floor":4},{"not_picked":["Dodge and Roll","Deflect"],"picked":"Backflip","floor":5},{"not_picked":["Outmaneuver","Deadly Poison","Backflip"],"picked":"SKIP","floor":8},{"not_picked":["Outmaneuver","Deadly Poison"],"picked":"Backflip","floor":8},{"not_picked":["Acrobatics","Heel Hook"],"picked":"Blur","floor":11},{"not_picked":["Skewer","Deflect"],"picked":"Heel Hook","floor":14}],"player_experience":46464,"relics_obtained":[{"floor":9,"key":"Happy Flower"},{"floor":14,"key":"Boot"}],"event_choices":[{"damage_healed":0,"gold_gain":0,"player_choice":"Take Damage","damage_taken":19,"relics_obtained":["Golden Idol"],"max_hp_gain":0,"max_hp_loss":0,"event_name":"Golden Idol","floor":2,"gold_loss":0},{"damage_healed":0,"gold_gain":0,"player_choice":"Success","damage_taken":3,"relics_obtained":["Darkstone Periapt"],"max_hp_gain":0,"max_hp_loss":0,"event_name":"Scrap Ooze","floor":3,"gold_loss":0},{"damage_healed":0,"gold_gain":275,"player_choice":"Desecrate","damage_taken":0,"max_hp_gain":0,"max_hp_loss":0,"event_name":"Golden Shrine","floor":7,"gold_loss":0,"cards_obtained":["Regret"]},{"cards_removed":["Strike_G"],"damage_healed":0,"gold_gain":0,"player_choice":"Card Removal","damage_taken":0,"max_hp_gain":0,"max_hp_loss":0,"event_name":"The Cleric","floor":12,"gold_loss":50}],"is_beta":false,"boss_relics":[],"items_purged_floors":[10],"is_endless":false,"potions_floor_spawned":[4,5],"killed_by":"Hexaghost","ascension_level":0}