{"gold_per_floor":[114,127,202,222,240,240,240,574,574,574,87,106,106,121,121,218,218,233,48,60,80,92,92,103,128,154,167,167,167,185,215,215,318,318,336,336,353,353,31,58,19,19,19,30,30,42,57,83,83,83],"floor_reached":50,"playtime":3224,"items_purged":["Regret","Strike_G","Strike_G"],"score":899,"play_id":"cf2f563a-5adc-42e0-92b2-3d2a69110c8a","local_time":"20190219184807","is_ascension_mode":true,"campfire_choices":[{"data":"Bouncing Flask","floor":6.0,"key":"SMITH"},{"floor":10.0,"key":"REST"},{"data":"Apotheosis","floor":13.0,"key":"SMITH"},{"floor":15.0,"key":"REST"},{"data":"Forethought","floor":23.0,"key":"SMITH"},{"floor":29.0,"key":"REST"},{"floor":32.0,"key":"REST"},{"floor":42.0,"key":"REST"},{"data":"Sucker Punch","floor":45.0,"key":"SMITH"},{"floor":49.0,"key":"RECALL"}],"neow_cost":"NONE","seed_source_timestamp":0,"circlet_count":0,"master_deck":["Defend_G","Defend_G+1","Defend_G","Defend_G","Defend_G","Strike_G","Strike_G","Survivor","Neutralize","Dagger Throw","Bouncing Flask+1","Bouncing Flask","Bouncing Flask","Flying Knee","Bane","Deflect","Apotheosis+1","Well Laid Plans","Sucker Punch+1","Corpse Explosion+1","Crippling Poison","Adrenaline","Poisoned Stab","Forethought+1","Leg Sweep+1","Escape Plan","Setup","Predator","Venomology","Escape Plan","Catalyst","Wraith Form v2","Bouncing Flask+1","Madness","Madness","Catalyst","Enlightenment","Mayhem","Bandage Up","Bane","Noxious Fumes","Predator","PiercingWail+1","Sucker Punch"],"special_seed":0,"relics":["Ring of the Snake","Dream Catcher","Old Coin","Pear","Regal Pillow","Philosopher\u0027s Stone","Strawberry","Oddly Smooth Stone","Eternal Feather","TwistedFunnel","Pen Nib","Frozen Egg 2","War Paint"],"potions_floor_usage":[50],"damage_taken":[{"damage":3.0,"enemies":"2 Louse","floor":1.0,"turns":3.0},{"damage":1.0,"enemies":"Jaw Worm","floor":2.0,"turns":3.0},{"damage":0.0,"enemies":"Cultist","floor":4.0,"turns":3.0},{"damage":14.0,"enemies":"Blue Slaver","floor":5.0,"turns":3.0},{"damage":35.0,"enemies":"3 Sentries","floor":8.0,"turns":7.0},{"damage":1.0,"enemies":"Exordium Wildlife","floor":12.0,"turns":3.0},{"damage":22.0,"enemies":"3 Louse","floor":14.0,"turns":3.0},{"damage":17.0,"enemies":"Slime Boss","floor":16.0,"turns":6.0},{"damage":0.0,"enemies":"3 Byrds","floor":18.0,"turns":2.0},{"damage":9.0,"enemies":"Spheric Guardian","floor":20.0,"turns":3.0},{"damage":6.0,"enemies":"3 Cultists","floor":21.0,"turns":5.0},{"damage":1.0,"enemies":"Centurion and Healer","floor":22.0,"turns":3.0},{"damage":5.0,"enemies":"Cultist and Chosen","floor":24.0,"turns":4.0},{"damage":15.0,"enemies":"Book of Stabbing","floor":25.0,"turns":6.0},{"damage":14.0,"enemies":"Snecko","floor":27.0,"turns":5.0},{"damage":14.0,"enemies":"Shelled Parasite and Fungi","floor":30.0,"turns":5.0},{"damage":4.0,"enemies":"Slavers","floor":31.0,"turns":2.0},{"damage":14.0,"enemies":"Automaton","floor":33.0,"turns":7.0},{"damage":19.0,"enemies":"3 Darklings","floor":35.0,"turns":3.0},{"damage":10.0,"enemies":"3 Shapes","floor":37.0,"turns":5.0},{"damage":31.0,"enemies":"Nemesis","floor":40.0,"turns":5.0},{"damage":9.0,"enemies":"Jaw Worm Horde","floor":44.0,"turns":4.0},{"damage":0.0,"enemies":"4 Shapes","floor":46.0,"turns":4.0},{"damage":31.0,"enemies":"Transient","floor":47.0,"turns":5.0},{"damage":33.0,"enemies":"Reptomancer","floor":48.0,"turns":8.0},{"damage":62,"enemies":"Time Eater","floor":50,"turns":4}],"seed_played":"-1987719448887767786","potions_obtained":[{"floor":2.0,"key":"Block Potion"},{"floor":4.0,"key":"FairyPotion"},{"floor":5.0,"key":"AttackPotion"},{"floor":14.0,"key":"Poison Potion"},{"floor":20.0,"key":"Weak Potion"},{"floor":22.0,"key":"Dexterity Potion"},{"floor":25.0,"key":"EssenceOfSteel"},{"floor":27.0,"key":"FearPotion"},{"floor":40.0,"key":"Poison Potion"},{"floor":47.0,"key":"Energy Potion"}],"is_trial":false,"path_per_floor":["M","M","?","M","M","R","?","E","T","R","$","M","R","M","R","B",null,"M","$","M","M","M","R","M","E","T","M","?","R","M","E","R","B",null,"M","?","M","?","$","E","$","R","T","M","R","M","M","E","R","B"],"character_chosen":"THE_SILENT","items_purchased":["Regal Pillow","Apotheosis","Well Laid Plans","Forethought","TwistedFunnel","Noxious Fumes"],"campfire_rested":5,"item_purchase_floors":[11,11,11,19,39,41],"current_hp_per_floor":[60,59,48,48,34,34,34,7,17,41,41,40,40,18,57,40,70,70,70,61,55,54,54,49,41,41,27,10,52,38,34,76,62,85,66,54,44,34,34,3,3,69,69,64,88,88,61,34,58,0],"gold":83,"neow_bonus":"TRANSFORM_CARD","is_prod":false,"is_daily":false,"chose_seed":false,"campfire_upgraded":4,"win_rate":0,"timestamp":1550569687,"path_taken":["M","M","?","M","M","R","?","E","T","R","$","?","R","M","R","BOSS","M","$","?","M","M","R","M","E","T","M","?","R","M","E","R","BOSS","M","?","M","?","$","E","$","R","T","M","R","M","M","E","R","BOSS"],"build_version":"2019-01-23","purchased_purges":3,"victory":false,"max_hp_per_floor":[70,70,70,70,70,70,70,70,80,80,80,80,80,80,80,80,80,80,80,80,80,80,80,80,87,87,87,92,92,92,92,92,92,92,92,92,92,92,92,92,92,92,92,92,92,92,92,92,92,92],"card_choices":[{"not_picked":["Dagger Throw","Blade Dance"],"picked":"Bouncing Flask","floor":1.0},{"not_picked":["Quick Slash","Deflect"],"picked":"Bouncing Flask","floor":2.0},{"not_picked":["Infinite Blades","Dagger Throw"],"picked":"Bouncing Flask","floor":4.0},{"not_picked":["Terror","Outmaneuver"],"picked":"Flying Knee","floor":5.0},{"not_picked":["Heel Hook","Caltrops"],"picked":"Bane","floor":8.0},{"not_picked":["Poisoned Stab","Reflex"],"picked":"Deflect","floor":10.0},{"not_picked":["Dagger Throw","Quick Slash"],"picked":"Sucker Punch","floor":12.0},{"not_picked":["Dagger Spray","Blur"],"picked":"Corpse Explosion","floor":14.0},{"not_picked":["Calculated Gamble","Heel Hook"],"picked":"Crippling Poison","floor":15.0},{"not_picked":["Glass Knife","Malaise"],"picked":"Adrenaline","floor":16.0},{"not_picked":["Dodge and Roll","Expertise"],"picked":"Poisoned Stab","floor":18.0},{"not_picked":["Quick Slash","Blur"],"picked":"Leg Sweep+1","floor":20.0},{"not_picked":["Eviscerate+1","Flying Knee"],"picked":"Escape Plan","floor":21.0},{"not_picked":["Acrobatics","Poisoned Stab","Cloak And Dagger+1"],"picked":"SKIP","floor":22.0},{"not_picked":["Quick Slash","Dagger Throw"],"picked":"Setup","floor":24.0},{"not_picked":["Cloak And Dagger","Finisher","Flechettes"],"picked":"SKIP","floor":25.0},{"not_picked":["Poisoned Stab","Deflect","Tactician"],"picked":"SKIP","floor":27.0},{"not_picked":["Riddle With Holes","Dagger Spray"],"picked":"Predator","floor":29.0},{"not_picked":["Calculated Gamble","Deflect+1"],"picked":"Venomology","floor":30.0},{"not_picked":["Infinite Blades","Deflect"],"picked":"Escape Plan","floor":31.0},{"not_picked":["Poisoned Stab","Blade Dance"],"picked":"Catalyst","floor":32.0},{"not_picked":["Envenom","Storm of Steel"],"picked":"Wraith Form v2","floor":33.0},{"not_picked":["Underhanded Strike","Cloak And Dagger"],"picked":"Bouncing Flask+1","floor":35.0},{"not_picked":["Prepared","All Out Attack"],"picked":"Catalyst","floor":37.0},{"not_picked":["The Bomb","Master of Strategy"],"picked":"Enlightenment","floor":38.0},{"not_picked":["Transmutation","Forethought"],"picked":"Mayhem","floor":38.0},{"not_picked":["Chrysalis","Madness"],"picked":"Bandage Up","floor":38.0},{"not_picked":["Backstab","Distraction+1"],"picked":"Bane","floor":40.0},{"not_picked":["Dagger Spray","Flying Knee"],"picked":"Predator","floor":42.0},{"not_picked":["Blade Dance","Slice+1","Quick Slash"],"picked":"SKIP","floor":44.0},{"not_picked":["Tactician","Well Laid Plans+1","Deadly Poison"],"picked":"SKIP","floor":46.0},{"not_picked":["Dagger Spray","Backstab+1"],"picked":"PiercingWail+1","floor":47.0},{"not_picked":["Well Laid Plans+1","Poisoned Stab+1"],"picked":"Sucker Punch","floor":48.0}],"player_experience":368764,"relics_obtained":[{"floor":8.0,"key":"Old Coin"},{"floor":9.0,"key":"Pear"},{"floor":25.0,"key":"Strawberry"},{"floor":31.0,"key":"Oddly Smooth Stone"},{"floor":40.0,"key":"Pen Nib"},{"floor":43.0,"key":"Frozen Egg 2"},{"floor":48.0,"key":"War Paint"}],"event_choices":[{"damage_healed":0.0,"max_hp_gain":0.0,"max_hp_loss":0.0,"gold_gain":75.0,"event_name":"World of Goop","player_choice":"Gather Gold","floor":3.0,"gold_loss":0.0,"damage_taken":11.0},{"damage_healed":0.0,"max_hp_gain":0.0,"max_hp_loss":0.0,"gold_gain":0.0,"event_name":"Big Fish","player_choice":"Box","floor":7.0,"gold_loss":0.0,"damage_taken":0.0,"relics_obtained":["Dream Catcher"],"cards_obtained":["Regret"]},{"damage_healed":0.0,"max_hp_gain":5.0,"max_hp_loss":0.0,"gold_gain":0.0,"event_name":"Forgotten Altar","player_choice":"Shed Blood","floor":28.0,"gold_loss":0.0,"damage_taken":22.0},{"damage_healed":0.0,"max_hp_gain":0.0,"max_hp_loss":0.0,"gold_gain":0.0,"event_name":"Winding Halls","player_choice":"Embrace Madness","floor":36.0,"gold_loss":0.0,"damage_taken":12.0,"cards_obtained":["Madness","Madness"]},{"damage_healed":0.0,"max_hp_gain":0.0,"max_hp_loss":0.0,"gold_gain":0.0,"event_name":"SensoryStone","player_choice":"Memory 3","floor":38.0,"gold_loss":0.0,"damage_taken":10.0}],"is_beta":false,"boss_relics":[{"not_picked":["Runic Pyramid","Busted Crown"],"picked":"Philosopher\u0027s Stone"},{"not_picked":["HoveringKite","Fusion Hammer"],"picked":"Eternal Feather"}],"items_purged_floors":[11,19,39],"is_endless":false,"potions_floor_spawned":[2,4,5,14,20,22,25,27,40,47],"killed_by":"Time Eater","ascension_level":8}