{"gold_per_floor":[118,118,131,155,180,214,214,214],"floor_reached":8,"playtime":441,"items_purged":[],"score":70,"play_id":"c96037ec-2f1c-48e2-959a-eb0108c4f5bf","local_time":"20190210063042","is_ascension_mode":true,"campfire_choices":[{"data":"Sucker Punch","floor":7,"key":"SMITH"}],"neow_cost":"NONE","seed_source_timestamp":130319077594575,"circlet_count":0,"master_deck":["Defend_G","Defend_G","Defend_G","Defend_G","Defend_G","Strike_G","Strike_G","Strike_G","Strike_G","Strike_G","Survivor","Neutralize","Deadly Poison","Skewer","Sucker Punch+1","Prepared","Flying Knee"],"relics":["White Beast Statue","Golden Idol","Darkstone Periapt"],"potions_floor_usage":[4,6,6,6],"damage_taken":[{"damage":1,"enemies":"Cultist","floor":1,"turns":6},{"damage":1,"enemies":"2 Louse","floor":3,"turns":3},{"damage":2,"enemies":"Jaw Worm","floor":4,"turns":3},{"damage":13,"enemies":"Large Slime","floor":5,"turns":8},{"damage":7,"enemies":"3 Sentries","floor":6,"turns":9},{"damage":29,"enemies":"Exordium Thugs","floor":8,"turns":5}],"seed_played":"6878146660193031384","potions_obtained":[{"floor":1,"key":"PowerPotion"},{"floor":3,"key":"SpeedPotion"},{"floor":4,"key":"SteroidPotion"},{"floor":5,"key":"Block Potion"},{"floor":6,"key":"EssenceOfSteel"}],"is_trial":false,"path_per_floor":["M","?","M","M","M","E","R","M"],"character_chosen":"THE_SILENT","items_purchased":[],"campfire_rested":0,"item_purchase_floors":[],"current_hp_per_floor":[69,52,51,49,36,29,29,0],"gold":214,"neow_bonus":"BOSS_RELIC","is_prod":false,"is_daily":false,"chose_seed":false,"campfire_upgraded":1,"win_rate":0,"timestamp":1549747842,"path_taken":["M","?","M","M","M","E","R","M"],"build_version":"2019-01-23","purchased_purges":0,"victory":false,"max_hp_per_floor":[70,70,70,70,70,70,70,70],"card_choices":[{"not_picked":["Eviscerate","Dagger Throw"],"picked":"Deadly Poison","floor":1},{"not_picked":["Flying Knee","Choke"],"picked":"Skewer","floor":3},{"not_picked":["Choke","Dagger Throw"],"picked":"Sucker Punch","floor":4},{"not_picked":["PiercingWail","Blade Dance"],"picked":"Prepared","floor":5},{"not_picked":["Acrobatics","Dagger Throw"],"picked":"Flying Knee","floor":6}],"player_experience":292634,"relics_obtained":[{"floor":6,"key":"Darkstone Periapt"}],"event_choices":[{"damage_healed":0,"gold_gain":0,"player_choice":"Take Damage","damage_taken":17,"relics_obtained":["Golden Idol"],"max_hp_gain":0,"max_hp_loss":0,"event_name":"Golden Idol","floor":2,"gold_loss":0}],"is_beta":false,"boss_relics":[],"items_purged_floors":[],"is_endless":false,"potions_floor_spawned":[1,3,4,5,6],"killed_by":"Exordium Thugs","ascension_level":4}