{"gold_per_floor":[115,81,5,25,25,51,51,80,80,50,83,83],"floor_reached":12,"playtime":349,"items_purged":[],"score":155,"play_id":"92c5fd40-8d1e-4ed8-a94f-e9d74c010f1b","local_time":"20190215021142","is_ascension_mode":true,"campfire_choices":[{"data":"Noxious Fumes","floor":7.0,"key":"SMITH"}],"neow_cost":"NONE","seed_source_timestamp":27803760739186,"circlet_count":0,"master_deck":["Defend_G","Defend_G","Defend_G","Defend_G","Defend_G","Strike_G","Strike_G","Strike_G","Strike_G","Survivor","Neutralize","Sucker Punch","Noxious Fumes+1","PiercingWail","Envenom","Dodge and Roll","All Out Attack"],"special_seed":0,"relics":["Ring of the Snake","NeowsBlessing","Ginger","Regal Pillow","Nunchaku","Torii"],"potions_floor_usage":[11,11,11],"damage_taken":[{"damage":0.0,"enemies":"Jaw Worm","floor":1.0,"turns":1.0},{"damage":0.0,"enemies":"Cultist","floor":4.0,"turns":1.0},{"damage":0.0,"enemies":"3 Sentries","floor":6.0,"turns":1.0},{"damage":25.0,"enemies":"Lagavulin","floor":8.0,"turns":8.0},{"damage":30,"enemies":"Gremlin Nob","floor":11,"turns":5},{"damage":8,"enemies":"Small Slimes","floor":12,"turns":1}],"seed_played":"9137916450060679646","potions_obtained":[{"floor":6.0,"key":"EssenceOfSteel"},{"floor":10.0,"key":"SneckoOil"},{"floor":10.0,"key":"SneckoOil"},{"floor":11,"key":"LiquidBronze"}],"is_trial":false,"path_per_floor":["M","$","?","M","?","E","R","E","T","?","E","M"],"character_chosen":"THE_SILENT","items_purchased":["Noxious Fumes"],"campfire_rested":0,"item_purchase_floors":[2],"current_hp_per_floor":[63,63,63,63,56,56,56,31,31,31,1,0],"gold":83,"neow_bonus":"THREE_ENEMY_KILL","is_prod":false,"is_daily":false,"chose_seed":false,"campfire_upgraded":1,"win_rate":0,"timestamp":1550164302,"path_taken":["M","$","?","?","?","E","R","E","T","?","E","?"],"build_version":"2019-01-23","purchased_purges":0,"victory":false,"max_hp_per_floor":[70,70,70,70,70,70,70,70,70,70,70,70],"card_choices":[{"not_picked":["Prepared","Blade Dance"],"picked":"Sucker Punch","floor":1.0},{"not_picked":["Reflex","Acrobatics"],"picked":"PiercingWail","floor":4.0},{"not_picked":["Cloak And Dagger","Bane"],"picked":"Envenom","floor":6.0},{"not_picked":["Setup","Slice"],"picked":"Dodge and Roll","floor":8.0},{"not_picked":["PiercingWail","Setup"],"picked":"All Out Attack","floor":11}],"player_experience":338752,"relics_obtained":[{"floor":8.0,"key":"Regal Pillow"},{"floor":9.0,"key":"Nunchaku"},{"floor":11,"key":"Torii"}],"event_choices":[{"damage_healed":0.0,"max_hp_gain":0.0,"max_hp_loss":0.0,"gold_gain":0.0,"event_name":"WeMeetAgain","player_choice":"Paid Gold","floor":3.0,"gold_loss":76.0,"damage_taken":0.0,"relics_obtained":["Ginger"]},{"cards_removed":["Strike_G"],"damage_healed":0.0,"max_hp_gain":0.0,"max_hp_loss":0.0,"gold_gain":0.0,"event_name":"Golden Wing","player_choice":"Card Removal","floor":5.0,"gold_loss":0.0,"damage_taken":7.0},{"damage_healed":0.0,"max_hp_gain":0.0,"max_hp_loss":0.0,"gold_gain":0.0,"event_name":"The Woman in Blue","player_choice":"Bought 2 Potions","floor":10.0,"gold_loss":0.0,"damage_taken":0.0}],"is_beta":false,"boss_relics":[],"items_purged_floors":[],"is_endless":false,"potions_floor_spawned":[6,11],"killed_by":"Small Slimes","ascension_level":6}