{"gold_per_floor":[114,126,126,138,151,186,186,213,295,308,320,68,68,84,84,84],"floor_reached":16,"playtime":1230,"items_purged":[],"score":205,"play_id":"b0ad247e-eb8b-4663-b3ad-90149676c1be","local_time":"20190529002352","is_ascension_mode":true,"campfire_choices":[{"data":"Skewer","floor":7,"key":"SMITH"},{"floor":15,"key":"REST"}],"neow_cost":"NONE","seed_source_timestamp":666366788063766,"circlet_count":0,"master_deck":["AscendersBane","Defend_G","Defend_G","Defend_G","Defend_G","Defend_G","Strike_G","Strike_G","Strike_G","Strike_G","Survivor","Neutralize","Quick Slash","Skewer+1","Sucker Punch","Sucker Punch","PiercingWail","Footwork"],"relics":["Ring of the Snake","Dream Catcher","Potion Belt","Mango","Ornamental Fan","Orichalcum"],"potions_floor_usage":[6,16,16],"damage_taken":[{"damage":11,"enemies":"Jaw Worm","floor":1,"turns":10},{"damage":0,"enemies":"Cultist","floor":2,"turns":4},{"damage":0,"enemies":"2 Louse","floor":4,"turns":2},{"damage":0,"enemies":"Looter","floor":5,"turns":4},{"damage":14,"enemies":"Gremlin Nob","floor":6,"turns":4},{"damage":25,"enemies":"3 Sentries","floor":8,"turns":9},{"damage":1,"enemies":"Exordium Wildlife","floor":10,"turns":3},{"damage":1,"enemies":"Blue Slaver","floor":11,"turns":4},{"damage":1,"enemies":"3 Louse","floor":14,"turns":4},{"damage":46,"enemies":"The Guardian","floor":16,"turns":18}],"seed_played":"5468774232425780719","potions_obtained":[{"floor":5,"key":"Poison Potion"},{"floor":8,"key":"Poison Potion"},{"floor":11,"key":"SpeedPotion"}],"is_trial":false,"path_per_floor":["M","M","?","M","M","E","R","E","T","M","M","$","?","M","R","B"],"character_chosen":"THE_SILENT","items_purchased":["Orichalcum","Footwork"],"campfire_rested":1,"item_purchase_floors":[12,12],"current_hp_per_floor":[48,48,48,48,48,34,34,23,23,22,21,21,21,20,44,0],"gold":84,"neow_bonus":"RANDOM_COMMON_RELIC","is_prod":false,"is_daily":false,"chose_seed":false,"campfire_upgraded":1,"win_rate":0,"timestamp":1559103832,"path_taken":["M","M","?","M","M","E","R","E","T","M","?","$","?","M","R","BOSS"],"build_version":"2019-01-23","purchased_purges":0,"victory":false,"max_hp_per_floor":[66,66,66,66,66,66,66,80,80,80,80,80,80,80,80,80],"card_choices":[{"not_picked":["Dagger Spray","Backflip"],"picked":"Quick Slash","floor":1},{"not_picked":["Quick Slash","Masterful Stab"],"picked":"Skewer","floor":2},{"not_picked":["Backflip","Skewer"],"picked":"Sucker Punch","floor":4},{"not_picked":["Concentrate","Bane","Slice"],"picked":"SKIP","floor":5},{"not_picked":["Expertise","Outmaneuver"],"picked":"PiercingWail","floor":6},{"not_picked":["Expertise","Unload","Bouncing Flask"],"picked":"SKIP","floor":8},{"not_picked":["Prepared","Bouncing Flask","Quick Slash"],"picked":"SKIP","floor":10},{"not_picked":["Prepared","Accuracy","PiercingWail"],"picked":"SKIP","floor":11},{"not_picked":["Prepared","Accuracy","PiercingWail"],"picked":"SKIP","floor":11},{"not_picked":["Poisoned Stab","Quick Slash","Catalyst"],"picked":"SKIP","floor":14}],"player_experience":2212149,"relics_obtained":[{"floor":6,"key":"Potion Belt"},{"floor":8,"key":"Mango"},{"floor":9,"key":"Ornamental Fan"}],"event_choices":[{"damage_healed":0,"gold_gain":0,"cards_transformed":["Strike_G"],"player_choice":"Transformed","damage_taken":0,"max_hp_gain":0,"max_hp_loss":0,"event_name":"Transmorgrifier","floor":3,"gold_loss":0,"cards_obtained":["Sucker Punch"]},{"damage_healed":0,"gold_gain":0,"player_choice":"Ignored","damage_taken":0,"max_hp_gain":0,"max_hp_loss":0,"event_name":"Shining Light","floor":13,"gold_loss":0}],"is_beta":false,"boss_relics":[],"items_purged_floors":[],"is_endless":false,"potions_floor_spawned":[5,8,11],"killed_by":"The Guardian","ascension_level":16}