{"gold_per_floor":[118,118,118,29,42,68,68,96,96,116,116,116,128,146,146,219,219,232,257,270,270,297,297,325,342,342,353,18,43,53,64,64,138,138,150,150,169,186,202,232,232,49,98,115,54,79,79,29,29,29,29,29,29,55,55],"floor_reached":55,"playtime":8761,"items_purged":["Decay","Strike_G","Strike_G"],"score":1416,"play_id":"ffdc9fce-b412-4bf9-ab82-5303c7b5c103","local_time":"20190618210503","is_ascension_mode":true,"campfire_choices":[{"data":"Well Laid Plans","floor":7.0,"key":"SMITH"},{"data":"Skewer","floor":11.0,"key":"SMITH"},{"floor":15.0,"key":"REST"},{"floor":23.0,"key":"REST"},{"data":"Finisher","floor":32.0,"key":"SMITH"},{"data":"A Thousand Cuts","floor":41.0,"key":"SMITH"},{"floor":47.0,"key":"RECALL"},{"data":"Glass Knife","floor":49.0,"key":"SMITH"},{"data":"Caltrops","floor":52,"key":"SMITH"}],"neow_cost":"NONE","seed_source_timestamp":504041739035603,"circlet_count":0,"master_deck":["AscendersBane","Defend_G","Defend_G","Defend_G","Defend_G","Defend_G","Strike_G","Strike_G","Survivor","Neutralize","Dagger Spray","Well Laid Plans+1","PiercingWail","Leg Sweep+1","Skewer+1","Outmaneuver+1","Backflip+1","Doppelganger+1","Slice","Blade Dance+1","Cloak And Dagger+1","Outmaneuver+1","Glass Knife+1","Endless Agony","Backflip+1","Prepared+1","Finisher+1","A Thousand Cuts+1","Caltrops+1","Impatience+1","Impatience+1","Finesse+1","PiercingWail+1","Deflect+1","Blade Dance+1","Calculated Gamble+1","Blur+1","After Image"],"special_seed":0,"relics":["Ring of the Snake","NeowsBlessing","Pen Nib","Toxic Egg 2","Kunai","Sundial","Sozu","Red Mask","Bag of Marbles","Smiling Mask","Paper Crane","Lee\u0027s Waffle","Pantograph","Eternal Feather","Shuriken","Orichalcum","Blood Vial","Bottled Lightning"],"potions_floor_usage":[50],"damage_taken":[{"damage":0.0,"enemies":"2 Louse","floor":1.0,"turns":1.0},{"damage":0.0,"enemies":"Jaw Worm","floor":5.0,"turns":1.0},{"damage":0.0,"enemies":"Gremlin Nob","floor":6.0,"turns":1.0},{"damage":7.0,"enemies":"3 Sentries","floor":8.0,"turns":8.0},{"damage":0.0,"enemies":"Cultist","floor":10.0,"turns":4.0},{"damage":9.0,"enemies":"Looter","floor":13.0,"turns":3.0},{"damage":0.0,"enemies":"2 Fungi Beasts","floor":14.0,"turns":2.0},{"damage":24.0,"enemies":"The Guardian","floor":16.0,"turns":11.0},{"damage":1.0,"enemies":"Shell Parasite","floor":18.0,"turns":5.0},{"damage":32.0,"enemies":"Masked Bandits","floor":19.0,"turns":7.0},{"damage":7.0,"enemies":"Chosen","floor":20.0,"turns":6.0},{"damage":15.0,"enemies":"Book of Stabbing","floor":24.0,"turns":4.0},{"damage":0.0,"enemies":"Centurion and Healer","floor":25.0,"turns":3.0},{"damage":0.0,"enemies":"Snake Plant","floor":27.0,"turns":2.0},{"damage":7.0,"enemies":"Slavers","floor":29.0,"turns":8.0},{"damage":12.0,"enemies":"Chosen and Byrds","floor":30.0,"turns":3.0},{"damage":18.0,"enemies":"Snecko","floor":31.0,"turns":5.0},{"damage":8.0,"enemies":"Collector","floor":33.0,"turns":13.0},{"damage":2.0,"enemies":"3 Shapes","floor":35.0,"turns":14.0},{"damage":0.0,"enemies":"Orb Walker","floor":37.0,"turns":3.0},{"damage":15.0,"enemies":"3 Darklings","floor":38.0,"turns":5.0},{"damage":8.0,"enemies":"Maw","floor":39.0,"turns":10.0},{"damage":6.0,"enemies":"Nemesis","floor":40.0,"turns":7.0},{"damage":0.0,"enemies":"Transient","floor":44.0,"turns":6.0},{"damage":2.0,"enemies":"Reptomancer","floor":46.0,"turns":6.0},{"damage":68,"enemies":"Time Eater","floor":50,"turns":14},{"damage":1,"enemies":"Shield and Spear","floor":54,"turns":5},{"damage":85,"enemies":"The Heart","floor":55,"turns":6}],"seed_played":"-6901130749037346975","potions_obtained":[{"floor":1.0,"key":"Regen Potion"},{"floor":3.0,"key":"Poison Potion"},{"floor":3.0,"key":"Poison Potion"},{"floor":8.0,"key":"SpeedPotion"},{"floor":13.0,"key":"SmokeBomb"},{"floor":16.0,"key":"SpeedPotion"}],"is_trial":false,"path_per_floor":["M","?","?","$","M","E","R","E","T","M","R","?","M","M","R","B",null,"M","?","M","?","T","R","E","M","T","M","$","E","M","M","R","B",null,"M","?","M","M","M","E","R","$","T","M","?","E","R","$","R","B",null,"R","$","E","B"],"character_chosen":"THE_SILENT","items_purchased":["Well Laid Plans","Lee\u0027s Waffle","Backflip+1","Blade Dance+1","Calculated Gamble+1"],"campfire_rested":2,"item_purchase_floors":[4,28,28,42,42],"current_hp_per_floor":[59,48,48,48,48,48,48,41,41,41,41,34,25,25,44,20,55,54,22,15,15,15,34,19,19,19,19,73,66,54,36,36,53,68,66,56,56,41,33,27,48,48,48,48,48,46,67,67,73,5,56,73,73,72,0],"gold":55,"neow_bonus":"THREE_ENEMY_KILL","is_prod":false,"is_daily":false,"chose_seed":false,"campfire_upgraded":6,"win_rate":0,"timestamp":1560906303,"path_taken":["M","?","?","$","?","E","R","E","T","M","R","?","M","M","R","BOSS","M","?","M","?","?","R","E","M","T","M","$","E","?","M","R","BOSS","M","?","M","M","M","E","R","?","T","M","?","E","R","$","R","BOSS","R","$","E","BOSS"],"build_version":"2019-01-23","purchased_purges":3,"victory":false,"max_hp_per_floor":[66,66,66,66,66,66,66,66,66,66,66,66,66,66,66,66,66,66,66,66,66,66,66,66,66,66,66,73,73,73,73,73,73,73,73,73,73,73,73,73,73,73,73,73,73,73,73,73,73,73,73,73,73,73,73],"card_choices":[{"not_picked":["Concentrate","Blade Dance"],"picked":"Dagger Spray","floor":1.0},{"not_picked":["Outmaneuver","Deflect"],"picked":"PiercingWail","floor":5.0},{"not_picked":["Riddle With Holes","Bane"],"picked":"Leg Sweep","floor":6.0},{"not_picked":["Night Terror+1","Quick Slash"],"picked":"Skewer","floor":8.0},{"not_picked":["Poisoned Stab","Flying Knee","Riddle With Holes"],"picked":"SKIP","floor":10.0},{"not_picked":["Poisoned Stab","Slice"],"picked":"Outmaneuver+1","floor":13.0},{"not_picked":["Bane","Dagger Throw"],"picked":"Backflip+1","floor":14.0},{"not_picked":["Malaise+1","Phantasmal Killer+1"],"picked":"Doppelganger+1","floor":16.0},{"not_picked":["Accuracy","Backflip+1"],"picked":"Slice","floor":18.0},{"not_picked":["Unload","Poisoned Stab"],"picked":"Blade Dance+1","floor":19.0},{"not_picked":["Underhanded Strike","Noxious Fumes"],"picked":"Cloak And Dagger+1","floor":20.0},{"not_picked":["Noxious Fumes","Bouncing Flask+1"],"picked":"Outmaneuver+1","floor":24.0},{"not_picked":["Outmaneuver+1","Poisoned Stab"],"picked":"Glass Knife","floor":25.0},{"not_picked":["Blade Dance+1","Prepared+1"],"picked":"Endless Agony","floor":27.0},{"not_picked":["Dash+1","Predator","Quick Slash"],"picked":"SKIP","floor":29.0},{"not_picked":["Poisoned Stab","Deflect+1"],"picked":"Prepared+1","floor":30.0},{"not_picked":["Bouncing Flask+1","Sucker Punch"],"picked":"Finisher","floor":31.0},{"not_picked":["Unload","Corpse Explosion+1"],"picked":"A Thousand Cuts","floor":33.0},{"not_picked":["Prepared+1","Finisher"],"picked":"Caltrops","floor":35.0},{"not_picked":["Magnetism","Violence+1"],"picked":"Impatience+1","floor":36.0},{"not_picked":["Deep Breath+1","Forethought+1"],"picked":"Impatience+1","floor":36.0},{"not_picked":["Deep Breath+1","Swift Strike"],"picked":"Finesse+1","floor":36.0},{"not_picked":["Backstab+1","Predator"],"picked":"PiercingWail+1","floor":37.0},{"not_picked":["Quick Slash","Predator","All Out Attack"],"picked":"SKIP","floor":38.0},{"not_picked":["Deadly Poison+1","Quick Slash","Bane"],"picked":"SKIP","floor":39.0},{"not_picked":["Backflip+1","Concentrate+1"],"picked":"Deflect+1","floor":40.0},{"not_picked":["Distraction+1","PiercingWail+1"],"picked":"Blur+1","floor":44.0},{"not_picked":["Slice+1","Backflip+1","Cloak And Dagger+1"],"picked":"SKIP","floor":46.0},{"not_picked":["Outmaneuver+1","Prepared+1"],"picked":"After Image","floor":54}],"player_experience":2302452,"relics_obtained":[{"floor":6.0,"key":"Toxic Egg 2"},{"floor":8.0,"key":"Kunai"},{"floor":9.0,"key":"Sundial"},{"floor":19.0,"key":"Red Mask"},{"floor":22.0,"key":"Bag of Marbles"},{"floor":24.0,"key":"Smiling Mask"},{"floor":26.0,"key":"Paper Crane"},{"floor":29.0,"key":"Pantograph"},{"floor":40.0,"key":"Shuriken"},{"floor":46.0,"key":"Blood Vial"},{"floor":54,"key":"Bottled Lightning"}],"event_choices":[{"damage_healed":0.0,"max_hp_gain":0.0,"max_hp_loss":0.0,"gold_gain":0.0,"event_name":"Scrap Ooze","player_choice":"Success","floor":2.0,"gold_loss":0.0,"damage_taken":11.0,"relics_obtained":["Pen Nib"]},{"damage_healed":0.0,"max_hp_gain":0.0,"max_hp_loss":0.0,"gold_gain":0.0,"event_name":"Lab","player_choice":"Got Potions","floor":3.0,"gold_loss":0.0,"damage_taken":0.0},{"cards_removed":["Strike_G"],"damage_healed":0.0,"max_hp_gain":0.0,"max_hp_loss":0.0,"gold_gain":0.0,"event_name":"Golden Wing","player_choice":"Card Removal","floor":12.0,"gold_loss":0.0,"damage_taken":7.0},{"damage_healed":0.0,"max_hp_gain":0.0,"max_hp_loss":0.0,"gold_gain":0.0,"event_name":"Masked Bandits","player_choice":"Fought Bandits","floor":19.0,"gold_loss":0.0,"damage_taken":0.0},{"damage_healed":0.0,"max_hp_gain":0.0,"max_hp_loss":0.0,"gold_gain":0.0,"event_name":"Forgotten Altar","player_choice":"Smashed Altar","floor":21.0,"gold_loss":0.0,"damage_taken":0.0,"cards_obtained":["Decay"]},{"damage_healed":0.0,"max_hp_gain":0.0,"max_hp_loss":0.0,"gold_gain":0.0,"event_name":"SensoryStone","player_choice":"Memory 3","floor":36.0,"gold_loss":0.0,"damage_taken":10.0},{"damage_healed":0.0,"max_hp_gain":0.0,"max_hp_loss":0.0,"gold_gain":0.0,"event_name":"WeMeetAgain","player_choice":"Paid Gold","floor":45.0,"gold_loss":61.0,"damage_taken":0.0,"relics_obtained":["Orichalcum"]}],"is_beta":false,"boss_relics":[{"not_picked":["Cursed Key","Lizard Tail"],"picked":"Sozu"},{"not_picked":["Velvet Choker","Runic Dome"],"picked":"Eternal Feather"}],"items_purged_floors":[28,42,48],"is_endless":false,"potions_floor_spawned":[1,8,13,16,18,19,24,29,30,37,40],"killed_by":"The Heart","ascension_level":17}