{"gold_per_floor":[10,10,10,10,26,26,44,63,63,78,78,7,7,7,7,133,133,147,165,165,165,165,165,179,179,179,189,189,189,189,189,189,289,289,308,323,333,344,355,355,370,370,370,370,382,395,409,409,409,409],"floor_reached":50,"playtime":3339,"items_purged":[],"score":461,"play_id":"d31a0120-0ee4-452f-9d65-aec181b382a6","local_time":"20190618174354","is_ascension_mode":false,"campfire_choices":[{"data":"Whirlwind","floor":6,"key":"SMITH"},{"floor":15,"key":"REST"},{"floor":23,"key":"REST"},{"floor":25,"key":"REST"},{"floor":29,"key":"REST"},{"floor":32,"key":"REST"},{"floor":40,"key":"REST"},{"floor":42,"key":"REST"},{"data":"Demon Form","floor":44,"key":"SMITH"},{"floor":49,"key":"REST"}],"neow_cost":"NO_GOLD","seed_source_timestamp":156924005676000,"circlet_count":0,"master_deck":["Strike_R+1","Strike_R+1","Strike_R+1","Strike_R+1","Strike_R+1","Defend_R+1","Defend_R+1","Defend_R+1","Defend_R+1","Bash","Whirlwind+1","Cleave","Seeing Red","Limit Break","Demon Form+1","Double Tap","Dual Wield+1","Limit Break","Combust","Anger+1","Parasite","Seeing Red+1","Seeing Red"],"relics":["Burning Blood","Bottled Flame","Darkstone Periapt","Bloody Idol","White Beast Statue","MutagenicStrength","Meat on the Bone","Nilry\u0027s Codex","Sundial","Runic Pyramid","Dodecahedron"],"potions_floor_usage":[16,16,19,33,33,33,38,38,38,41,45,46,47,47,50,50,50],"damage_taken":[{"damage":6,"enemies":"Jaw Worm","floor":1,"turns":5},{"damage":1,"enemies":"2 Louse","floor":5,"turns":3},{"damage":2,"enemies":"Small Slimes","floor":7,"turns":2},{"damage":11,"enemies":"Blue Slaver","floor":8,"turns":5},{"damage":9,"enemies":"2 Fungi Beasts","floor":10,"turns":2},{"damage":57,"enemies":"Slime Boss","floor":16,"turns":8},{"damage":43,"enemies":"Shell Parasite","floor":18,"turns":9},{"damage":32,"enemies":"Chosen","floor":19,"turns":6},{"damage":49,"enemies":"Shelled Parasite and Fungi","floor":24,"turns":10},{"damage":15,"enemies":"Chosen and Byrds","floor":27,"turns":6},{"damage":73,"enemies":"Automaton","floor":33,"turns":7},{"damage":49,"enemies":"3 Darklings","floor":35,"turns":5},{"damage":0,"enemies":"3 Shapes","floor":36,"turns":2},{"damage":16,"enemies":"Jaw Worm Horde","floor":37,"turns":2},{"damage":41,"enemies":"Writhing Mass","floor":38,"turns":6},{"damage":0,"enemies":"Sphere and 2 Shapes","floor":39,"turns":3},{"damage":39,"enemies":"3 Darklings","floor":41,"turns":4},{"damage":56,"enemies":"4 Shapes","floor":45,"turns":3},{"damage":23,"enemies":"Maw","floor":46,"turns":6},{"damage":66,"enemies":"Spire Growth","floor":47,"turns":5},{"damage":98,"enemies":"Awakened One","floor":50,"turns":8}],"seed_played":"5770055839044056920","potions_obtained":[{"floor":1,"key":"Fire Potion"},{"floor":5,"key":"EssenceOfSteel"},{"floor":8,"key":"BloodPotion"},{"floor":18,"key":"Poison Potion"},{"floor":19,"key":"GamblersBrew"},{"floor":24,"key":"Block Potion"},{"floor":27,"key":"Energy Potion"},{"floor":33,"key":"BloodPotion"},{"floor":35,"key":"Explosive Potion"},{"floor":36,"key":"PowerPotion"},{"floor":38,"key":"Strength Potion"},{"floor":39,"key":"Swift Potion"},{"floor":41,"key":"GamblersBrew"},{"floor":45,"key":"Energy Potion"},{"floor":46,"key":"FearPotion"},{"floor":47,"key":"LiquidBronze"},{"floor":48,"key":"Ancient Potion"},{"floor":48,"key":"Ancient Potion"},{"floor":48,"key":"Block Potion"}],"is_trial":false,"path_per_floor":["M","?","?","?","M","R","M","M","T","M","T","$","?","$","R","B",null,"M","M","?","?","?","R","M","R","T","M","?","R","?","T","R","B",null,"M","M","M","M","M","R","M","R","T","R","M","M","M","?","R","B"],"character_chosen":"IRONCLAD","items_purchased":["Demon Form"],"campfire_rested":8,"item_purchase_floors":[12],"current_hp_per_floor":[96,89,89,94,99,99,101,96,96,93,93,93,68,68,98,57,101,64,38,38,38,38,68,30,60,60,68,52,82,82,82,101,51,101,63,74,69,67,78,107,79,107,107,107,74,74,31,31,63,0],"gold":409,"neow_bonus":"TWENTY_PERCENT_HP_BONUS","is_prod":false,"is_daily":false,"chose_seed":false,"campfire_upgraded":2,"win_rate":0.0,"timestamp":1560872634,"path_taken":["M","?","?","?","?","R","M","M","T","M","?","$","?","$","R","BOSS","M","M","?","?","?","R","M","R","T","M","?","R","?","?","R","BOSS","M","?","M","M","M","R","M","R","T","R","M","M","M","?","R","BOSS"],"build_version":"2019-01-23","purchased_purges":0,"victory":false,"max_hp_per_floor":[96,96,96,101,101,101,101,101,101,101,101,101,101,101,101,101,101,101,101,101,101,101,101,101,101,101,101,101,101,101,101,101,101,101,101,101,101,107,107,107,107,107,107,107,107,107,107,107,107,107],"card_choices":[{"not_picked":["Carnage","Pommel Strike"],"picked":"Whirlwind","floor":1},{"not_picked":["Shockwave","Twin Strike"],"picked":"Cleave","floor":5},{"not_picked":["Warcry","Shockwave"],"picked":"Seeing Red","floor":7},{"not_picked":["Searing Blow","Disarm"],"picked":"Limit Break","floor":8},{"not_picked":["Pommel Strike","Corruption","Twin Strike"],"picked":"SKIP","floor":10},{"not_picked":["Reaper","Berserk"],"picked":"Double Tap","floor":16},{"not_picked":["Headbutt","Sever Soul","Carnage"],"picked":"SKIP","floor":18},{"not_picked":["True Grit","Reckless Charge+1","Shockwave"],"picked":"SKIP","floor":19},{"not_picked":["Rampage","Power Through"],"picked":"Dual Wield+1","floor":24},{"not_picked":["Battle Trance+1","Hemokinesis","Iron Wave+1"],"picked":"SKIP","floor":27},{"not_picked":["Barricade","Feed"],"picked":"Limit Break","floor":33},{"not_picked":["Blood for Blood","Flame Barrier","Clothesline+1"],"picked":"SKIP","floor":35},{"not_picked":["True Grit","Body Slam+1"],"picked":"Combust","floor":36},{"not_picked":["Pommel Strike+1","Clothesline"],"picked":"Anger+1","floor":37},{"not_picked":["Pummel","Double Tap","Heavy Blade"],"picked":"SKIP","floor":38},{"not_picked":["Perfected Strike+1","Heavy Blade+1"],"picked":"Seeing Red+1","floor":39},{"not_picked":["Uppercut","Anger+1"],"picked":"Seeing Red","floor":41},{"not_picked":["Reckless Charge","Clothesline+1","Sword Boomerang+1"],"picked":"SKIP","floor":45},{"not_picked":["Blood for Blood","Cleave","Headbutt"],"picked":"SKIP","floor":46},{"not_picked":["Clash","Dual Wield+1","Offering"],"picked":"SKIP","floor":47}],"player_experience":6342,"relics_obtained":[{"floor":9,"key":"Bottled Flame"},{"floor":11,"key":"Darkstone Periapt"},{"floor":26,"key":"Meat on the Bone"},{"floor":28,"key":"Nilry\u0027s Codex"},{"floor":31,"key":"Sundial"},{"floor":43,"key":"Dodecahedron"}],"event_choices":[{"damage_healed":0,"gold_gain":0,"player_choice":"Fled","damage_taken":7,"max_hp_gain":0,"max_hp_loss":0,"event_name":"Scrap Ooze","floor":2,"gold_loss":0},{"damage_healed":0,"gold_gain":0,"player_choice":"Ignored","damage_taken":0,"max_hp_gain":0,"max_hp_loss":0,"event_name":"Golden Wing","floor":3,"gold_loss":0},{"damage_healed":0,"gold_gain":0,"player_choice":"Donut","damage_taken":0,"max_hp_gain":5,"max_hp_loss":0,"event_name":"Big Fish","floor":4,"gold_loss":0},{"damage_healed":0,"gold_gain":0,"player_choice":"Take Damage","damage_taken":25,"relics_obtained":["Golden Idol"],"max_hp_gain":0,"max_hp_loss":0,"event_name":"Golden Idol","floor":13,"gold_loss":0},{"damage_healed":0,"gold_gain":0,"player_choice":"Inject Mutagens","damage_taken":0,"relics_obtained":["MutagenicStrength"],"max_hp_gain":0,"max_hp_loss":0,"event_name":"Drug Dealer","floor":20,"gold_loss":0},{"damage_healed":0,"gold_gain":0,"player_choice":"Simplicity","damage_taken":0,"max_hp_gain":0,"max_hp_loss":0,"event_name":"Back to Basics","floor":21,"gold_loss":0,"cards_upgraded":["Strike_R","Strike_R","Strike_R","Strike_R","Strike_R","Defend_R","Defend_R","Defend_R","Defend_R"]},{"damage_healed":0,"gold_gain":0,"player_choice":"Gave Idol","damage_taken":0,"relics_obtained":["Bloody Idol"],"max_hp_gain":0,"max_hp_loss":0,"event_name":"Forgotten Altar","floor":22,"relics_lost":["Golden Idol"],"gold_loss":0},{"damage_healed":0,"gold_gain":0,"player_choice":"Obtained Book","damage_taken":16,"max_hp_gain":0,"max_hp_loss":0,"event_name":"Cursed Tome","floor":28,"gold_loss":0},{"damage_healed":0,"gold_gain":0,"player_choice":"Ignored","damage_taken":0,"max_hp_gain":0,"max_hp_loss":0,"event_name":"Beggar","floor":30,"gold_loss":0},{"damage_healed":0,"gold_gain":0,"player_choice":"Got Potions","damage_taken":0,"max_hp_gain":0,"max_hp_loss":0,"event_name":"Lab","floor":48,"gold_loss":0}],"is_beta":false,"boss_relics":[{"not_picked":["Runic Cube","Runic Dome"],"picked":"White Beast Statue"},{"not_picked":["Fusion Hammer","Eternal Feather"],"picked":"Runic Pyramid"}],"items_purged_floors":[],"is_endless":false,"potions_floor_spawned":[1,5,8,18,19,24,27,33,35,36,37,38,39,41,45,46,47],"killed_by":"Awakened One","ascension_level":0}