{"gold_per_floor":[359,375,386,161,172,203,203,237,237,262,276,286,286,298,298,298],"floor_reached":16,"playtime":805,"items_purged":["Strike_G"],"score":137,"play_id":"2109d631-3171-493f-92e1-05d5c09188eb","local_time":"20190210234023","is_ascension_mode":true,"campfire_choices":[{"floor":7.0,"key":"REST"},{"data":"Setup","floor":13.0,"key":"SMITH"},{"floor":15.0,"key":"REST"}],"neow_cost":"PERCENT_DAMAGE","seed_source_timestamp":34058938467271,"circlet_count":0,"master_deck":["Defend_G","Defend_G","Defend_G","Defend_G","Defend_G","Strike_G","Strike_G","Strike_G","Strike_G","Survivor","Neutralize","Endless Agony","All Out Attack","Leg Sweep","PiercingWail","Bouncing Flask","Venomology","Flying Knee","Setup+1","Backstab"],"special_seed":0,"relics":["Ring of the Snake","Blood Vial","Ancient Tea Set","Question Card","Unceasing Top","Boot"],"potions_floor_usage":[16,16,16],"damage_taken":[{"damage":2.0,"enemies":"Cultist","floor":1.0,"turns":4.0},{"damage":0.0,"enemies":"Jaw Worm","floor":2.0,"turns":4.0},{"damage":0.0,"enemies":"2 Louse","floor":3.0,"turns":3.0},{"damage":11.0,"enemies":"Exordium Wildlife","floor":5.0,"turns":6.0},{"damage":45.0,"enemies":"3 Sentries","floor":6.0,"turns":11.0},{"damage":13.0,"enemies":"Lagavulin","floor":8.0,"turns":6.0},{"damage":3.0,"enemies":"Looter","floor":11.0,"turns":3.0},{"damage":9.0,"enemies":"Large Slime","floor":12.0,"turns":6.0},{"damage":0.0,"enemies":"2 Fungi Beasts","floor":14.0,"turns":2.0},{"damage":57,"enemies":"Slime Boss","floor":16,"turns":10}],"seed_played":"-2282393870331118941","potions_obtained":[{"floor":1.0,"key":"Regen Potion"},{"floor":2.0,"key":"Poison Potion"},{"floor":6.0,"key":"FearPotion"},{"floor":8.0,"key":"SpeedPotion"},{"floor":12.0,"key":"Weak Potion"}],"is_trial":false,"path_per_floor":["M","M","M","$","M","E","R","E","T","T","M","M","R","M","R","B"],"character_chosen":"THE_SILENT","items_purchased":["Blood Vial"],"campfire_rested":2,"item_purchase_floors":[4],"current_hp_per_floor":[47,59,59,59,50,7,28,17,17,17,16,9,9,11,32,0],"gold":298,"neow_bonus":"TWO_FIFTY_GOLD","is_prod":false,"is_daily":false,"chose_seed":false,"campfire_upgraded":1,"win_rate":0,"timestamp":1549809623,"path_taken":["M","M","?","$","M","E","R","E","T","?","M","M","R","M","R","BOSS"],"build_version":"2019-01-23","purchased_purges":1,"victory":false,"max_hp_per_floor":[70,70,70,70,70,70,70,70,70,70,70,70,70,70,70,70],"card_choices":[{"not_picked":["Caltrops","Outmaneuver"],"picked":"Endless Agony","floor":1.0},{"not_picked":["Outmaneuver","Dagger Throw"],"picked":"All Out Attack","floor":2.0},{"not_picked":["Acrobatics","Masterful Stab"],"picked":"Leg Sweep","floor":3.0},{"not_picked":["Setup","Finisher"],"picked":"PiercingWail","floor":5.0},{"not_picked":["Die Die Die","Backflip"],"picked":"Bouncing Flask","floor":6.0},{"not_picked":["Choke","Deadly Poison"],"picked":"Venomology","floor":8.0},{"not_picked":["Quick Slash","Reflex","PiercingWail"],"picked":"Flying Knee","floor":11.0},{"not_picked":["Flying Knee","Dagger Spray","Infinite Blades"],"picked":"Setup","floor":12.0},{"not_picked":["Choke","Calculated Gamble","Acrobatics"],"picked":"Backstab","floor":14.0}],"player_experience":306011,"relics_obtained":[{"floor":6.0,"key":"Ancient Tea Set"},{"floor":8.0,"key":"Question Card"},{"floor":9.0,"key":"Unceasing Top"},{"floor":10.0,"key":"Boot"}],"event_choices":[],"is_beta":false,"boss_relics":[],"items_purged_floors":[4],"is_endless":false,"potions_floor_spawned":[1,2,6,8,12,14],"killed_by":"Slime Boss","ascension_level":4}