{"gold_per_floor":[118,118,118,18,33,33,57,57,57,77,77,101,101,134,134,134],"floor_reached":16,"playtime":988,"items_purged":["Strike_B"],"score":180,"play_id":"b1edc6fa-c83e-42cd-b39f-4fec16ee3a19","local_time":"20190602180852","is_ascension_mode":true,"campfire_choices":[{"data":"Zap","floor":6,"key":"SMITH"},{"data":"Coolheaded","floor":8,"key":"SMITH"},{"data":"Seek","floor":13,"key":"SMITH"},{"floor":15,"key":"REST"}],"neow_cost":"NONE","seed_source_timestamp":782262396932,"circlet_count":0,"master_deck":["AscendersBane","Strike_B","Strike_B","Defend_B","Defend_B","Defend_B","Defend_B","Zap+1","Dualcast","Rebound","Cold Snap","Coolheaded+1","Steam","Hologram","Seek+1","Glacier"],"relics":["Cracked Core","Golden Idol","PreservedInsect","Bird Faced Urn","Centennial Puzzle"],"potions_floor_usage":[10,16],"damage_taken":[{"damage":2,"enemies":"2 Louse","floor":1,"turns":2},{"damage":0,"enemies":"Small Slimes","floor":5,"turns":3},{"damage":0,"enemies":"Jaw Worm","floor":7,"turns":3},{"damage":20,"enemies":"Exordium Wildlife","floor":10,"turns":5},{"damage":5,"enemies":"Blue Slaver","floor":12,"turns":4},{"damage":18,"enemies":"Gremlin Nob","floor":14,"turns":3},{"damage":38,"enemies":"Hexaghost","floor":16,"turns":16}],"seed_played":"-703201955556184198","potions_obtained":[{"floor":1,"key":"SneckoOil"},{"floor":7,"key":"SteroidPotion"}],"is_trial":false,"path_per_floor":["M","?","?","$","M","R","M","R","T","M","?","M","R","E","R","B"],"character_chosen":"DEFECT","items_purchased":["Coolheaded"],"campfire_rested":1,"item_purchase_floors":[4],"current_hp_per_floor":[62,62,62,62,62,62,62,62,62,42,37,32,32,14,33,0],"gold":134,"neow_bonus":"THREE_CARDS","is_prod":false,"is_daily":false,"chose_seed":false,"campfire_upgraded":3,"win_rate":0,"timestamp":1559513332,"path_taken":["M","?","?","?","?","R","M","R","T","M","?","M","R","E","R","BOSS"],"build_version":"2019-01-23","purchased_purges":1,"victory":false,"max_hp_per_floor":[71,71,64,64,64,64,64,64,64,64,64,64,64,64,64,64],"card_choices":[{"not_picked":["Steam","Beam Cell"],"picked":"Rebound","floor":0},{"not_picked":["Undo","Compile Driver"],"picked":"Cold Snap","floor":1},{"not_picked":["Rebound","Amplify"],"picked":"Steam","floor":5},{"not_picked":["Cold Snap","Gash","Redo"],"picked":"SKIP","floor":7},{"not_picked":["Consume","Rip and Tear"],"picked":"Hologram","floor":10},{"not_picked":["Conserve Battery","Gash"],"picked":"Seek","floor":12},{"not_picked":["Storm","Steam Power"],"picked":"Glacier","floor":14}],"player_experience":2255794,"relics_obtained":[{"floor":9,"key":"PreservedInsect"},{"floor":14,"key":"Centennial Puzzle"}],"event_choices":[{"cards_removed":["Strike_B"],"damage_healed":0,"gold_gain":0,"player_choice":"Forget","damage_taken":0,"max_hp_gain":0,"max_hp_loss":0,"event_name":"Living Wall","floor":2,"gold_loss":0},{"damage_healed":0,"gold_gain":0,"player_choice":"Lose Max HP","damage_taken":0,"relics_obtained":["Golden Idol"],"max_hp_gain":0,"max_hp_loss":7,"event_name":"Golden Idol","floor":3,"gold_loss":0},{"damage_healed":0,"gold_gain":0,"player_choice":"Success","damage_taken":5,"relics_obtained":["Bird Faced Urn"],"max_hp_gain":0,"max_hp_loss":0,"event_name":"Scrap Ooze","floor":11,"gold_loss":0}],"is_beta":false,"boss_relics":[],"items_purged_floors":[4],"is_endless":false,"potions_floor_spawned":[1,7],"killed_by":"Hexaghost","ascension_level":16}