{"gold_per_floor":[219,105,121,33,47,47,82,82,82,117,130,130,140,158,158,237,237,257,257,268,280,43,43],"floor_reached":23,"playtime":1225,"items_purged":["Strike_G"],"score":355,"play_id":"fc9d1575-17c2-460c-958e-845cda88b2cd","local_time":"20190228010356","is_ascension_mode":true,"campfire_choices":[{"data":"Predator","floor":6.0,"key":"SMITH"},{"floor":8.0,"key":"REST"},{"floor":15.0,"key":"REST"}],"neow_cost":"NONE","seed_source_timestamp":4207865558755,"circlet_count":0,"master_deck":["AscendersBane","Defend_G","Defend_G","Defend_G","Defend_G","Defend_G","Strike_G","Strike_G","Strike_G","Survivor","Neutralize","Predator+1","Predator","PiercingWail","Noxious Fumes","Sucker Punch","Backflip","Leg Sweep","Dagger Throw","Bouncing Flask","Die Die Die","Leg Sweep","Well Laid Plans"],"special_seed":0,"relics":["Ring of the Snake","Question Card","Blood Vial","Philosopher\u0027s Stone","Nloth\u0027s Gift","Membership Card"],"potions_floor_usage":[],"damage_taken":[{"damage":0.0,"enemies":"Small Slimes","floor":1.0,"turns":3.0},{"damage":0.0,"enemies":"Cultist","floor":3.0,"turns":3.0},{"damage":5.0,"enemies":"Jaw Worm","floor":5.0,"turns":3.0},{"damage":50.0,"enemies":"Lagavulin","floor":7.0,"turns":7.0},{"damage":14.0,"enemies":"3 Sentries","floor":10.0,"turns":8.0},{"damage":1.0,"enemies":"Red Slaver","floor":11.0,"turns":4.0},{"damage":3.0,"enemies":"Gremlin Gang","floor":13.0,"turns":5.0},{"damage":5.0,"enemies":"Looter","floor":14.0,"turns":3.0},{"damage":11.0,"enemies":"The Guardian","floor":16.0,"turns":10.0},{"damage":12.0,"enemies":"Spheric Guardian","floor":18.0,"turns":3.0},{"damage":8.0,"enemies":"Chosen","floor":20.0,"turns":5.0},{"damage":31.0,"enemies":"Centurion and Healer","floor":21.0,"turns":7.0},{"damage":11,"enemies":"Book of Stabbing","floor":23,"turns":3}],"seed_played":"-7970659302503638037","potions_obtained":[{"floor":1.0,"key":"SmokeBomb"},{"floor":3.0,"key":"SkillPotion"},{"floor":14.0,"key":"Ancient Potion"}],"is_trial":false,"path_per_floor":["M","$","M","$","M","R","E","R","T","E","M","?","M","M","R","B",null,"M","?","M","M","$","E"],"character_chosen":"THE_SILENT","items_purchased":["Predator","Noxious Fumes","Sucker Punch","Well Laid Plans","Membership Card"],"campfire_rested":2,"item_purchase_floors":[2,4,4,22,22],"current_hp_per_floor":[59,59,59,59,54,54,4,23,23,9,10,10,9,6,25,16,54,44,44,38,9,9,0],"gold":43,"neow_bonus":"HUNDRED_GOLD","is_prod":false,"is_daily":false,"chose_seed":false,"campfire_upgraded":1,"win_rate":0,"timestamp":1551283436,"path_taken":["M","$","M","$","M","R","E","R","T","E","M","?","M","?","R","BOSS","M","?","M","?","$","E"],"build_version":"2019-01-23","purchased_purges":1,"victory":false,"max_hp_per_floor":[66,66,66,66,66,66,66,66,66,66,66,66,66,66,66,66,66,66,66,66,66,66,66],"card_choices":[{"not_picked":["Caltrops","PiercingWail"],"picked":"Predator","floor":1.0},{"not_picked":["Deflect","Heel Hook"],"picked":"PiercingWail","floor":3.0},{"not_picked":["Infinite Blades","Poisoned Stab"],"picked":"Backflip","floor":5.0},{"not_picked":["Sucker Punch","Bane","Wraith Form v2"],"picked":"SKIP","floor":7.0},{"not_picked":["Sucker Punch","Bane","Wraith Form v2"],"picked":"SKIP","floor":7.0},{"not_picked":["Dodge and Roll","Quick Slash","Slice"],"picked":"Leg Sweep","floor":10.0},{"not_picked":["Skewer","Dodge and Roll","Acrobatics","Sucker Punch"],"picked":"SKIP","floor":11.0},{"not_picked":["Poisoned Stab","Catalyst","Underhanded Strike"],"picked":"Dagger Throw","floor":13.0},{"not_picked":["Leg Sweep","Backflip","Setup"],"picked":"Bouncing Flask","floor":14.0},{"not_picked":["Doppelganger","Venomology","Storm of Steel"],"picked":"Die Die Die","floor":16.0},{"not_picked":["PiercingWail","Flechettes","Backflip"],"picked":"Leg Sweep","floor":18.0},{"not_picked":["Acrobatics","Dagger Throw","Dodge and Roll","Deadly Poison"],"picked":"SKIP","floor":20.0},{"not_picked":["Expertise+1","Dagger Throw","Dodge and Roll","All Out Attack"],"picked":"SKIP","floor":21.0}],"player_experience":430194,"relics_obtained":[{"floor":7.0,"key":"Ninja Scroll"},{"floor":9.0,"key":"Question Card"},{"floor":10.0,"key":"Blood Vial"}],"event_choices":[{"cards_removed":["Strike_G"],"damage_healed":0.0,"max_hp_gain":0.0,"max_hp_loss":0.0,"gold_gain":0.0,"event_name":"Purifier","player_choice":"Purged","floor":12.0,"gold_loss":0.0,"damage_taken":0.0},{"damage_healed":0.0,"max_hp_gain":0.0,"max_hp_loss":0.0,"gold_gain":0.0,"event_name":"N\u0027loth","player_choice":"Traded Relic","floor":19.0,"relics_lost":["Ninja Scroll"],"gold_loss":0.0,"damage_taken":0.0,"relics_obtained":["Nloth\u0027s Gift"]}],"is_beta":false,"boss_relics":[{"not_picked":["Orrery","Sozu"],"picked":"Philosopher\u0027s Stone"}],"items_purged_floors":[2],"is_endless":false,"potions_floor_spawned":[1,3,14,16,21],"killed_by":"Book of Stabbing","ascension_level":15}