{"gold_per_floor":[144,189,189,189,238,238,238,336,336,385,434,434,85,183,183,508,508,557,557,135,184,233,331,380,478,478,19,68,117,117,142,142,467,467,516,146,195,244,244,342,667,736,761,761,810,908,1006,72,72,92],"floor_reached":51,"playtime":2756,"items_purged":["Strike_G","Strike_B","Strike_R+1","Defend_R","Writhe"],"score":937,"play_id":"b2e0d220-3ebf-4592-b306-395599fb3d80","local_time":"20190506192012","daily_mods":["Chimera","Colorless Cards","Midas"],"is_ascension_mode":false,"campfire_choices":[{"floor":12,"key":"REST"},{"floor":15,"key":"REST"},{"floor":32,"key":"REST"},{"data":"1","floor":49,"key":"LIFT"}],"neow_cost":"","seed_source_timestamp":0,"circlet_count":0,"master_deck":["Bash+1","Survivor","Zap","Defend_G","Defend_B","Clothesline","Havoc+1","Headbutt","Metallicize","Armaments+1","Havoc+1","Havoc+1","Shrug It Off+1","Magnetism","Bandage Up+1","Juggernaut","Headbutt","Havoc+1","Flame Barrier+1","Havoc+1","Headbutt+1","The Bomb+1","Flash of Steel+1","Feel No Pain+1","Dark Embrace","Shrug It Off+1","Havoc+1","Havoc+1","Havoc+1","Jack Of All Trades+1","Master of Strategy+1","Mind Blast+1","Deep Breath+1","Deep Breath+1","Whirlwind+1","Shrug It Off+1","Regret","Madness+1","Madness+1","Feel No Pain+1","Havoc+1","Havoc+1","Havoc+1"],"special_seed":18022,"relics":["Burning Blood","Golden Idol","Ginger","Toxic Egg 2","Regal Pillow","Letter Opener","Potion Belt","Black Star","Strange Spoon","Bag of Marbles","Smiling Mask","Ice Cream","The Courier","Champion Belt","Art of War","Blood Vial","WingedGreaves","Happy Flower","Cursed Key","Vajra","Paper Frog","Self Forming Clay","Bag of Preparation","StoneCalendar","Ancient Tea Set","Girya","Frozen Egg 2","Boot","Darkstone Periapt","Oddly Smooth Stone","Ornamental Fan","Frozen Eye","Blue Candle","Centennial Puzzle"],"potions_floor_usage":[8,10,33,40,50],"damage_taken":[{"damage":1,"enemies":"Jaw Worm","floor":1,"turns":5},{"damage":0,"enemies":"Small Slimes","floor":2,"turns":3},{"damage":0,"enemies":"2 Louse","floor":5,"turns":3},{"damage":36,"enemies":"3 Sentries","floor":8,"turns":10},{"damage":16,"enemies":"Large Slime","floor":10,"turns":7},{"damage":5,"enemies":"Lots of Slimes","floor":11,"turns":4},{"damage":14,"enemies":"Lagavulin","floor":14,"turns":6},{"damage":27,"enemies":"Slime Boss","floor":16,"turns":13},{"damage":30,"enemies":"2 Thieves","floor":18,"turns":5},{"damage":0,"enemies":"Spheric Guardian","floor":21,"turns":3},{"damage":3,"enemies":"Chosen and Byrds","floor":22,"turns":6},{"damage":16,"enemies":"Gremlin Leader","floor":23,"turns":6},{"damage":10,"enemies":"Snake Plant","floor":24,"turns":4},{"damage":59,"enemies":"Slavers","floor":25,"turns":5},{"damage":0,"enemies":"Cultist and Chosen","floor":28,"turns":4},{"damage":0,"enemies":"Chosen and Byrds","floor":29,"turns":4},{"damage":12,"enemies":"Collector","floor":33,"turns":5},{"damage":5,"enemies":"Orb Walker","floor":35,"turns":3},{"damage":25,"enemies":"3 Darklings","floor":37,"turns":3},{"damage":0,"enemies":"Spire Growth","floor":38,"turns":4},{"damage":4,"enemies":"Reptomancer","floor":40,"turns":4},{"damage":0,"enemies":"Mind Bloom Boss Battle","floor":41,"turns":5},{"damage":0,"enemies":"Sphere and 2 Shapes","floor":42,"turns":3},{"damage":0,"enemies":"3 Darklings","floor":45,"turns":3},{"damage":4,"enemies":"Giant Head","floor":46,"turns":4},{"damage":11,"enemies":"Reptomancer","floor":47,"turns":5},{"damage":21,"enemies":"Awakened One","floor":50,"turns":6}],"seed_played":"2603549402228900304","potions_obtained":[{"floor":5,"key":"BloodPotion"},{"floor":8,"key":"PowerPotion"},{"floor":14,"key":"Regen Potion"},{"floor":22,"key":"Energy Potion"},{"floor":23,"key":"FearPotion"},{"floor":25,"key":"BloodPotion"},{"floor":28,"key":"Fire Potion"},{"floor":37,"key":"SkillPotion"},{"floor":40,"key":"SteroidPotion"}],"is_trial":false,"path_per_floor":["M","M","?","?","M","?","T","E","T","M","M","R","$","E","R","B",null,"M","?","$","M","M","E","M","E","T","$","M","M","?","T","R","B",null,"M","$","M","M","?","E","?","M","T","?","M","E","E","$","R","B",null],"character_chosen":"IRONCLAD","items_purchased":["Havoc+1","Shrug It Off+1","Magnetism","Strange Spoon","Havoc+1","Flame Barrier+1","Dark Embrace","Art of War","Blood Vial","Shrug It Off+1","Havoc+1","Havoc+1","Vajra","Paper Frog","Oddly Smooth Stone","Ornamental Fan","Frozen Eye","Blue Candle","Centennial Puzzle","Havoc+1","Havoc+1"],"campfire_rested":3,"item_purchase_floors":[13,13,13,20,20,20,27,27,27,27,27,27,36,36,48,48,48,48,48,48,48],"current_hp_per_floor":[80,80,60,44,50,43,43,21,21,11,12,51,51,43,80,59,80,62,62,62,74,80,70,72,25,25,25,39,47,47,47,80,74,80,80,80,67,80,80,80,80,80,80,70,80,80,80,80,80,71],"gold":92,"neow_bonus":"","is_prod":false,"is_daily":true,"chose_seed":false,"campfire_upgraded":0,"win_rate":0,"timestamp":1557159612,"path_taken":["M","M","?","?","M","?","?","E","T","M","M","R","$","E","R","BOSS","M","?","$","M","M","E","M","E","T","$","M","?","?","?","R","BOSS","M","$","M","M","?","E","?","M","T","?","M","E","E","$","R","BOSS"],"build_version":"2019-01-23","purchased_purges":5,"victory":true,"max_hp_per_floor":[80,80,80,80,80,80,80,80,80,80,80,80,80,80,80,80,80,80,80,80,80,80,80,80,80,80,80,80,80,80,80,80,80,80,80,80,80,80,80,80,80,80,80,80,80,80,80,80,80,80],"card_choices":[{"not_picked":["Wild Strike","Dual Wield"],"picked":"Clothesline","floor":1},{"not_picked":["Second Wind","Flex"],"picked":"Havoc","floor":2},{"not_picked":["Wild Strike","Perfected Strike"],"picked":"Headbutt","floor":5},{"not_picked":["Wild Strike","Twin Strike"],"picked":"Metallicize","floor":8},{"not_picked":["Bandage Up+1","Brutality"],"picked":"Armaments+1","floor":10},{"not_picked":["Flex+1","Headbutt"],"picked":"Havoc+1","floor":11},{"not_picked":["Reckless Charge","Iron Wave"],"picked":"Bandage Up+1","floor":14},{"not_picked":["Demon Form","Fiend Fire"],"picked":"Juggernaut","floor":16},{"not_picked":["Carnage","Trip+1"],"picked":"Headbutt","floor":18},{"not_picked":["Perfected Strike+1","Hemokinesis"],"picked":"Havoc+1","floor":21},{"not_picked":["Metallicize","Pommel Strike"],"picked":"Headbutt+1","floor":22},{"not_picked":["Uppercut","Madness+1"],"picked":"The Bomb+1","floor":23},{"not_picked":["Trip+1","Perfected Strike"],"picked":"Flash of Steel+1","floor":24},{"not_picked":["True Grit+1","Sword Boomerang+1"],"picked":"Feel No Pain+1","floor":25},{"not_picked":["Anger+1","Headbutt+1"],"picked":"Havoc+1","floor":28},{"not_picked":["True Grit+1","Spot Weakness+1"],"picked":"Jack Of All Trades+1","floor":29},{"not_picked":["Demon Form","Reaper"],"picked":"Master of Strategy+1","floor":33},{"not_picked":["Dual Wield+1","Wild Strike+1","Armaments+1"],"picked":"SKIP","floor":35},{"not_picked":["Armaments+1","Entrench+1"],"picked":"Mind Blast+1","floor":37},{"not_picked":["Carnage+1","Rupture"],"picked":"Deep Breath+1","floor":38},{"not_picked":["Entrench+1","Shrug It Off+1"],"picked":"Deep Breath+1","floor":40},{"not_picked":["Heavy Blade","Bandage Up+1"],"picked":"Whirlwind+1","floor":41},{"not_picked":["Rage+1","Thunderclap"],"picked":"Shrug It Off+1","floor":42},{"not_picked":["Perfected Strike+1","Second Wind+1"],"picked":"Feel No Pain+1","floor":45},{"not_picked":["Perfected Strike+1","Heavy Blade+1"],"picked":"Havoc+1","floor":46},{"not_picked":["Intimidate+1","Flex+1","Sword Boomerang"],"picked":"SKIP","floor":47}],"player_experience":759497,"relics_obtained":[{"floor":7,"key":"Toxic Egg 2"},{"floor":8,"key":"Regal Pillow"},{"floor":9,"key":"Letter Opener"},{"floor":14,"key":"Potion Belt"},{"floor":23,"key":"Bag of Marbles"},{"floor":23,"key":"Smiling Mask"},{"floor":25,"key":"Ice Cream"},{"floor":25,"key":"The Courier"},{"floor":26,"key":"Champion Belt"},{"floor":31,"key":"Happy Flower"},{"floor":40,"key":"Self Forming Clay"},{"floor":40,"key":"Bag of Preparation"},{"floor":41,"key":"StoneCalendar"},{"floor":43,"key":"Ancient Tea Set"},{"floor":46,"key":"Girya"},{"floor":46,"key":"Frozen Egg 2"},{"floor":47,"key":"Boot"},{"floor":47,"key":"Darkstone Periapt"}],"event_choices":[{"damage_healed":0,"gold_gain":0,"player_choice":"Take Damage","damage_taken":20,"relics_obtained":["Golden Idol"],"max_hp_gain":0,"max_hp_loss":0,"event_name":"Golden Idol","floor":3,"gold_loss":0},{"damage_healed":0,"gold_gain":0,"player_choice":"Entered Light","damage_taken":16,"max_hp_gain":0,"max_hp_loss":0,"event_name":"Shining Light","floor":4,"gold_loss":0,"cards_upgraded":["Strike_R","Bash"]},{"damage_healed":0,"gold_gain":0,"player_choice":"Success","damage_taken":7,"relics_obtained":["Ginger"],"max_hp_gain":0,"max_hp_loss":0,"event_name":"Scrap Ooze","floor":6,"gold_loss":0},{"damage_healed":0,"gold_gain":0,"player_choice":"Upgraded","damage_taken":0,"max_hp_gain":0,"max_hp_loss":0,"event_name":"Upgrade Shrine","floor":19,"gold_loss":0,"cards_upgraded":["Havoc"]},{"damage_healed":0,"gold_gain":0,"player_choice":"Opened","damage_taken":0,"relics_obtained":["WingedGreaves"],"max_hp_gain":0,"max_hp_loss":0,"event_name":"The Mausoleum","floor":30,"gold_loss":0,"cards_obtained":["Writhe"]},{"damage_healed":0,"gold_gain":0,"player_choice":"Ignored","damage_taken":0,"max_hp_gain":0,"max_hp_loss":0,"event_name":"Tomb of Lord Red Mask","floor":39,"gold_loss":0},{"damage_healed":0,"gold_gain":0,"player_choice":"Fight","damage_taken":0,"max_hp_gain":0,"max_hp_loss":0,"event_name":"MindBloom","floor":41,"gold_loss":0},{"damage_healed":0,"gold_gain":0,"player_choice":"Embrace Madness","damage_taken":10,"max_hp_gain":0,"max_hp_loss":0,"event_name":"Winding Halls","floor":44,"gold_loss":0,"cards_obtained":["Madness","Madness"]}],"is_beta":false,"boss_relics":[{"not_picked":["Empty Cage","Pandora\u0027s Box"],"picked":"Black Star"},{"not_picked":["Lizard Tail","Astrolabe"],"picked":"Cursed Key"}],"items_purged_floors":[13,20,27,36,48],"is_endless":false,"potions_floor_spawned":[5,8,14,22,23,25,28,37,40,41],"ascension_level":0}