{"gold_per_floor":[109,109,5,5,5,35,35,66,102,124,165,193,232,55,55,130,130,143,143,18,18,18,18,18],"floor_reached":24,"playtime":765,"items_purged":["Regret","Strike_B","Strike_B"],"score":536,"play_id":"b3c386b1-305b-4a5f-b231-0ffe1567d40a","local_time":"20190501165627","is_ascension_mode":true,"campfire_choices":[{"data":"1","floor":7,"key":"LIFT"},{"data":"Defragment","floor":15,"key":"SMITH"},{"data":"2","floor":23,"key":"LIFT"}],"neow_cost":"NONE","seed_source_timestamp":3351577390989793,"circlet_count":0,"master_deck":["AscendersBane","Defend_B+1","Defend_B+1","Defend_B","Defend_B","Zap","Dualcast","Cold Snap","Barrage","Ball Lightning","Ball Lightning","Go for the Eyes","Loop","BootSequence","Defragment+1","Reboot","Chaos","Redo","Genetic Algorithm"],"relics":["Cracked Core","NeowsBlessing","Girya","DataDisk","MawBank","Omamori","Blood Vial","Gremlin Horn","Cursed Key","Incense Burner"],"potions_floor_usage":[13,16,16],"damage_taken":[{"damage":0,"enemies":"2 Louse","floor":1,"turns":1},{"damage":0,"enemies":"Lagavulin","floor":6,"turns":1},{"damage":0,"enemies":"3 Sentries","floor":8,"turns":1},{"damage":7,"enemies":"Jaw Worm","floor":10,"turns":2},{"damage":1,"enemies":"Gremlin Nob","floor":11,"turns":3},{"damage":0,"enemies":"Small Slimes","floor":12,"turns":2},{"damage":7,"enemies":"3 Sentries","floor":13,"turns":4},{"damage":13,"enemies":"The Guardian","floor":16,"turns":9},{"damage":2,"enemies":"3 Byrds","floor":18,"turns":3},{"damage":68,"enemies":"Slavers","floor":24,"turns":3}],"seed_played":"1656907857220523939","potions_obtained":[{"floor":1,"key":"Fire Potion"},{"floor":10,"key":"Fire Potion"},{"floor":13,"key":"Regen Potion"}],"is_trial":false,"path_per_floor":["M","?","$","?","?","E","R","E","T","M","E","M","E","$","R","B",null,"M","?","$","?","$","R","E"],"character_chosen":"DEFECT","items_purchased":["Cold Snap","Defragment"],"campfire_rested":0,"item_purchase_floors":[3,14],"current_hp_per_floor":[64,64,64,64,43,43,43,43,43,36,35,37,32,32,32,36,62,62,62,62,62,62,62,0],"gold":18,"neow_bonus":"THREE_ENEMY_KILL","is_prod":false,"is_daily":false,"chose_seed":false,"campfire_upgraded":1,"win_rate":0,"timestamp":1556726187,"path_taken":["M","?","$","?","?","E","R","E","T","M","E","M","E","$","R","BOSS","M","?","$","?","$","R","E"],"build_version":"2019-01-23","purchased_purges":3,"victory":false,"max_hp_per_floor":[71,71,71,71,71,71,71,71,71,71,71,71,71,71,71,71,71,71,71,71,71,71,71,71],"card_choices":[{"not_picked":["Scrape","Turbo","Chaos"],"picked":"SKIP","floor":1},{"not_picked":["Consume","Storm"],"picked":"Barrage","floor":6},{"not_picked":["Sunder","Machine Learning"],"picked":"Ball Lightning","floor":8},{"not_picked":["Auto Shields","Double Energy"],"picked":"Ball Lightning","floor":10},{"not_picked":["Turbo","Compile Driver"],"picked":"Go for the Eyes","floor":11},{"not_picked":["Go for the Eyes","Conserve Battery"],"picked":"Loop","floor":12},{"not_picked":["Rebound","Recycle"],"picked":"BootSequence","floor":13},{"not_picked":["Meteor Strike","Rainbow"],"picked":"Reboot","floor":16},{"not_picked":["Genetic Algorithm","Loop"],"picked":"Chaos","floor":18}],"player_experience":277110,"relics_obtained":[{"floor":6,"key":"DataDisk"},{"floor":8,"key":"MawBank"},{"floor":9,"key":"Omamori"},{"floor":11,"key":"Blood Vial"},{"floor":13,"key":"Gremlin Horn"}],"event_choices":[{"damage_healed":0,"gold_gain":0,"player_choice":"Box","damage_taken":0,"relics_obtained":["Girya"],"max_hp_gain":0,"max_hp_loss":0,"event_name":"Big Fish","floor":2,"gold_loss":0,"cards_obtained":["Regret"]},{"damage_healed":0,"gold_gain":0,"player_choice":"Ignored","damage_taken":0,"max_hp_gain":0,"max_hp_loss":0,"event_name":"Liars Game","floor":4,"gold_loss":0},{"damage_healed":0,"gold_gain":0,"player_choice":"Entered Light","damage_taken":21,"max_hp_gain":0,"max_hp_loss":0,"event_name":"Shining Light","floor":5,"gold_loss":0,"cards_upgraded":["Defend_B","Defend_B"]},{"damage_healed":0,"gold_gain":0,"cards_transformed":["Strike_B","Strike_B"],"player_choice":"Became Test Subject","damage_taken":0,"max_hp_gain":0,"max_hp_loss":0,"event_name":"Drug Dealer","floor":19,"gold_loss":0,"cards_obtained":["Redo","Genetic Algorithm"]},{"damage_healed":0,"gold_gain":0,"player_choice":"Opened","damage_taken":0,"relics_obtained":["Incense Burner"],"max_hp_gain":0,"max_hp_loss":0,"event_name":"The Mausoleum","floor":21,"gold_loss":0,"cards_obtained":["Writhe"]}],"is_beta":false,"boss_relics":[{"not_picked":["Snecko Eye","Velvet Choker"],"picked":"Cursed Key"}],"items_purged_floors":[3,14,20],"is_endless":false,"potions_floor_spawned":[1,10,11,13],"killed_by":"Slavers","ascension_level":20}