{"gold_per_floor":[112,126,143,155,80,111,111,128,128,28,38,54,54,354],"floor_reached":14,"playtime":856,"items_purged":["Defend_G","Strike_G"],"score":127,"play_id":"d5856964-511d-4609-8df0-5a914e153f0c","local_time":"20190506172505","is_ascension_mode":true,"campfire_choices":[{"floor":7,"key":"REST"}],"neow_cost":"NONE","seed_source_timestamp":385801080577626,"circlet_count":0,"master_deck":["Defend_G","Defend_G","Defend_G","Defend_G","Strike_G","Strike_G","Strike_G","Strike_G","Survivor","Neutralize","Noxious Fumes+1","Deadly Poison"],"relics":["Ring of the Snake","Bag of Preparation","Bottled Lightning","Bottled Flame","Old Coin"],"potions_floor_usage":[6,6,11],"damage_taken":[{"damage":3,"enemies":"Small Slimes","floor":1,"turns":6},{"damage":1,"enemies":"Jaw Worm","floor":2,"turns":5},{"damage":0,"enemies":"2 Louse","floor":3,"turns":4},{"damage":3,"enemies":"Looter","floor":4,"turns":4},{"damage":10,"enemies":"3 Sentries","floor":6,"turns":7},{"damage":2,"enemies":"2 Fungi Beasts","floor":8,"turns":4},{"damage":21,"enemies":"Exordium Thugs","floor":11,"turns":7},{"damage":22,"enemies":"Gremlin Gang","floor":12,"turns":6},{"damage":25,"enemies":"Gremlin Nob","floor":14,"turns":3}],"seed_played":"-6145118186219019730","potions_obtained":[{"floor":3,"key":"EssenceOfSteel"},{"floor":4,"key":"AttackPotion"},{"floor":8,"key":"EssenceOfSteel"}],"is_trial":false,"path_per_floor":["M","M","M","M","$","E","R","M","T","$","M","M","?","?"],"character_chosen":"THE_SILENT","items_purchased":[],"campfire_rested":1,"item_purchase_floors":[],"current_hp_per_floor":[60,59,59,56,56,46,67,65,65,65,44,22,22,0],"gold":354,"neow_bonus":"RANDOM_COMMON_RELIC","is_prod":false,"is_daily":false,"chose_seed":false,"campfire_upgraded":0,"win_rate":0,"timestamp":1557156305,"path_taken":["M","M","M","M","$","E","R","M","T","$","M","M","?","?"],"build_version":"2019-01-23","purchased_purges":2,"victory":false,"max_hp_per_floor":[70,70,70,70,70,70,70,70,70,70,70,70,70,70],"card_choices":[{"not_picked":["Poisoned Stab","Escape Plan"],"picked":"Noxious Fumes","floor":1},{"not_picked":["Outmaneuver","Calculated Gamble","Prepared"],"picked":"SKIP","floor":2},{"not_picked":["Dagger Spray","Distraction","Dash"],"picked":"SKIP","floor":3},{"not_picked":["Endless Agony","Dagger Spray","Dagger Throw"],"picked":"SKIP","floor":4},{"not_picked":["Cloak And Dagger","Backflip","Dagger Spray"],"picked":"SKIP","floor":6},{"not_picked":["Blade Dance","Accuracy","Dagger Throw"],"picked":"SKIP","floor":8},{"not_picked":["Reflex","All Out Attack","Wraith Form v2"],"picked":"SKIP","floor":11},{"not_picked":["Outmaneuver","Blade Dance"],"picked":"Deadly Poison","floor":12}],"player_experience":409021,"relics_obtained":[{"floor":6,"key":"Bottled Lightning"},{"floor":9,"key":"Bottled Flame"}],"event_choices":[{"damage_healed":0,"gold_gain":0,"player_choice":"Grow","damage_taken":0,"max_hp_gain":0,"max_hp_loss":0,"event_name":"Living Wall","floor":13,"gold_loss":0,"cards_upgraded":["Noxious Fumes"]},{"damage_healed":0,"gold_gain":0,"player_choice":"Searched \u00272\u0027 times","damage_taken":0,"relics_obtained":["Old Coin"],"max_hp_gain":0,"max_hp_loss":0,"event_name":"Dead Adventurer","floor":14,"gold_loss":0}],"is_beta":false,"boss_relics":[],"items_purged_floors":[5,10],"is_endless":false,"potions_floor_spawned":[3,4,8],"killed_by":"Gremlin Nob","ascension_level":7}