{"gold_per_floor":[119,38,38,56,70,102,120,120,120,45,0,14,45,62,62,140,140,123,48,61,61,73,73,103,116,196,101,101,116,131,144,144,219,219,235,235,251,269,269,269,302,302,302,321,321,321,333,333],"floor_reached":48,"playtime":3674,"items_purged":["Strike_R"],"score":843,"play_id":"697ad0bd-2c0c-4f37-bebd-4dccdef09a78","local_time":"20190317191429","is_ascension_mode":true,"campfire_choices":[{"data":"Spot Weakness","floor":8,"key":"SMITH"},{"floor":15,"key":"REST"},{"data":"Demon Form","floor":23,"key":"SMITH"},{"data":"Pummel","floor":28,"key":"SMITH"},{"floor":32,"key":"REST"},{"data":"Double Tap","floor":40,"key":"SMITH"},{"floor":42,"key":"REST"},{"floor":45,"key":"REST"}],"neow_cost":"NONE","seed_source_timestamp":518488766435818,"circlet_count":0,"master_deck":["AscendersBane","Strike_R","Defend_R","Defend_R","Defend_R","Bash","Iron Wave","Dropkick","Spot Weakness+1","Spot Weakness","Shrug It Off","Shockwave","Juggernaut","Demon Form+1","Pummel+1","Twin Strike","Sword Boomerang","Whirlwind","Dropkick","Dark Shackles","Double Tap+1","Reaper+1","Juggernaut+1","True Grit+1","Flash of Steel","Battle Trance+1"],"relics":["Burning Blood","Anchor","Oddly Smooth Stone","Mummified Hand","Sozu","Pantograph","Letter Opener","Astrolabe","Mercury Hourglass","Art of War"],"potions_floor_usage":[13,16,16],"damage_taken":[{"damage":2,"enemies":"2 Louse","floor":1,"turns":2},{"damage":14,"enemies":"Small Slimes","floor":4,"turns":3},{"damage":7,"enemies":"Jaw Worm","floor":5,"turns":2},{"damage":35,"enemies":"3 Sentries","floor":6,"turns":9},{"damage":0,"enemies":"Exordium Wildlife","floor":7,"turns":4},{"damage":4,"enemies":"3 Louse","floor":12,"turns":4},{"damage":17,"enemies":"Lagavulin","floor":13,"turns":6},{"damage":2,"enemies":"Blue Slaver","floor":14,"turns":4},{"damage":59,"enemies":"Hexaghost","floor":16,"turns":10},{"damage":9,"enemies":"2 Thieves","floor":18,"turns":4},{"damage":44,"enemies":"Spheric Guardian","floor":20,"turns":5},{"damage":0,"enemies":"Snake Plant","floor":22,"turns":2},{"damage":35,"enemies":"Slavers","floor":24,"turns":6},{"damage":6,"enemies":"Centurion and Healer","floor":25,"turns":3},{"damage":13,"enemies":"Chosen and Byrds","floor":29,"turns":4},{"damage":24,"enemies":"Snake Plant","floor":30,"turns":5},{"damage":9,"enemies":"Sentry and Sphere","floor":31,"turns":4},{"damage":52,"enemies":"Champ","floor":33,"turns":9},{"damage":14,"enemies":"Orb Walker","floor":35,"turns":4},{"damage":24,"enemies":"3 Darklings","floor":37,"turns":5},{"damage":67,"enemies":"Jaw Worm Horde","floor":38,"turns":5},{"damage":43,"enemies":"Nemesis","floor":41,"turns":5},{"damage":38,"enemies":"Maw","floor":44,"turns":6},{"damage":41,"enemies":"Sphere and 2 Shapes","floor":47,"turns":5},{"damage":18,"enemies":"Spire Growth","floor":48,"turns":2}],"seed_played":"-1028120693778428453","potions_obtained":[{"floor":1,"key":"SpeedPotion"},{"floor":7,"key":"GamblersBrew"},{"floor":13,"key":"SkillPotion"},{"floor":14,"key":"Strength Potion"}],"is_trial":false,"path_per_floor":["M","$","?","M","M","E","M","R","T","$","?","M","E","M","R","B",null,"M","?","M","?","M","R","E","M","T","$","R","M","M","M","R","B",null,"M","$","M","M","?","R","E","R","T","M","R","?","M","M"],"character_chosen":"IRONCLAD","items_purchased":["Dropkick","Dark Shackles"],"campfire_rested":4,"item_purchase_floors":[2,27],"current_hp_per_floor":[79,79,84,76,75,46,52,52,52,52,52,54,43,47,73,20,70,67,67,29,58,64,64,35,35,35,35,35,28,10,7,33,12,68,76,76,82,56,56,56,19,45,45,13,39,39,13,0],"gold":333,"neow_bonus":"TEN_PERCENT_HP_BONUS","is_prod":false,"is_daily":false,"chose_seed":false,"campfire_upgraded":4,"win_rate":0,"timestamp":1552850069,"path_taken":["M","$","?","M","M","E","M","R","T","$","?","M","E","M","R","BOSS","M","?","M","?","M","R","E","M","T","$","R","M","M","M","R","BOSS","M","$","M","M","?","R","E","R","T","M","R","?","M","M"],"build_version":"2019-01-23","purchased_purges":1,"victory":false,"max_hp_per_floor":[82,82,87,87,87,87,87,87,87,87,87,87,87,87,87,87,87,87,87,87,87,87,87,87,87,87,87,87,87,87,87,87,87,87,87,87,87,87,87,87,87,87,87,87,87,87,87,87],"card_choices":[{"not_picked":["Second Wind","Corruption"],"picked":"Iron Wave","floor":1},{"not_picked":["Thunderclap","Perfected Strike"],"picked":"Spot Weakness","floor":4},{"not_picked":["Rampage","Thunderclap"],"picked":"Spot Weakness","floor":5},{"not_picked":["Headbutt","Brutality"],"picked":"Shrug It Off","floor":6},{"not_picked":["Infernal Blade","Havoc"],"picked":"Shockwave","floor":7},{"not_picked":["Heavy Blade","Clash","Shockwave"],"picked":"SKIP","floor":12},{"not_picked":["Intimidate","Havoc"],"picked":"Juggernaut","floor":13},{"not_picked":["Pommel Strike","Wild Strike","Power Through"],"picked":"SKIP","floor":14},{"not_picked":["Feed","Bludgeon"],"picked":"Demon Form","floor":16},{"not_picked":["Flex","Cleave"],"picked":"Pummel","floor":18},{"not_picked":["Searing Blow","Flex"],"picked":"Twin Strike","floor":20},{"not_picked":["Spot Weakness","Clash"],"picked":"Sword Boomerang","floor":22},{"not_picked":["Offering","Thunderclap"],"picked":"Whirlwind","floor":24},{"not_picked":["Flex+1","Havoc"],"picked":"Dropkick","floor":25},{"not_picked":["Body Slam","Clothesline","Sword Boomerang"],"picked":"SKIP","floor":29},{"not_picked":["Blood for Blood","Twin Strike","Havoc"],"picked":"SKIP","floor":30},{"not_picked":["Heavy Blade","Uppercut","Shockwave"],"picked":"SKIP","floor":31},{"not_picked":["Dark Embrace","Exhume"],"picked":"Double Tap","floor":33},{"not_picked":["Clash","Shrug It Off","Clothesline"],"picked":"SKIP","floor":35},{"not_picked":["Searing Blow+1","Shrug It Off","Wild Strike"],"picked":"SKIP","floor":37},{"not_picked":["Reckless Charge","Burning Pact","Exhume"],"picked":"SKIP","floor":38},{"not_picked":["Finesse","Trip"],"picked":"Flash of Steel","floor":39},{"not_picked":["Perfected Strike","Bloodletting","True Grit"],"picked":"SKIP","floor":41},{"not_picked":["Wild Strike","Anger+1","True Grit"],"picked":"SKIP","floor":44},{"not_picked":["Perfected Strike","Shrug It Off"],"picked":"Battle Trance+1","floor":47}],"player_experience":1587014,"relics_obtained":[{"floor":6,"key":"Anchor"},{"floor":9,"key":"Oddly Smooth Stone"},{"floor":13,"key":"Mummified Hand"},{"floor":24,"key":"Pantograph"},{"floor":26,"key":"Letter Opener"},{"floor":41,"key":"Mercury Hourglass"},{"floor":43,"key":"Art of War"}],"event_choices":[{"damage_healed":0,"gold_gain":0,"player_choice":"Donut","damage_taken":0,"max_hp_gain":5,"max_hp_loss":0,"event_name":"Big Fish","floor":3,"gold_loss":0},{"damage_healed":0,"gold_gain":0,"player_choice":"Left Gold","damage_taken":0,"max_hp_gain":0,"max_hp_loss":0,"event_name":"World of Goop","floor":11,"gold_loss":45},{"cards_removed":["Strike_R"],"damage_healed":0,"gold_gain":0,"player_choice":"Gave Gold","damage_taken":0,"max_hp_gain":0,"max_hp_loss":0,"event_name":"Beggar","floor":19,"gold_loss":75},{"damage_healed":29,"gold_gain":0,"player_choice":"Heal","damage_taken":0,"max_hp_gain":0,"max_hp_loss":0,"event_name":"The Library","floor":21,"gold_loss":0},{"damage_healed":0,"gold_gain":0,"player_choice":"Memory 1","damage_taken":0,"max_hp_gain":0,"max_hp_loss":0,"event_name":"SensoryStone","floor":39,"gold_loss":0},{"damage_healed":0,"gold_gain":0,"player_choice":"Ignored","damage_taken":0,"max_hp_gain":0,"max_hp_loss":0,"event_name":"The Moai Head","floor":46,"gold_loss":0}],"is_beta":false,"boss_relics":[{"not_picked":["Snecko Eye","Orrery"],"picked":"Sozu"},{"not_picked":["Runic Dome","Eternal Feather"],"picked":"Astrolabe"}],"items_purged_floors":[10],"is_endless":false,"potions_floor_spawned":[1,7,13,14,18,22,29,30,31,37,38,41,47],"killed_by":"Spire Growth","ascension_level":14}