{"gold_per_floor":[113,113,113,9,9,37,98,38,65,65,115,129,129,140,140,245,245,257,337,302,312,52,52,81,99,99,99,149,162,162,59,59,162,162,175,225,375,61,81,81,92,197,251,251,301,301,332,343,343,343],"floor_reached":50,"playtime":3301,"items_purged":["Strike_B","Strike_B"],"score":509,"play_id":"c005977a-ac6d-4fd2-b9ae-70e2eabb0f32","local_time":"20190130191753","is_ascension_mode":false,"campfire_choices":[{"data":"Loop","floor":10.0,"key":"SMITH"},{"data":"Genetic Algorithm","floor":13.0,"key":"SMITH"},{"data":"Hello World","floor":15.0,"key":"SMITH"},{"floor":23.0,"key":"REST"},{"floor":27.0,"key":"REST"},{"floor":30,"key":"REST"},{"floor":32,"key":"REST"},{"data":"Conserve Battery","floor":40,"key":"SMITH"},{"floor":44,"key":"REST"},{"floor":46,"key":"REST"},{"data":"Conserve Battery","floor":49,"key":"SMITH"}],"neow_cost":"NONE","seed_source_timestamp":0,"circlet_count":0,"master_deck":["Defend_B","Zap","Dualcast","Undo","Conserve Battery+1","Ball Lightning","Loop+1","Genetic Algorithm+1","Hello World+1","Seek","Melter","Genetic Algorithm","Capacitor+1","Streamline+1","Electrodynamics","Loop+1","Rip and Tear+1","All For One+1","Consume+1","Self Repair","Rebound","Fusion+1","Madness","Madness","Conserve Battery+1","Conserve Battery+1"],"special_seed":0,"relics":["Cracked Core","SsserpentHead","Incense Burner","PreservedInsect","Potion Belt","Black Star","Red Mask","Gremlin Horn","Bottled Tornado","Happy Flower","Ornamental Fan","Unceasing Top","MutagenicStrength","Vajra","Astrolabe","Torii","Lantern","Dead Branch","Anchor","Molten Egg 2","Meat on the Bone"],"potions_floor_usage":[33,33,39,42,50],"damage_taken":[{"damage":1.0,"enemies":"Jaw Worm","floor":1.0,"turns":3.0},{"damage":12.0,"enemies":"Gremlin Nob","floor":6.0,"turns":5.0},{"damage":2.0,"enemies":"Small Slimes","floor":7.0,"turns":3.0},{"damage":3.0,"enemies":"2 Louse","floor":12.0,"turns":3.0},{"damage":0.0,"enemies":"Red Slaver","floor":14.0,"turns":4.0},{"damage":34.0,"enemies":"Slime Boss","floor":16.0,"turns":9.0},{"damage":0.0,"enemies":"Shell Parasite","floor":18.0,"turns":6.0},{"damage":45.0,"enemies":"Masked Bandits","floor":19.0,"turns":5.0},{"damage":4.0,"enemies":"Chosen","floor":21.0,"turns":5.0},{"damage":37.0,"enemies":"Slavers","floor":24.0,"turns":4.0},{"damage":9.0,"enemies":"Sentry and Sphere","floor":25.0,"turns":5.0},{"damage":8.0,"enemies":"Shelled Parasite and Fungi","floor":29.0,"turns":6.0},{"damage":14,"enemies":"Automaton","floor":33,"turns":10},{"damage":14,"enemies":"Orb Walker","floor":35,"turns":4},{"damage":8,"enemies":"Mind Bloom Boss Battle","floor":37,"turns":7},{"damage":4,"enemies":"3 Darklings","floor":39,"turns":5},{"damage":2,"enemies":"Transient","floor":41,"turns":5},{"damage":36,"enemies":"2 Orb Walkers","floor":42,"turns":5},{"damage":7,"enemies":"Nemesis","floor":47,"turns":7},{"damage":33,"enemies":"Maw","floor":48,"turns":8},{"damage":55,"enemies":"Time Eater","floor":50,"turns":5}],"seed_played":"8538488007806056868","potions_obtained":[{"floor":1.0,"key":"SteroidPotion"},{"floor":12.0,"key":"Swift Potion"},{"floor":14.0,"key":"SteroidPotion"},{"floor":18.0,"key":"Explosive Potion"},{"floor":21.0,"key":"Dexterity Potion"},{"floor":25.0,"key":"EssenceOfSteel"},{"floor":33,"key":"SkillPotion"},{"floor":41,"key":"FocusPotion"},{"floor":47,"key":"Poison Potion"}],"is_trial":false,"path_per_floor":["M","?","?","$","?","E","M","$","T","R","?","M","R","M","R","B",null,"M","?","?","M","$","R","E","M","T","R","?","M","R","$","R","B",null,"M","?","?","$","M","R","M","?","T","R","?","R","E","M","R","B"],"character_chosen":"DEFECT","items_purchased":["Conserve Battery","Ball Lightning","Hello World","Bottled Tornado","Vajra","Self Repair","Lantern"],"campfire_rested":6,"item_purchase_floors":[4,4,8,22,31,38,38],"current_hp_per_floor":[74,67,72,72,72,60,58,58,58,58,58,55,55,55,55,21,80,80,35,35,31,31,55,18,9,9,33,33,25,49,49,73,59,80,66,66,58,58,61,61,66,37,37,61,51,75,75,49,49,0],"gold":343,"neow_bonus":"REMOVE_CARD","is_prod":false,"is_daily":false,"chose_seed":false,"campfire_upgraded":5,"win_rate":0.0,"timestamp":1548872273,"path_taken":["M","?","?","$","?","E","?","?","T","R","?","M","R","M","R","BOSS","M","?","?","M","$","R","E","M","T","R","?","M","R","?","R","BOSS","M","?","?","$","M","R","M","?","T","R","?","R","E","M","R","BOSS"],"build_version":"2019-01-23","purchased_purges":2,"victory":false,"max_hp_per_floor":[75,75,80,80,80,80,80,80,80,80,80,80,80,80,80,80,80,80,80,80,80,80,80,80,80,80,80,80,80,80,80,80,80,80,80,80,80,80,80,80,80,80,80,80,80,80,80,80,80,80],"card_choices":[{"not_picked":["Compile Driver","Auto Shields"],"picked":"Undo","floor":1.0},{"not_picked":["Aggregate","Sweeping Beam"],"picked":"Loop","floor":6.0},{"not_picked":["Sunder","Double Energy"],"picked":"Genetic Algorithm","floor":7.0},{"not_picked":["Coolheaded","Undo","Beam Cell"],"picked":"SKIP","floor":12.0},{"not_picked":["Cold Snap","Gash","Steam"],"picked":"SKIP","floor":14.0},{"not_picked":["All For One","Thunder Strike"],"picked":"Seek","floor":16.0},{"not_picked":["Cold Snap","Stack"],"picked":"Melter","floor":18.0},{"not_picked":["Gash","Melter"],"picked":"Genetic Algorithm","floor":19.0},{"not_picked":["Steam+1","Leap"],"picked":"Hello World","floor":21.0},{"not_picked":["Go for the Eyes","Lockon"],"picked":"Capacitor+1","floor":24.0},{"not_picked":["Beam Cell+1","Hello World+1"],"picked":"Streamline+1","floor":25.0},{"not_picked":["Stack","Redo","Hologram"],"picked":"SKIP","floor":29.0},{"not_picked":["Rainbow","Meteor Strike"],"picked":"Electrodynamics","floor":33},{"not_picked":["Barrage+1","Sunder","Hello World"],"picked":"SKIP","floor":35},{"not_picked":["Steam","Redo"],"picked":"Consume+1","floor":37},{"not_picked":["Beam Cell","Turbo"],"picked":"Rebound","floor":39},{"not_picked":["Gash","Sweeping Beam"],"picked":"Fusion+1","floor":41},{"not_picked":["Leap","Biased Cognition"],"picked":"Conserve Battery","floor":47},{"not_picked":["Cold Snap+1","Beam Cell+1"],"picked":"Conserve Battery+1","floor":48}],"player_experience":93070,"relics_obtained":[{"floor":6.0,"key":"Incense Burner"},{"floor":9.0,"key":"PreservedInsect"},{"floor":19.0,"key":"Red Mask"},{"floor":24.0,"key":"Happy Flower"},{"floor":24.0,"key":"Ornamental Fan"},{"floor":26.0,"key":"Unceasing Top"},{"floor":37,"key":"Torii"},{"floor":42,"key":"Dead Branch"},{"floor":43,"key":"Anchor"},{"floor":47,"key":"Molten Egg 2"},{"floor":47,"key":"Meat on the Bone"}],"event_choices":[{"cards_removed":["Strike_B"],"damage_healed":0.0,"max_hp_gain":0.0,"max_hp_loss":0.0,"gold_gain":0.0,"event_name":"Golden Wing","player_choice":"Card Removal","floor":2.0,"gold_loss":0.0,"damage_taken":7.0},{"damage_healed":0.0,"max_hp_gain":5.0,"max_hp_loss":0.0,"gold_gain":0.0,"event_name":"Big Fish","player_choice":"Donut","floor":3.0,"gold_loss":0.0,"damage_taken":0.0},{"damage_healed":0.0,"max_hp_gain":0.0,"max_hp_loss":0.0,"gold_gain":0.0,"event_name":"FaceTrader","player_choice":"Trade","floor":5.0,"gold_loss":0.0,"damage_taken":0.0,"relics_obtained":["SsserpentHead"]},{"damage_healed":0.0,"max_hp_gain":0.0,"max_hp_loss":0.0,"gold_gain":0.0,"event_name":"WeMeetAgain","player_choice":"Gave Potion","floor":11.0,"gold_loss":0.0,"damage_taken":0.0,"relics_obtained":["Potion Belt"]},{"damage_healed":0.0,"max_hp_gain":0.0,"max_hp_loss":0.0,"gold_gain":0.0,"event_name":"Masked Bandits","player_choice":"Fought Bandits","floor":19.0,"gold_loss":0.0,"damage_taken":0.0},{"damage_healed":0.0,"max_hp_gain":0.0,"max_hp_loss":0.0,"gold_gain":0.0,"event_name":"Addict","player_choice":"Obtained Relic","floor":20.0,"gold_loss":85.0,"damage_taken":0.0,"relics_obtained":["Gremlin Horn"]},{"damage_healed":0.0,"max_hp_gain":0.0,"max_hp_loss":0.0,"gold_gain":0.0,"event_name":"Drug Dealer","player_choice":"Inject Mutagens","floor":28.0,"gold_loss":0.0,"damage_taken":0.0,"relics_obtained":["MutagenicStrength"]},{"cards_removed":["Hello World"],"damage_healed":0,"gold_gain":0,"player_choice":"Removed Power","damage_taken":0,"max_hp_gain":0,"max_hp_loss":0,"event_name":"Falling","floor":36,"gold_loss":0},{"damage_healed":0,"gold_gain":0,"player_choice":"Fight","damage_taken":0,"max_hp_gain":0,"max_hp_loss":0,"event_name":"MindBloom","floor":37,"gold_loss":0},{"damage_healed":0,"gold_gain":0,"player_choice":"Fight","damage_taken":0,"max_hp_gain":0,"max_hp_loss":0,"event_name":"Mysterious Sphere","floor":42,"gold_loss":0},{"damage_healed":0,"gold_gain":0,"player_choice":"Embrace Madness","damage_taken":10,"max_hp_gain":0,"max_hp_loss":0,"event_name":"Winding Halls","floor":45,"gold_loss":0,"cards_obtained":["Madness","Madness"]}],"is_beta":false,"boss_relics":[{"not_picked":["Ectoplasm","Philosopher\u0027s Stone"],"picked":"Black Star"},{"not_picked":["Coffee Dripper","Runic Dome"],"picked":"Astrolabe"}],"items_purged_floors":[8,38],"is_endless":false,"potions_floor_spawned":[1,12,14,18,21,25,33,41,47],"killed_by":"Time Eater","ascension_level":0}