{"gold_per_floor":[118,193,212,4,19,19,54,54,54,70,11,37,47,47,47,47],"floor_reached":16,"playtime":568,"items_purged":["Strike_R"],"score":185,"play_id":"7cd6f8dc-e45a-4da3-9ad2-8640184aa1f9","local_time":"20190426092415","is_ascension_mode":true,"campfire_choices":[{"data":"Searing Blow","floor":6,"key":"SMITH"},{"data":"Searing Blow+1","floor":8,"key":"SMITH"},{"data":"Searing Blow+2","floor":15,"key":"SMITH"}],"neow_cost":"NONE","seed_source_timestamp":0,"circlet_count":0,"master_deck":["AscendersBane","Strike_R","Strike_R","Strike_R","Strike_R","Defend_R","Defend_R","Defend_R","Defend_R","Bash","Anger","Shockwave","Armaments","Searing Blow+3","Sword Boomerang","Carnage","Pummel","True Grit","Armaments","Shockwave","Injury"],"special_seed":0,"relics":["Burning Blood","Potion Belt","Sundial","Odd Mushroom","Golden Idol"],"potions_floor_usage":[10,16,16],"damage_taken":[{"damage":2,"enemies":"Cultist","floor":1,"turns":4},{"damage":15,"enemies":"Small Slimes","floor":3,"turns":4},{"damage":0,"enemies":"2 Louse","floor":5,"turns":3},{"damage":24,"enemies":"Gremlin Nob","floor":7,"turns":4},{"damage":6,"enemies":"Looter","floor":10,"turns":3},{"damage":4,"enemies":"The Mushroom Lair","floor":12,"turns":4},{"damage":0,"enemies":"Large Slime","floor":13,"turns":4},{"damage":69,"enemies":"Slime Boss","floor":16,"turns":11}],"seed_played":"3254263566995920144","potions_obtained":[{"floor":5,"key":"Swift Potion"},{"floor":7,"key":"BloodPotion"},{"floor":12,"key":"AttackPotion"}],"is_trial":false,"path_per_floor":["M","?","M","$","M","R","E","R","T","M","$","?","M","?","R","B"],"character_chosen":"IRONCLAD","items_purchased":["Armaments","Searing Blow","True Grit"],"campfire_rested":0,"item_purchase_floors":[4,4,11],"current_hp_per_floor":[79,68,59,59,65,65,47,47,47,55,55,57,63,63,63,0],"gold":47,"neow_bonus":"TEN_PERCENT_HP_BONUS","is_prod":false,"is_daily":false,"chose_seed":false,"campfire_upgraded":3,"win_rate":0,"timestamp":1556295855,"path_taken":["M","?","M","$","M","R","E","R","T","M","$","?","M","?","R","BOSS"],"build_version":"2019-01-23","purchased_purges":1,"victory":false,"max_hp_per_floor":[82,82,82,82,82,82,82,82,82,82,82,82,82,82,82,82],"card_choices":[{"not_picked":["Bloodletting","Thunderclap"],"picked":"Anger","floor":1},{"not_picked":["Clothesline","Twin Strike"],"picked":"Shockwave","floor":3},{"not_picked":["Flex","Pommel Strike"],"picked":"Sword Boomerang","floor":5},{"not_picked":["Iron Wave","Clash"],"picked":"Carnage","floor":7},{"not_picked":["Second Wind","Sword Boomerang"],"picked":"Pummel","floor":10},{"not_picked":["Sever Soul","Sentinel"],"picked":"Armaments","floor":12},{"not_picked":["Body Slam","Reckless Charge"],"picked":"Shockwave","floor":13}],"player_experience":490504,"relics_obtained":[{"floor":7,"key":"Potion Belt"},{"floor":9,"key":"Sundial"},{"floor":12,"key":"Odd Mushroom"}],"event_choices":[{"damage_healed":0,"gold_gain":75,"player_choice":"Gather Gold","damage_taken":11,"max_hp_gain":0,"max_hp_loss":0,"event_name":"World of Goop","floor":2,"gold_loss":0},{"damage_healed":0,"gold_gain":0,"player_choice":"Fought Mushrooms","damage_taken":0,"max_hp_gain":0,"max_hp_loss":0,"event_name":"Mushrooms","floor":12,"gold_loss":0},{"damage_healed":0,"gold_gain":0,"player_choice":"Take Wound","damage_taken":0,"relics_obtained":["Golden Idol"],"max_hp_gain":0,"max_hp_loss":0,"event_name":"Golden Idol","floor":14,"gold_loss":0,"cards_obtained":["Injury"]}],"is_beta":false,"boss_relics":[],"items_purged_floors":[4],"is_endless":false,"potions_floor_spawned":[5,7,12],"killed_by":"Slime Boss","ascension_level":17}