{"gold_per_floor":[113,113,113,128,148,175,188,219,219,235,235,250,250,260,260,361,361,377,396,410,424,424,424,452,452,452,402,24,37,56,66,66,66],"floor_reached":33,"playtime":2495,"items_purged":["Strike_R"],"score":382,"play_id":"dc102258-1307-45a8-8fa3-152b53c9e4b6","local_time":"20190406004504","is_ascension_mode":true,"campfire_choices":[{"floor":11,"key":"REST"},{"data":"Bash","floor":13,"key":"SMITH"},{"data":"Corruption","floor":15,"key":"SMITH"},{"floor":23,"key":"REST"},{"floor":25,"key":"REST"},{"floor":32,"key":"REST"}],"neow_cost":"TEN_PERCENT_HP_LOSS","seed_source_timestamp":82655127276372,"circlet_count":0,"master_deck":["Strike_R","Strike_R+1","Strike_R+1","Strike_R","Defend_R","Defend_R+1","Defend_R+1","Defend_R","Bash+1","Corruption+1","Whirlwind","Flame Barrier","Pommel Strike","Infernal Blade+1","Headbutt","Warcry+1","Offering+1","Impervious+1","Warcry+1","Inflame","Warcry+1","Dual Wield+1","True Grit+1","Shrug It Off+1","Sentinel+1","Wild Strike+1"],"relics":["Burning Blood","Bird Faced Urn","War Paint","Toxic Egg 2","Red Skull","Mercury Hourglass","Fusion Hammer","Ornamental Fan","Strawberry","Pear","Meat on the Bone"],"potions_floor_usage":[12,16,16,19,19,24,33],"damage_taken":[{"damage":4,"enemies":"2 Louse","floor":1,"turns":4},{"damage":2,"enemies":"Jaw Worm","floor":4,"turns":4},{"damage":0,"enemies":"Cultist","floor":5,"turns":3},{"damage":32,"enemies":"Gremlin Nob","floor":6,"turns":4},{"damage":4,"enemies":"Blue Slaver","floor":7,"turns":4},{"damage":19,"enemies":"3 Sentries","floor":8,"turns":7},{"damage":0,"enemies":"Looter","floor":10,"turns":3},{"damage":0,"enemies":"Gremlin Gang","floor":12,"turns":1},{"damage":0,"enemies":"2 Fungi Beasts","floor":14,"turns":3},{"damage":47,"enemies":"The Guardian","floor":16,"turns":9},{"damage":6,"enemies":"3 Byrds","floor":18,"turns":3},{"damage":16,"enemies":"2 Thieves","floor":19,"turns":2},{"damage":6,"enemies":"Centurion and Healer","floor":20,"turns":5},{"damage":22,"enemies":"Chosen and Byrds","floor":21,"turns":4},{"damage":24,"enemies":"Book of Stabbing","floor":24,"turns":5},{"damage":18,"enemies":"Snake Plant","floor":29,"turns":5},{"damage":12,"enemies":"Centurion and Healer","floor":30,"turns":5},{"damage":12,"enemies":"Cultist and Chosen","floor":31,"turns":5},{"damage":126,"enemies":"Collector","floor":33,"turns":12}],"seed_played":"-6266633525701552052","potions_obtained":[{"floor":6,"key":"Energy Potion"},{"floor":8,"key":"SteroidPotion"},{"floor":10,"key":"PowerPotion"},{"floor":12,"key":"EssenceOfSteel"},{"floor":16,"key":"Block Potion"},{"floor":18,"key":"PowerPotion"},{"floor":29,"key":"FairyPotion"},{"floor":31,"key":"SteroidPotion"}],"is_trial":false,"path_per_floor":["?","?","M","M","?","?","M"],"character_chosen":"IRONCLAD","items_purchased":["Meat on the Bone","True Grit+1"],"campfire_rested":4,"item_purchase_floors":[28,28],"current_hp_per_floor":[72,58,46,50,56,30,32,19,19,25,46,52,52,58,58,21,59,59,49,51,37,37,58,53,76,86,86,86,76,72,68,89,0],"gold":66,"neow_bonus":"ONE_RARE_RELIC","is_prod":false,"is_daily":false,"chose_seed":false,"campfire_upgraded":2,"win_rate":0,"timestamp":1554533104,"path_taken":["M","?","?","M","?","E","M","E","T","M","R","M","R","M","R","BOSS","M","M","?","M","?","R","E","R","T","?","$","M","M","?","R","BOSS"],"build_version":"2019-01-23","purchased_purges":1,"victory":false,"max_hp_per_floor":[72,72,72,72,72,72,72,72,72,72,72,72,72,72,72,72,72,72,72,72,72,72,72,79,79,89,89,89,89,89,89,89,89],"card_choices":[{"not_picked":["Havoc","Headbutt"],"picked":"Corruption","floor":1},{"not_picked":["Perfected Strike","Combust"],"picked":"Whirlwind","floor":4},{"not_picked":["Sentinel","Clothesline"],"picked":"Flame Barrier","floor":5},{"not_picked":["Twin Strike","Wild Strike"],"picked":"Pommel Strike","floor":6},{"not_picked":["Heavy Blade","Pommel Strike"],"picked":"Infernal Blade+1","floor":7},{"not_picked":["Clash","Sentinel+1"],"picked":"Headbutt","floor":8},{"not_picked":["Iron Wave","Headbutt","Sentinel+1"],"picked":"SKIP","floor":10},{"not_picked":["Inflame","Hemokinesis"],"picked":"Warcry+1","floor":12},{"not_picked":["Feel No Pain","Reckless Charge"],"picked":"Offering+1","floor":14},{"not_picked":["Bludgeon","Exhume+1"],"picked":"Impervious+1","floor":16},{"not_picked":["Whirlwind","Second Wind+1"],"picked":"Warcry+1","floor":18},{"not_picked":["Perfected Strike","Hemokinesis"],"picked":"Inflame","floor":19},{"not_picked":["Pommel Strike","Cleave","Havoc+1"],"picked":"SKIP","floor":20},{"not_picked":["Reckless Charge+1","Second Wind+1"],"picked":"Warcry+1","floor":21},{"not_picked":["Brutality","Havoc+1"],"picked":"Dual Wield+1","floor":24},{"not_picked":["Twin Strike","True Grit+1"],"picked":"Shrug It Off+1","floor":29},{"not_picked":["Clash","Thunderclap"],"picked":"Sentinel+1","floor":30},{"not_picked":["Warcry+1","Pummel"],"picked":"Wild Strike+1","floor":31}],"player_experience":524586,"relics_obtained":[{"floor":6,"key":"Toxic Egg 2"},{"floor":8,"key":"Red Skull"},{"floor":9,"key":"Mercury Hourglass"},{"floor":24,"key":"Strawberry"},{"floor":26,"key":"Pear"}],"event_choices":[{"damage_healed":0,"gold_gain":0,"player_choice":"Entered Light","damage_taken":14,"max_hp_gain":0,"max_hp_loss":0,"event_name":"Shining Light","floor":2,"gold_loss":0,"cards_upgraded":["Strike_R","Strike_R"]},{"damage_healed":0,"gold_gain":0,"player_choice":"Success","damage_taken":12,"relics_obtained":["War Paint"],"max_hp_gain":0,"max_hp_loss":0,"event_name":"Scrap Ooze","floor":3,"gold_loss":0},{"damage_healed":0,"gold_gain":0,"player_choice":"Opened","damage_taken":0,"relics_obtained":["Ornamental Fan"],"max_hp_gain":0,"max_hp_loss":0,"event_name":"The Mausoleum","floor":22,"gold_loss":0},{"damage_healed":0,"gold_gain":0,"player_choice":"Bet on Murderer","damage_taken":0,"max_hp_gain":0,"max_hp_loss":0,"event_name":"The Joust","floor":27,"gold_loss":50}],"is_beta":false,"boss_relics":[{"not_picked":["White Beast Statue","Philosopher\u0027s Stone"],"picked":"Fusion Hammer"}],"items_purged_floors":[28],"is_endless":false,"potions_floor_spawned":[6,8,10,12,16,18,29,31],"killed_by":"Collector","ascension_level":7}