{"gold_per_floor":[112,126,126,56,56,56,83,83,83,117,130,130,184,204,204,204],"floor_reached":16,"playtime":422,"items_purged":[],"score":167,"play_id":"7ba8efd8-27d7-4afb-be43-073a9eac4420","local_time":"20190429232418","is_ascension_mode":true,"campfire_choices":[{"data":"Pain","floor":6,"key":"PURGE"},{"data":"Regret","floor":12,"key":"PURGE"},{"floor":15,"key":"REST"}],"neow_cost":"CURSE","seed_source_timestamp":1731716384072600,"circlet_count":0,"master_deck":["AscendersBane","Strike_R","Strike_R","Strike_R","Strike_R","Strike_R","Defend_R","Defend_R","Defend_R","Defend_R","Bash","Dual Wield","Intimidate","Inflame","Whirlwind+1"],"relics":["Burning Blood","Peace Pipe","Anchor","Ornamental Fan","The Courier","Ancient Tea Set","Bag of Marbles","Bronze Scales"],"potions_floor_usage":[16,16],"damage_taken":[{"damage":11,"enemies":"2 Louse","floor":1,"turns":4},{"damage":10,"enemies":"Small Slimes","floor":2,"turns":4},{"damage":36,"enemies":"Lagavulin","floor":7,"turns":7},{"damage":27,"enemies":"3 Sentries","floor":10,"turns":5},{"damage":2,"enemies":"Cultist","floor":11,"turns":3},{"damage":0,"enemies":"Looter","floor":14,"turns":1},{"damage":43,"enemies":"Slime Boss","floor":16,"turns":9}],"seed_played":"-891490014847436718","potions_obtained":[{"floor":1,"key":"EssenceOfSteel"},{"floor":11,"key":"EssenceOfSteel"}],"is_trial":false,"path_per_floor":["M","M","?","$","?","R","E","?","T","E","M","R","T","M","R","B"],"character_chosen":"IRONCLAD","items_purchased":["Inflame"],"campfire_rested":1,"item_purchase_floors":[4],"current_hp_per_floor":[67,63,60,60,60,60,30,30,30,9,13,13,13,19,43,0],"gold":204,"neow_bonus":"ONE_RARE_RELIC","is_prod":false,"is_daily":false,"chose_seed":false,"campfire_upgraded":0,"win_rate":0,"timestamp":1556573058,"path_taken":["M","M","?","$","?","R","E","?","T","E","M","R","?","M","R","BOSS"],"build_version":"2019-01-23","purchased_purges":0,"victory":false,"max_hp_per_floor":[80,80,80,80,80,80,80,80,80,80,80,80,80,80,80,80],"card_choices":[{"not_picked":["Warcry","Sever Soul"],"picked":"Dual Wield","floor":1},{"not_picked":["Wild Strike","Thunderclap"],"picked":"Intimidate","floor":2},{"not_picked":["True Grit","Rage"],"picked":"Whirlwind","floor":7},{"not_picked":["Twin Strike","Iron Wave","Clothesline"],"picked":"SKIP","floor":10},{"not_picked":["Iron Wave","Feel No Pain","Warcry"],"picked":"SKIP","floor":11},{"not_picked":["Feel No Pain","Sword Boomerang","Iron Wave"],"picked":"SKIP","floor":14}],"player_experience":878079,"relics_obtained":[{"floor":7,"key":"The Courier"},{"floor":9,"key":"Ancient Tea Set"},{"floor":10,"key":"Bag of Marbles"},{"floor":13,"key":"Bronze Scales"}],"event_choices":[{"damage_healed":0,"gold_gain":0,"player_choice":"Success","damage_taken":3,"relics_obtained":["Anchor"],"max_hp_gain":0,"max_hp_loss":0,"event_name":"Scrap Ooze","floor":3,"gold_loss":0},{"damage_healed":0,"gold_gain":0,"player_choice":"Box","damage_taken":0,"relics_obtained":["Ornamental Fan"],"max_hp_gain":0,"max_hp_loss":0,"event_name":"Big Fish","floor":5,"gold_loss":0,"cards_obtained":["Regret"]},{"damage_healed":0,"gold_gain":0,"player_choice":"Grow","damage_taken":0,"max_hp_gain":0,"max_hp_loss":0,"event_name":"Living Wall","floor":8,"gold_loss":0,"cards_upgraded":["Whirlwind"]}],"is_beta":false,"boss_relics":[],"items_purged_floors":[],"is_endless":false,"potions_floor_spawned":[1,11],"killed_by":"Slime Boss","ascension_level":11}