{"gold_per_floor":[216,228,228,157,176,205,222,251,274,274,292,304,321,336,336,439,439,452,467,45,64,82,116,116,146,170,170,182,198,198,212,212,310,310,326,338,338,352,352,352,387,387,387,387,401,412,422,422],"floor_reached":48,"playtime":3232,"items_purged":["Strike_B"],"score":703,"play_id":"ae136969-b954-4310-a332-0565802e4cad","local_time":"20190405224249","is_ascension_mode":true,"campfire_choices":[{"floor":10,"key":"REST"},{"floor":15,"key":"REST"},{"floor":24,"key":"REST"},{"floor":27,"key":"REST"},{"floor":30,"key":"REST"},{"floor":32,"key":"REST"},{"floor":40,"key":"REST"},{"floor":44,"key":"REST"}],"neow_cost":"NONE","seed_source_timestamp":1906915025346619,"circlet_count":0,"master_deck":["Strike_B","Strike_B","Strike_B","Defend_B","Defend_B","Defend_B","Defend_B","Zap+1","Dualcast","Streamline","Consume","Melter","Glacier","Fission","Ball Lightning","Hologram","FTL","Conserve Battery","Leap","Sunder","Seek","Cold Snap+1","Sunder+1","Defragment","Streamline+1","Hologram+1","Redo+1","FTL+1","Steam","Ball Lightning+1","Redo+1","Cold Snap+1","Echo Form","Defragment+1","Compile Driver+1","Turbo+1","Leap+1","Defragment+1","Stack+1","Double Energy","Chill"],"relics":["Cracked Core","Dream Catcher","Omamori","Strawberry","Sozu","Mango","Ancient Tea Set","Sundial","Bag of Preparation","Cursed Key","Happy Flower","Torii"],"potions_floor_usage":[6,13,16,23,33],"damage_taken":[{"damage":1,"enemies":"Cultist","floor":1,"turns":3},{"damage":8,"enemies":"2 Louse","floor":2,"turns":3},{"damage":7,"enemies":"Jaw Worm","floor":5,"turns":2},{"damage":24,"enemies":"Lagavulin","floor":6,"turns":5},{"damage":6,"enemies":"3 Louse","floor":7,"turns":3},{"damage":20,"enemies":"3 Sentries","floor":8,"turns":5},{"damage":1,"enemies":"Looter","floor":11,"turns":2},{"damage":0,"enemies":"Large Slime","floor":12,"turns":3},{"damage":0,"enemies":"Lots of Slimes","floor":13,"turns":3},{"damage":0,"enemies":"Looter","floor":14,"turns":2},{"damage":8,"enemies":"Slime Boss","floor":16,"turns":8},{"damage":0,"enemies":"Spheric Guardian","floor":18,"turns":2},{"damage":27,"enemies":"3 Byrds","floor":19,"turns":5},{"damage":0,"enemies":"Centurion and Healer","floor":21,"turns":4},{"damage":2,"enemies":"3 Cultists","floor":22,"turns":5},{"damage":17,"enemies":"Book of Stabbing","floor":23,"turns":5},{"damage":62,"enemies":"Slavers","floor":25,"turns":7},{"damage":0,"enemies":"Chosen and Byrds","floor":28,"turns":3},{"damage":17,"enemies":"Snake Plant","floor":29,"turns":3},{"damage":7,"enemies":"Cultist and Chosen","floor":31,"turns":3},{"damage":58,"enemies":"Collector","floor":33,"turns":12},{"damage":22,"enemies":"3 Darklings","floor":35,"turns":5},{"damage":0,"enemies":"Orb Walker","floor":36,"turns":3},{"damage":36,"enemies":"Transient","floor":38,"turns":5},{"damage":64,"enemies":"Giant Head","floor":41,"turns":8},{"damage":20,"enemies":"Jaw Worm Horde","floor":45,"turns":4},{"damage":1,"enemies":"Sphere and 2 Shapes","floor":46,"turns":4},{"damage":1,"enemies":"Spire Growth","floor":47,"turns":5},{"damage":24,"enemies":"Reptomancer","floor":48,"turns":3}],"seed_played":"1251471954345442562","potions_obtained":[{"floor":1,"key":"Strength Potion"},{"floor":8,"key":"SpeedPotion"},{"floor":11,"key":"AttackPotion"},{"floor":12,"key":"Fire Potion"},{"floor":14,"key":"Ancient Potion"}],"is_trial":false,"path_per_floor":["M","M","?","$","M","E","M","E","T","R","M","M","M","M","R","B",null,"M","M","$","M","M","E","R","E","T","R","M","M","R","M","R","B",null,"M","M","?","M","?","R","E","?","T","R","M","M","M","E"],"character_chosen":"DEFECT","items_purchased":["Melter","Defragment","Mango"],"campfire_rested":8,"item_purchase_floors":[4,20,20],"current_hp_per_floor":[74,66,66,66,59,35,29,9,16,40,39,39,39,39,63,55,75,75,48,62,62,60,43,71,9,9,37,37,20,48,41,69,11,75,53,53,53,17,41,69,5,5,5,33,13,12,11,0],"gold":422,"neow_bonus":"HUNDRED_GOLD","is_prod":false,"is_daily":false,"chose_seed":false,"campfire_upgraded":0,"win_rate":0,"timestamp":1554471769,"path_taken":["M","M","?","$","M","E","M","E","T","R","M","M","M","M","R","BOSS","M","M","$","M","M","E","R","E","T","R","M","M","R","?","R","BOSS","M","?","?","M","?","R","E","?","T","R","M","M","M","E"],"build_version":"2019-01-23","purchased_purges":1,"victory":false,"max_hp_per_floor":[75,75,75,75,75,75,75,75,82,82,82,82,82,82,82,82,82,82,82,96,96,96,96,96,96,96,96,96,96,96,96,96,96,96,96,96,96,96,96,96,96,96,96,96,96,96,96,96],"card_choices":[{"not_picked":["Heatsinks","Steam Power"],"picked":"Streamline","floor":1},{"not_picked":["Beam Cell","Chill"],"picked":"Consume","floor":2},{"not_picked":["Steam","Streamline"],"picked":"Glacier","floor":5},{"not_picked":["Double Energy","Rebound"],"picked":"Fission","floor":6},{"not_picked":["Glacier","Streamline"],"picked":"Ball Lightning","floor":7},{"not_picked":["Scrape","Streamline"],"picked":"Hologram","floor":8},{"not_picked":["Coolheaded","Reinforced Body"],"picked":"FTL","floor":10},{"not_picked":["Coolheaded","Barrage"],"picked":"Conserve Battery","floor":11},{"not_picked":["Gash","Beam Cell"],"picked":"Leap","floor":12},{"not_picked":["Steam Power","Storm","Streamline"],"picked":"SKIP","floor":13},{"not_picked":["Hologram","Scrape","Sweeping Beam"],"picked":"SKIP","floor":14},{"not_picked":["Loop","Leap"],"picked":"Sunder","floor":15},{"not_picked":["Fission","Machine Learning"],"picked":"Seek","floor":16},{"not_picked":["Sunder","Gash+1"],"picked":"Cold Snap+1","floor":18},{"not_picked":["Streamline","FTL"],"picked":"Sunder+1","floor":19},{"not_picked":["Heatsinks","Stack"],"picked":"Streamline+1","floor":21},{"not_picked":["Skim","Barrage+1"],"picked":"Hologram+1","floor":22},{"not_picked":["Blizzard","Streamline+1"],"picked":"Redo+1","floor":23},{"not_picked":["Self Repair","Streamline"],"picked":"FTL+1","floor":24},{"not_picked":["Loop","Chaos"],"picked":"Steam","floor":25},{"not_picked":["Barrage","Static Discharge+1"],"picked":"Ball Lightning+1","floor":27},{"not_picked":["Turbo","Rip and Tear","Glacier"],"picked":"SKIP","floor":28},{"not_picked":["Buffer","Barrage"],"picked":"Redo+1","floor":29},{"not_picked":["Lockon","Rebound+1","Storm"],"picked":"SKIP","floor":31},{"not_picked":["White Noise+1","Streamline"],"picked":"Cold Snap+1","floor":32},{"not_picked":["Thunder Strike","Buffer"],"picked":"Echo Form","floor":33},{"not_picked":["Auto Shields+1","Beam Cell+1"],"picked":"Defragment+1","floor":35},{"not_picked":["Hello World+1","Go for the Eyes+1"],"picked":"Compile Driver+1","floor":36},{"not_picked":["Conserve Battery+1","Beam Cell+1"],"picked":"Turbo+1","floor":38},{"not_picked":["Barrage","Turbo+1"],"picked":"Leap+1","floor":40},{"not_picked":["Go for the Eyes","Steam"],"picked":"Defragment+1","floor":41},{"not_picked":["Turbo","Capacitor"],"picked":"Stack+1","floor":44},{"not_picked":["Barrage+1","Amplify","Streamline"],"picked":"SKIP","floor":45},{"not_picked":["Redo+1","Consume"],"picked":"Double Energy","floor":46},{"not_picked":["Rebound+1","Beam Cell+1"],"picked":"Chill","floor":47}],"player_experience":247319,"relics_obtained":[{"floor":6,"key":"Dream Catcher"},{"floor":8,"key":"Omamori"},{"floor":9,"key":"Strawberry"},{"floor":23,"key":"Ancient Tea Set"},{"floor":25,"key":"Sundial"},{"floor":26,"key":"Bag of Preparation"},{"floor":41,"key":"Happy Flower"},{"floor":43,"key":"Torii"}],"event_choices":[{"damage_healed":0,"gold_gain":0,"player_choice":"Forge","damage_taken":0,"max_hp_gain":0,"max_hp_loss":0,"event_name":"Accursed Blacksmith","floor":3,"gold_loss":0,"cards_upgraded":["Zap"]},{"damage_healed":0,"gold_gain":0,"player_choice":"Ignored","damage_taken":0,"max_hp_gain":0,"max_hp_loss":0,"event_name":"Mysterious Sphere","floor":37,"gold_loss":0},{"damage_healed":24,"gold_gain":0,"player_choice":"Writhe","damage_taken":0,"max_hp_gain":0,"max_hp_loss":0,"event_name":"Winding Halls","floor":39,"gold_loss":0,"cards_obtained":["Writhe"]},{"damage_healed":0,"gold_gain":0,"player_choice":"Ignored","damage_taken":0,"max_hp_gain":0,"max_hp_loss":0,"event_name":"Tomb of Lord Red Mask","floor":42,"gold_loss":0}],"is_beta":false,"boss_relics":[{"not_picked":["Ectoplasm","Pandora\u0027s Box"],"picked":"Sozu"},{"not_picked":["Black Star","Snecko Eye"],"picked":"Cursed Key"}],"items_purged_floors":[20],"is_endless":false,"potions_floor_spawned":[1,8,11,12,14,18,21,22,25,29,35,38,46,47],"killed_by":"Reptomancer","ascension_level":5}