{"gold_per_floor":[114,114,114,67,67,67,94,94,121,121,138,165,11,30,30,129,129,140,40,40,40,56,56],"floor_reached":23,"playtime":1512,"items_purged":["Defend_B","Defend_B"],"score":224,"play_id":"f8e817e2-0d30-407d-bda0-4ed02cc62560","local_time":"20190306175312","is_ascension_mode":true,"campfire_choices":[{"data":"Zap","floor":6,"key":"SMITH"},{"data":"Dualcast","floor":8,"key":"SMITH"},{"data":"Fission","floor":10,"key":"SMITH"},{"floor":15,"key":"REST"}],"neow_cost":"NONE","seed_source_timestamp":380759667558299,"circlet_count":0,"master_deck":["Strike_B","Strike_B","Defend_B","Defend_B","Zap+1","Dualcast+1","Sweeping Beam","Conserve Battery","Streamline","Fission+1","Conserve Battery","Auto Shields","Genetic Algorithm","Redo","Echo Form","Coolheaded","Compile Driver","Rip and Tear","Storm","Echo Form","Writhe","Chill"],"relics":["Cracked Core","Blood Vial","Regal Pillow","Bronze Scales","Oddly Smooth Stone","Orrery","Bag of Preparation"],"potions_floor_usage":[12,16,22,23],"damage_taken":[{"damage":8,"enemies":"2 Louse","floor":1,"turns":4},{"damage":28,"enemies":"Lagavulin","floor":7,"turns":6},{"damage":0,"enemies":"Jaw Worm","floor":11,"turns":1},{"damage":16,"enemies":"Gremlin Nob","floor":12,"turns":4},{"damage":0,"enemies":"Small Slimes","floor":14,"turns":2},{"damage":13,"enemies":"The Guardian","floor":16,"turns":10},{"damage":36,"enemies":"Chosen","floor":18,"turns":7},{"damage":13,"enemies":"Shell Parasite","floor":22,"turns":5},{"damage":62,"enemies":"Slavers","floor":23,"turns":5}],"seed_played":"3987946132981198014","potions_obtained":[{"floor":7,"key":"EssenceOfSteel"},{"floor":12,"key":"Block Potion"},{"floor":14,"key":"Poison Potion"},{"floor":18,"key":"SkillPotion"}],"is_trial":false,"path_per_floor":["?","?","?","M","?","?"],"character_chosen":"DEFECT","items_purchased":["Conserve Battery","Genetic Algorithm"],"campfire_rested":1,"item_purchase_floors":[4,13],"current_hp_per_floor":[67,60,65,65,65,65,39,39,39,39,41,27,27,29,68,57,80,44,44,70,70,59,0],"gold":56,"neow_bonus":"RANDOM_COMMON_RELIC","is_prod":false,"is_daily":false,"chose_seed":false,"campfire_upgraded":3,"win_rate":0,"timestamp":1551919992,"path_taken":["M","?","?","$","?","R","E","R","T","R","?","E","$","M","R","BOSS","M","$","?","?","M","E"],"build_version":"2019-01-23","purchased_purges":2,"victory":false,"max_hp_per_floor":[75,75,80,80,80,80,80,80,80,80,80,80,80,80,80,80,80,80,80,80,80,80,80],"card_choices":[{"not_picked":["Turbo","Leap"],"picked":"Sweeping Beam","floor":1},{"not_picked":["Scrape","Conserve Battery"],"picked":"Fission","floor":7},{"not_picked":["Rip and Tear","Barrage"],"picked":"Conserve Battery","floor":11},{"not_picked":["Leap","Cold Snap"],"picked":"Auto Shields","floor":12},{"not_picked":["Buffer","Static Discharge"],"picked":"Redo","floor":14},{"not_picked":["Meteor Strike","Multi-Cast"],"picked":"Echo Form","floor":16},{"not_picked":["Cold Snap","Darkness"],"picked":"Coolheaded","floor":17},{"not_picked":["Stack","Barrage"],"picked":"Compile Driver","floor":17},{"not_picked":["Streamline","Coolheaded"],"picked":"Rip and Tear","floor":17},{"not_picked":["Barrage","Steam"],"picked":"Storm","floor":17},{"not_picked":["Chill","Ball Lightning"],"picked":"Echo Form","floor":17},{"not_picked":["Stack","BootSequence","Streamline"],"picked":"SKIP","floor":18},{"not_picked":["Consume","Sweeping Beam+1"],"picked":"Chill","floor":22}],"player_experience":134989,"relics_obtained":[{"floor":7,"key":"Regal Pillow"},{"floor":9,"key":"Bronze Scales"},{"floor":12,"key":"Oddly Smooth Stone"}],"event_choices":[{"cards_removed":["Strike_B"],"damage_healed":0,"gold_gain":0,"player_choice":"Card Removal","damage_taken":7,"max_hp_gain":0,"max_hp_loss":0,"event_name":"Golden Wing","floor":2,"gold_loss":0},{"damage_healed":0,"gold_gain":0,"player_choice":"Donut","damage_taken":0,"max_hp_gain":5,"max_hp_loss":0,"event_name":"Big Fish","floor":3,"gold_loss":0},{"damage_healed":0,"gold_gain":0,"cards_transformed":["Strike_B"],"player_choice":"Transformed","damage_taken":0,"max_hp_gain":0,"max_hp_loss":0,"event_name":"Transmorgrifier","floor":5,"gold_loss":0,"cards_obtained":["Streamline"]},{"damage_healed":26,"gold_gain":0,"player_choice":"Heal","damage_taken":0,"max_hp_gain":0,"max_hp_loss":0,"event_name":"The Library","floor":20,"gold_loss":0},{"damage_healed":0,"gold_gain":0,"player_choice":"Opened","damage_taken":0,"relics_obtained":["Bag of Preparation"],"max_hp_gain":0,"max_hp_loss":0,"event_name":"The Mausoleum","floor":21,"gold_loss":0,"cards_obtained":["Writhe"]}],"is_beta":false,"boss_relics":[{"not_picked":["Tiny House","Coffee Dripper"],"picked":"Orrery"}],"items_purged_floors":[13,19],"is_endless":false,"potions_floor_spawned":[7,12,14,18],"killed_by":"Slavers","ascension_level":3}