{"gold_per_floor":[119,132,132,148,148,179,179,194,219,294,294,306,306,317,317,416,416,433,533,533,546,276,276,290,290],"floor_reached":25,"playtime":2149,"items_purged":["Strike_R"],"score":203,"play_id":"fd83b657-4a8e-4d0a-b5db-c5787576bdcc","local_time":"20190201154928","is_ascension_mode":false,"campfire_choices":[{"data":"Flex","floor":7,"key":"SMITH"},{"data":"Dark Embrace","floor":13,"key":"SMITH"},{"data":"Limit Break","floor":15,"key":"SMITH"},{"data":"Flex","floor":23,"key":"SMITH"}],"neow_cost":"NONE","seed_source_timestamp":1887936672471301,"circlet_count":0,"master_deck":["Strike_R","Strike_R","Strike_R+1","Strike_R+1","Defend_R","Defend_R","Defend_R","Defend_R","Bash+1","Flex+1","Pummel","Dark Embrace+1","Shockwave","Limit Break+1","Berserk","Flex+1","True Grit+1","Seeing Red"],"relics":["Black Blood","Lantern","Bag of Marbles","Happy Flower","Turnip","Bottled Flame","Medical Kit"],"potions_floor_usage":[16,19,19,24,25],"damage_taken":[{"damage":8,"enemies":"Small Slimes","floor":1,"turns":2},{"damage":1,"enemies":"Cultist","floor":2,"turns":3},{"damage":8,"enemies":"2 Louse","floor":4,"turns":2},{"damage":36,"enemies":"Lagavulin","floor":6,"turns":6},{"damage":4,"enemies":"2 Fungi Beasts","floor":8,"turns":4},{"damage":11,"enemies":"Blue Slaver","floor":12,"turns":4},{"damage":0,"enemies":"Large Slime","floor":14,"turns":2},{"damage":18,"enemies":"Hexaghost","floor":16,"turns":4},{"damage":20,"enemies":"Chosen","floor":18,"turns":4},{"damage":19,"enemies":"Colosseum Slavers","floor":19,"turns":3},{"damage":9,"enemies":"Colosseum Nobs","floor":19,"turns":5},{"damage":22,"enemies":"Shell Parasite","floor":21,"turns":6},{"damage":15,"enemies":"Snake Plant","floor":24,"turns":4},{"damage":58,"enemies":"Gremlin Leader","floor":25,"turns":5}],"seed_played":"-6453523299744841045","potions_obtained":[{"floor":1,"key":"GamblersBrew"},{"floor":6,"key":"SteroidPotion"},{"floor":8,"key":"FearPotion"},{"floor":12,"key":"Block Potion"},{"floor":18,"key":"Fire Potion"},{"floor":19,"key":"BloodPotion"}],"is_trial":false,"path_per_floor":["M","M","?","M","?","E","R","M","T","?","?","M","R","M","R","B",null,"M","?","?","M","$","R","M","E"],"character_chosen":"IRONCLAD","items_purchased":["Medical Kit"],"campfire_rested":0,"item_purchase_floors":[22],"current_hp_per_floor":[78,80,80,78,83,53,53,55,55,44,27,22,22,28,28,16,85,75,67,67,55,55,55,50,0],"gold":290,"neow_bonus":"RANDOM_COMMON_RELIC","is_prod":false,"is_daily":false,"chose_seed":false,"campfire_upgraded":4,"win_rate":0,"timestamp":1549064968,"path_taken":["M","M","?","?","?","E","R","M","T","?","?","M","R","M","R","BOSS","M","?","?","M","$","R","M","E"],"build_version":"2019-01-23","purchased_purges":1,"victory":false,"max_hp_per_floor":[80,80,80,80,85,85,85,85,85,85,85,85,85,85,85,85,85,85,85,85,85,85,85,85,85],"card_choices":[{"not_picked":["Spot Weakness","Iron Wave","Body Slam"],"picked":"SKIP","floor":1},{"not_picked":["Hemokinesis","Seeing Red"],"picked":"Flex","floor":2},{"not_picked":["Blood for Blood","Seeing Red"],"picked":"Pummel","floor":4},{"not_picked":["Heavy Blade","Clothesline"],"picked":"Dark Embrace","floor":6},{"not_picked":["Inflame","Perfected Strike"],"picked":"Shockwave","floor":8},{"not_picked":["Infernal Blade","Sentinel","Armaments"],"picked":"SKIP","floor":12},{"not_picked":["Uppercut","Anger"],"picked":"Limit Break","floor":14},{"not_picked":["Dark Embrace","Juggernaut"],"picked":"Berserk","floor":16},{"not_picked":["Sword Boomerang","Shrug It Off"],"picked":"Flex","floor":18},{"not_picked":["Feed","Thunderclap+1"],"picked":"True Grit+1","floor":21},{"not_picked":["Perfected Strike","Disarm"],"picked":"Seeing Red","floor":24}],"player_experience":388070,"relics_obtained":[{"floor":6,"key":"Bag of Marbles"},{"floor":9,"key":"Happy Flower"},{"floor":19,"key":"Turnip"},{"floor":19,"key":"Bottled Flame"}],"event_choices":[{"damage_healed":0,"gold_gain":0,"player_choice":"Forge","damage_taken":0,"max_hp_gain":0,"max_hp_loss":0,"event_name":"Accursed Blacksmith","floor":3,"gold_loss":0,"cards_upgraded":["Bash"]},{"damage_healed":0,"gold_gain":0,"player_choice":"Donut","damage_taken":0,"max_hp_gain":5,"max_hp_loss":0,"event_name":"Big Fish","floor":5,"gold_loss":0},{"damage_healed":0,"gold_gain":75,"player_choice":"Gather Gold","damage_taken":11,"max_hp_gain":0,"max_hp_loss":0,"event_name":"World of Goop","floor":10,"gold_loss":0},{"damage_healed":0,"gold_gain":0,"player_choice":"Entered Light","damage_taken":17,"max_hp_gain":0,"max_hp_loss":0,"event_name":"Shining Light","floor":11,"gold_loss":0,"cards_upgraded":["Strike_R","Strike_R"]},{"damage_healed":0,"gold_gain":0,"player_choice":"Fight","damage_taken":0,"max_hp_gain":0,"max_hp_loss":0,"event_name":"Colosseum","floor":19,"gold_loss":0},{"damage_healed":0,"gold_gain":0,"player_choice":"Fought Nobs","damage_taken":0,"max_hp_gain":0,"max_hp_loss":0,"event_name":"Colosseum","floor":19,"gold_loss":0},{"damage_healed":0,"gold_gain":0,"player_choice":"Ignored","damage_taken":0,"max_hp_gain":0,"max_hp_loss":0,"event_name":"Ghosts","floor":20,"gold_loss":0}],"is_beta":false,"boss_relics":[{"not_picked":["Lizard Tail","Black Star"],"picked":"Black Blood"}],"items_purged_floors":[22],"is_endless":false,"potions_floor_spawned":[1,6,8,12,18,19,19],"killed_by":"Gremlin Leader","ascension_level":0}