{"gold_per_floor":[12,12,30,30,44,44,61,120,120,420,420,454,34,44,44,144,144,163,193,208,49,61,61,74,74,125,153,31,31,31,62,62,160,160,180,180,280,280,280,280,315,315,363,389,408,428,428,25,25,25,25,25,25,58,58],"floor_reached":55,"playtime":3263,"items_purged":["Strike_R","Strike_R","Strike_R"],"score":878,"play_id":"1f52aeee-dfa5-41ee-a0b1-7d7873f97df0","local_time":"20190503183920","is_ascension_mode":true,"campfire_choices":[{"data":"Body Slam","floor":6.0,"key":"SMITH"},{"data":"Heavy Blade","floor":11.0,"key":"SMITH"},{"data":"Bash","floor":15.0,"key":"SMITH"},{"data":"Juggernaut","floor":23,"key":"SMITH"},{"data":"True Grit","floor":25,"key":"SMITH"},{"data":"Rampage","floor":30,"key":"SMITH"},{"data":"Barricade","floor":32,"key":"SMITH"},{"data":"Panache","floor":40,"key":"SMITH"},{"data":"Juggernaut","floor":42,"key":"SMITH"},{"floor":47,"key":"RECALL"},{"floor":49,"key":"REST"},{"data":"Burning Pact","floor":52,"key":"SMITH"}],"neow_cost":"NO_GOLD","seed_source_timestamp":0,"circlet_count":0,"master_deck":["Strike_R+1","Defend_R","Defend_R+1","Defend_R","Bash+1","Heavy Blade+1","Spot Weakness","Body Slam+1","Evolve","Feed","Cleave","Juggernaut+1","Shrug It Off","Burning Pact+1","Rampage+1","True Grit+1","Pummel+1","Barricade+1","Dark Embrace","Shrug It Off+1","Panache+1","Dramatic Entrance+1","Juggernaut+1","Power Through"],"special_seed":0,"relics":["Burning Blood","Thread and Needle","Tiny Chest","The Courier","Old Coin","Pen Nib","Oddly Smooth Stone","FossilizedHelix","Velvet Choker","Red Mask","PreservedInsect","Blood Vial","Darkstone Periapt","Red Skull","Lizard Tail","Ginger","Vajra","Whetstone","Turnip","Lantern"],"potions_floor_usage":[24,27,31,33,37,41],"damage_taken":[{"damage":0.0,"enemies":"2 Louse","floor":1.0,"turns":3.0},{"damage":6.0,"enemies":"Jaw Worm","floor":3.0,"turns":4.0},{"damage":0.0,"enemies":"Cultist","floor":5.0,"turns":3.0},{"damage":3.0,"enemies":"2 Fungi Beasts","floor":7.0,"turns":4.0},{"damage":1.0,"enemies":"3 Sentries","floor":8.0,"turns":8.0},{"damage":11.0,"enemies":"Gremlin Nob","floor":12.0,"turns":4.0},{"damage":0.0,"enemies":"Blue Slaver","floor":14.0,"turns":4.0},{"damage":0.0,"enemies":"The Guardian","floor":16.0,"turns":9.0},{"damage":6.0,"enemies":"3 Byrds","floor":18.0,"turns":5.0},{"damage":0.0,"enemies":"Masked Bandits","floor":19.0,"turns":3.0},{"damage":0.0,"enemies":"Shell Parasite","floor":20.0,"turns":8.0},{"damage":9,"enemies":"Shelled Parasite and Fungi","floor":22,"turns":5},{"damage":14,"enemies":"Snake Plant","floor":24,"turns":4},{"damage":1,"enemies":"Book of Stabbing","floor":27,"turns":6},{"damage":0,"enemies":"Gremlin Leader","floor":31,"turns":4},{"damage":44,"enemies":"Collector","floor":33,"turns":9},{"damage":0,"enemies":"Orb Walker","floor":35,"turns":3},{"damage":0,"enemies":"Mind Bloom Boss Battle","floor":37,"turns":6},{"damage":6,"enemies":"Reptomancer","floor":41,"turns":5},{"damage":0,"enemies":"3 Darklings","floor":45,"turns":6},{"damage":23,"enemies":"Sphere and 2 Shapes","floor":46,"turns":7},{"damage":94,"enemies":"Donu and Deca","floor":50,"turns":9},{"damage":87,"enemies":"Shield and Spear","floor":54,"turns":7},{"damage":77,"enemies":"The Heart","floor":55,"turns":5}],"seed_played":"-7549453911861254315","potions_obtained":[{"floor":3.0,"key":"PowerPotion"},{"floor":7.0,"key":"Fruit Juice"},{"floor":8.0,"key":"Swift Potion"},{"floor":12.0,"key":"Explosive Potion"},{"floor":14.0,"key":"Poison Potion"},{"floor":18.0,"key":"PowerPotion"},{"floor":19.0,"key":"SpeedPotion"},{"floor":22,"key":"Fruit Juice"},{"floor":33,"key":"AttackPotion"},{"floor":37,"key":"SkillPotion"},{"floor":54,"key":"Strength Potion"}],"is_trial":false,"path_per_floor":["M","?","M","?","M","R","M","E","T","?","R","E","$","M","R","B",null,"M","?","M","$","M","R","M","R","T","E","$","?","R","E","R","B",null,"M","?","?","?","?","R","E","R","T","T","M","M","R","$","R","B",null,"R","$","E","B"],"character_chosen":"IRONCLAD","items_purchased":["Oddly Smooth Stone","FossilizedHelix","PreservedInsect","True Grit","Fire Potion","Power Through","Turnip"],"campfire_rested":1,"item_purchase_floors":[13,13,21,21,28,48,48],"current_hp_per_floor":[80,64,64,64,70,70,73,83,83,80,80,75,75,81,81,85,85,88,88,91,91,91,91,88,88,88,95,95,95,95,99,99,61,99,102,102,102,97,87,87,92,92,92,92,100,86,86,86,103,15,103,103,103,22,0],"gold":58,"neow_bonus":"ONE_RARE_RELIC","is_prod":false,"is_daily":false,"chose_seed":false,"campfire_upgraded":10,"win_rate":0,"timestamp":1556901560,"path_taken":["M","?","M","?","M","R","?","E","T","?","R","E","$","M","R","BOSS","M","?","M","$","M","R","M","R","T","E","$","?","R","E","R","BOSS","M","?","?","?","?","R","E","R","T","?","?","M","R","$","R","BOSS","R","$","E","BOSS"],"build_version":"2019-01-23","purchased_purges":3,"victory":false,"max_hp_per_floor":[80,80,80,80,80,80,80,85,85,85,85,85,85,85,85,85,85,88,88,91,91,94,94,99,99,99,99,99,99,99,99,99,99,99,102,102,102,97,97,97,100,100,100,100,100,103,103,103,103,103,103,103,103,103,103],"card_choices":[{"not_picked":["Iron Wave","Sword Boomerang"],"picked":"Heavy Blade","floor":1.0},{"not_picked":["Infernal Blade","Second Wind"],"picked":"Spot Weakness","floor":3.0},{"not_picked":["Armaments","Blood for Blood"],"picked":"Body Slam","floor":5.0},{"not_picked":["Sword Boomerang","Sever Soul"],"picked":"Evolve","floor":7.0},{"not_picked":["Uppercut","Disarm"],"picked":"Feed","floor":8.0},{"not_picked":["Headbutt","Perfected Strike","Clothesline"],"picked":"SKIP","floor":12.0},{"not_picked":["Body Slam","Clothesline"],"picked":"Cleave","floor":14.0},{"not_picked":["Fiend Fire","Berserk"],"picked":"Juggernaut","floor":16.0},{"not_picked":["Evolve","Iron Wave"],"picked":"Shrug It Off","floor":18.0},{"not_picked":["Twin Strike","Power Through"],"picked":"Burning Pact","floor":19.0},{"not_picked":["Cleave","Perfected Strike"],"picked":"Rampage","floor":20},{"not_picked":["Perfected Strike","Carnage+1","Clothesline"],"picked":"SKIP","floor":22},{"not_picked":["Twin Strike","Intimidate"],"picked":"Pummel","floor":24},{"not_picked":["Clothesline","Rampage","Armaments"],"picked":"SKIP","floor":27},{"not_picked":["Blood for Blood","Rampage"],"picked":"Barricade","floor":31},{"not_picked":["Berserk","Exhume"],"picked":"Dark Embrace","floor":33},{"not_picked":["Havoc","Perfected Strike","Headbutt+1"],"picked":"SKIP","floor":35},{"not_picked":["Wild Strike","Spot Weakness+1"],"picked":"Shrug It Off+1","floor":37},{"not_picked":["Chrysalis","HandOfGreed"],"picked":"Panache","floor":39},{"not_picked":["Trip","Bandage Up"],"picked":"Dramatic Entrance","floor":39},{"not_picked":["Wild Strike","Bloodletting+1"],"picked":"Juggernaut","floor":41},{"not_picked":["Heavy Blade","Warcry","Anger"],"picked":"SKIP","floor":45},{"not_picked":["Pommel Strike","Flex+1","Wild Strike"],"picked":"SKIP","floor":46},{"not_picked":["Armaments","Dual Wield","Fire Breathing+1"],"picked":"SKIP","floor":54}],"player_experience":385379,"relics_obtained":[{"floor":8.0,"key":"Tiny Chest"},{"floor":9.0,"key":"The Courier"},{"floor":12.0,"key":"Pen Nib"},{"floor":19.0,"key":"Red Mask"},{"floor":26,"key":"Blood Vial"},{"floor":27,"key":"Darkstone Periapt"},{"floor":31,"key":"Red Skull"},{"floor":37,"key":"Ginger"},{"floor":41,"key":"Vajra"},{"floor":44,"key":"Whetstone"},{"floor":54,"key":"Lantern"}],"event_choices":[{"damage_healed":0.0,"max_hp_gain":0.0,"max_hp_loss":0.0,"gold_gain":0.0,"event_name":"Shining Light","player_choice":"Entered Light","floor":2.0,"gold_loss":0.0,"damage_taken":16.0,"cards_upgraded":["Strike_R","Defend_R"]},{"cards_removed":["Strike_R"],"damage_healed":0.0,"max_hp_gain":0.0,"max_hp_loss":0.0,"gold_gain":0.0,"event_name":"Bonfire Elementals","player_choice":"Offered Basic","floor":4.0,"gold_loss":0.0,"damage_taken":0.0},{"damage_healed":0.0,"max_hp_gain":0.0,"max_hp_loss":0.0,"gold_gain":0.0,"event_name":"Scrap Ooze","player_choice":"Success","floor":10.0,"gold_loss":0.0,"damage_taken":3.0,"relics_obtained":["Old Coin"]},{"damage_healed":0.0,"max_hp_gain":0.0,"max_hp_loss":0.0,"gold_gain":0.0,"event_name":"Masked Bandits","player_choice":"Fought Bandits","floor":19.0,"gold_loss":0.0,"damage_taken":0.0},{"damage_healed":0,"gold_gain":0,"player_choice":"Ignored","damage_taken":0,"max_hp_gain":0,"max_hp_loss":0,"event_name":"Ghosts","floor":29,"gold_loss":0},{"cards_removed":["Defend_R"],"damage_healed":0,"gold_gain":0,"player_choice":"Removed Skill","damage_taken":0,"max_hp_gain":0,"max_hp_loss":0,"event_name":"Falling","floor":36,"gold_loss":0},{"damage_healed":0,"gold_gain":0,"player_choice":"Fight","damage_taken":0,"max_hp_gain":0,"max_hp_loss":0,"event_name":"MindBloom","floor":37,"gold_loss":0},{"damage_healed":0,"gold_gain":0,"player_choice":"Max HP","damage_taken":0,"max_hp_gain":0,"max_hp_loss":5,"event_name":"Winding Halls","floor":38,"gold_loss":0},{"damage_healed":0,"gold_gain":0,"player_choice":"Memory 3","damage_taken":10,"max_hp_gain":0,"max_hp_loss":0,"event_name":"SensoryStone","floor":39,"gold_loss":0}],"is_beta":false,"boss_relics":[{"not_picked":["Black Blood","Eternal Feather"],"picked":"Velvet Choker"},{"not_picked":["Busted Crown","Snecko Eye"],"picked":"Lizard Tail"}],"items_purged_floors":[13,28,48],"is_endless":false,"potions_floor_spawned":[3,7,8,12,14,18,19,22,33,37,54],"killed_by":"The Heart","ascension_level":1}