{"gold_per_floor":[109,209,225,225,150,175,175,211,241,275,300,300,300,145,145,145],"floor_reached":16,"playtime":1180,"items_purged":["Defend_R"],"score":173,"play_id":"ecc097de-bd8f-48b6-b63c-0f3c31fa9f4d","local_time":"20190503105436","is_ascension_mode":true,"campfire_choices":[{"data":"Metallicize","floor":7,"key":"SMITH"},{"data":"1","floor":15,"key":"LIFT"}],"neow_cost":"NONE","seed_source_timestamp":298088127908700,"circlet_count":0,"master_deck":["AscendersBane","Strike_R","Strike_R","Strike_R","Strike_R","Strike_R","Defend_R","Defend_R","Defend_R","Bash","Flame Barrier","Armaments","Metallicize+1","Shrug It Off","Disarm","Ghostly Armor","Feed","Disarm"],"relics":["Burning Blood","NeowsBlessing","Golden Idol","Mummified Hand","Tiny Chest","Singing Bowl","Omamori","Girya"],"potions_floor_usage":[10,10,16],"damage_taken":[{"damage":0,"enemies":"Small Slimes","floor":1,"turns":1},{"damage":0,"enemies":"Cultist","floor":3,"turns":1},{"damage":0,"enemies":"Jaw Worm","floor":6,"turns":1},{"damage":27,"enemies":"3 Sentries","floor":8,"turns":19},{"damage":20,"enemies":"Lagavulin","floor":10,"turns":7},{"damage":6,"enemies":"Exordium Wildlife","floor":11,"turns":6},{"damage":42,"enemies":"Hexaghost","floor":16,"turns":20}],"seed_played":"2001342721013380710","potions_obtained":[{"floor":1,"key":"PowerPotion"},{"floor":3,"key":"Energy Potion"},{"floor":10,"key":"Weak Potion"}],"is_trial":false,"path_per_floor":["M","?","M","?","$","M","R","E","T","E","M","T","T","$","R","B"],"character_chosen":"IRONCLAD","items_purchased":["Metallicize","Disarm"],"campfire_rested":0,"item_purchase_floors":[5,14],"current_hp_per_floor":[78,78,80,74,74,74,74,53,53,39,39,39,39,39,39,0],"gold":145,"neow_bonus":"THREE_ENEMY_KILL","is_prod":false,"is_daily":false,"chose_seed":false,"campfire_upgraded":1,"win_rate":0,"timestamp":1556873676,"path_taken":["M","?","?","?","$","M","R","E","T","E","M","?","?","$","R","BOSS"],"build_version":"2019-01-23","purchased_purges":1,"victory":false,"max_hp_per_floor":[80,80,80,74,74,74,74,74,74,74,74,74,74,74,74,74],"card_choices":[{"not_picked":["Dropkick","Flex"],"picked":"Flame Barrier","floor":1},{"not_picked":["Clash","Body Slam"],"picked":"Armaments","floor":3},{"not_picked":["Headbutt","Clash"],"picked":"Shrug It Off","floor":6},{"not_picked":["Power Through","Flex"],"picked":"Disarm","floor":8},{"not_picked":["Cleave","Wild Strike"],"picked":"Ghostly Armor","floor":10},{"not_picked":["Infernal Blade","Heavy Blade"],"picked":"Feed","floor":11}],"player_experience":1011561,"relics_obtained":[{"floor":8,"key":"Mummified Hand"},{"floor":9,"key":"Tiny Chest"},{"floor":10,"key":"Singing Bowl"},{"floor":12,"key":"Omamori"},{"floor":13,"key":"Girya"}],"event_choices":[{"damage_healed":0,"gold_gain":100,"player_choice":"Pray","damage_taken":0,"max_hp_gain":0,"max_hp_loss":0,"event_name":"Golden Shrine","floor":2,"gold_loss":0},{"damage_healed":0,"gold_gain":0,"player_choice":"Lose Max HP","damage_taken":0,"relics_obtained":["Golden Idol"],"max_hp_gain":0,"max_hp_loss":6,"event_name":"Golden Idol","floor":4,"gold_loss":0}],"is_beta":false,"boss_relics":[],"items_purged_floors":[14],"is_endless":false,"potions_floor_spawned":[1,3,10],"killed_by":"Hexaghost","ascension_level":12}