{"gold_per_floor":[115,130,142,152,167,167,193,193,216,231,249,279],"floor_reached":12,"playtime":488,"items_purged":[],"score":118,"play_id":"d47515cb-33a7-4dd2-ba13-ea6b2743ad42","local_time":"20190502075042","is_ascension_mode":true,"campfire_choices":[{"floor":6,"key":"REST"},{"data":"White Noise","floor":8,"key":"SMITH"}],"neow_cost":"NONE","seed_source_timestamp":171447339497000,"circlet_count":0,"master_deck":["Strike_B","Strike_B","Strike_B","Strike_B","Defend_B","Defend_B","Defend_B","Defend_B","Zap","Dualcast","White Noise+1","Go for the Eyes","Cold Snap","Barrage","Consume","Recycle","Loop"],"relics":["Cracked Core","Strawberry","Omamori","Dream Catcher"],"potions_floor_usage":[7,12,12],"damage_taken":[{"damage":5,"enemies":"2 Louse","floor":1,"turns":3},{"damage":0,"enemies":"Small Slimes","floor":2,"turns":3},{"damage":12,"enemies":"Jaw Worm","floor":3,"turns":3},{"damage":37,"enemies":"Gremlin Gang","floor":4,"turns":4},{"damage":5,"enemies":"Looter","floor":5,"turns":3},{"damage":3,"enemies":"Gremlin Nob","floor":7,"turns":5},{"damage":12,"enemies":"Red Slaver","floor":10,"turns":4},{"damage":8,"enemies":"2 Fungi Beasts","floor":11,"turns":3},{"damage":16,"enemies":"Gremlin Nob","floor":12,"turns":3}],"seed_played":"8652488165184348040","potions_obtained":[{"floor":1,"key":"SneckoOil"},{"floor":4,"key":"PowerPotion"},{"floor":7,"key":"AttackPotion"}],"is_trial":false,"path_per_floor":["M","M","M","M","M","R","E","R","T","M","M","?"],"character_chosen":"DEFECT","items_purchased":[],"campfire_rested":1,"item_purchase_floors":[],"current_hp_per_floor":[70,70,58,21,16,40,37,37,37,25,17,1],"gold":279,"neow_bonus":"RANDOM_COMMON_RELIC","is_prod":false,"is_daily":false,"chose_seed":false,"campfire_upgraded":1,"win_rate":0,"timestamp":1556776242,"path_taken":["M","M","M","M","M","R","E","R","T","M","M","?"],"build_version":"2019-01-23","purchased_purges":0,"victory":false,"max_hp_per_floor":[82,82,82,82,82,82,82,82,82,82,82,82],"card_choices":[{"not_picked":["Conserve Battery","Auto Shields"],"picked":"White Noise","floor":1},{"not_picked":["Sweeping Beam","Rebound"],"picked":"Go for the Eyes","floor":2},{"not_picked":["Compile Driver","Redo"],"picked":"Cold Snap","floor":3},{"not_picked":["Compile Driver","Sweeping Beam","Scrape"],"picked":"SKIP","floor":4},{"not_picked":["Go for the Eyes","Aggregate"],"picked":"Barrage","floor":5},{"not_picked":["Redo","Hologram"],"picked":"Consume","floor":7},{"not_picked":["Static Discharge","Hyperbeam"],"picked":"Recycle","floor":10},{"not_picked":["Coolheaded","FTL"],"picked":"Loop","floor":11}],"player_experience":975361,"relics_obtained":[{"floor":7,"key":"Omamori"},{"floor":9,"key":"Dream Catcher"}],"event_choices":[{"damage_healed":0,"gold_gain":30,"player_choice":"Searched \u00273\u0027 times","damage_taken":0,"max_hp_gain":0,"max_hp_loss":0,"event_name":"Dead Adventurer","floor":12,"gold_loss":0}],"is_beta":false,"boss_relics":[],"items_purged_floors":[],"is_endless":false,"potions_floor_spawned":[1,4,7],"killed_by":"Gremlin Nob","ascension_level":8}