{"gold_per_floor":[117,67,86,102,118,148,168,195,195,195],"floor_reached":10,"playtime":398,"items_purged":[],"score":128,"play_id":"bb906f8b-d577-47af-8484-f844d3e71dd7","local_time":"20190419194711","is_ascension_mode":true,"campfire_choices":[],"neow_cost":"NONE","seed_source_timestamp":549279040167490,"circlet_count":0,"master_deck":["AscendersBane","Strike_R","Strike_R","Strike_R","Strike_R","Defend_R","Defend_R","Defend_R","Defend_R","Bash+1","Cleave","Sever Soul","Combust","Hemokinesis","Impervious"],"relics":["Burning Blood","Omamori","Regal Pillow","Lantern"],"potions_floor_usage":[6,8],"damage_taken":[{"damage":0,"enemies":"Small Slimes","floor":1,"turns":4},{"damage":0,"enemies":"2 Louse","floor":3,"turns":3},{"damage":6,"enemies":"Cultist","floor":4,"turns":3},{"damage":10,"enemies":"Lots of Slimes","floor":5,"turns":3},{"damage":18,"enemies":"3 Sentries","floor":6,"turns":5},{"damage":21,"enemies":"Exordium Thugs","floor":7,"turns":4},{"damage":37,"enemies":"Gremlin Nob","floor":8,"turns":4},{"damage":18,"enemies":"Lagavulin","floor":10,"turns":6}],"seed_played":"1797770902166736154","potions_obtained":[{"floor":4,"key":"PowerPotion"},{"floor":5,"key":"AttackPotion"},{"floor":8,"key":"SteroidPotion"}],"is_trial":false,"path_per_floor":["M","?","M","M","M","E","M","E","T","E"],"character_chosen":"IRONCLAD","items_purchased":[],"campfire_rested":0,"item_purchase_floors":[],"current_hp_per_floor":[78,78,80,80,76,64,49,18,18,0],"gold":195,"neow_bonus":"UPGRADE_CARD","is_prod":false,"is_daily":false,"chose_seed":false,"campfire_upgraded":0,"win_rate":0,"timestamp":1555728431,"path_taken":["M","?","M","M","M","E","M","E","T","E"],"build_version":"2019-01-23","purchased_purges":0,"victory":false,"max_hp_per_floor":[80,80,80,80,80,80,80,80,80,80],"card_choices":[{"not_picked":["Heavy Blade","Fire Breathing","Rage"],"picked":"SKIP","floor":1},{"not_picked":["Second Wind","Headbutt"],"picked":"Cleave","floor":3},{"not_picked":["Clash","True Grit"],"picked":"Sever Soul","floor":4},{"not_picked":["True Grit","Thunderclap"],"picked":"Combust","floor":5},{"not_picked":["Seeing Red","Burning Pact"],"picked":"Hemokinesis","floor":6},{"not_picked":["Clash","Wild Strike","Power Through"],"picked":"SKIP","floor":7},{"not_picked":["Infernal Blade","Headbutt"],"picked":"Impervious","floor":8}],"player_experience":276171,"relics_obtained":[{"floor":6,"key":"Omamori"},{"floor":8,"key":"Regal Pillow"},{"floor":9,"key":"Lantern"}],"event_choices":[{"cards_removed":["Strike_R"],"damage_healed":0,"gold_gain":0,"player_choice":"Card Removal","damage_taken":0,"max_hp_gain":0,"max_hp_loss":0,"event_name":"The Cleric","floor":2,"gold_loss":50}],"is_beta":false,"boss_relics":[],"items_purged_floors":[],"is_endless":false,"potions_floor_spawned":[4,5,8],"killed_by":"Lagavulin","ascension_level":12}