{"gold_per_floor":[115,129,204,217,227,227,254,269,317,317,332,349,349,359,359,457,457,468,452,452],"floor_reached":20,"playtime":1121,"items_purged":[],"score":180,"play_id":"3d279ac1-174e-47fb-9155-87e47e2dbd0f","local_time":"20190225164101","is_ascension_mode":false,"campfire_choices":[{"data":"Noxious Fumes","floor":6,"key":"SMITH"},{"data":"Neutralize","floor":13,"key":"SMITH"},{"data":"Catalyst","floor":15,"key":"SMITH"}],"neow_cost":"NONE","seed_source_timestamp":429466869891709,"circlet_count":0,"master_deck":["Defend_G","Defend_G","Defend_G","Defend_G","Defend_G","Strike_G","Strike_G","Strike_G","Strike_G","Strike_G","Survivor","Neutralize+1","Well Laid Plans","Poisoned Stab","Noxious Fumes+1","Catalyst+1","Night Terror","Leg Sweep","Well Laid Plans+1"],"relics":["Sozu"],"potions_floor_usage":[],"damage_taken":[{"damage":0,"enemies":"Small Slimes","floor":1,"turns":4},{"damage":0,"enemies":"Jaw Worm","floor":2,"turns":5},{"damage":0,"enemies":"Cultist","floor":4,"turns":4},{"damage":6,"enemies":"Lots of Slimes","floor":5,"turns":5},{"damage":7,"enemies":"3 Sentries","floor":7,"turns":8},{"damage":5,"enemies":"Looter","floor":8,"turns":4},{"damage":0,"enemies":"Large Slime","floor":11,"turns":6},{"damage":1,"enemies":"Exordium Wildlife","floor":12,"turns":3},{"damage":0,"enemies":"Red Slaver","floor":14,"turns":4},{"damage":11,"enemies":"Hexaghost","floor":16,"turns":8},{"damage":3,"enemies":"Chosen","floor":18,"turns":5},{"damage":24,"enemies":"2 Thieves","floor":19,"turns":4},{"damage":52,"enemies":"Chosen and Byrds","floor":20,"turns":5}],"seed_played":"-7526067077714994330","potions_obtained":[],"is_trial":false,"path_per_floor":["M","M","?","M","M","R","E","M","T","?","M","M","R","M","R","B",null,"M","M","M"],"character_chosen":"THE_SILENT","items_purchased":[],"campfire_rested":0,"item_purchase_floors":[],"current_hp_per_floor":[70,70,59,59,53,53,46,41,41,41,41,40,40,40,40,29,70,67,43,0],"gold":452,"neow_bonus":"BOSS_RELIC","is_prod":false,"is_daily":false,"chose_seed":false,"campfire_upgraded":3,"win_rate":0,"timestamp":1551141661,"path_taken":["M","M","?","M","M","R","E","M","T","?","?","M","R","M","R","BOSS","M","M","?"],"build_version":"2019-01-23","purchased_purges":0,"victory":false,"max_hp_per_floor":[70,70,70,70,70,70,70,70,70,70,70,70,70,70,70,70,70,70,70,70],"card_choices":[{"not_picked":["Bane","Dagger Throw"],"picked":"Well Laid Plans","floor":1},{"not_picked":["PiercingWail","Quick Slash"],"picked":"Poisoned Stab","floor":2},{"not_picked":["Setup","Dodge and Roll"],"picked":"Noxious Fumes","floor":4},{"not_picked":["Blade Dance","Eviscerate","Heel Hook"],"picked":"SKIP","floor":5},{"not_picked":["Slice","Infinite Blades","Masterful Stab"],"picked":"SKIP","floor":7},{"not_picked":["Quick Slash","Underhanded Strike","Storm of Steel"],"picked":"SKIP","floor":8},{"not_picked":["Finisher","Dodge and Roll","Riddle With Holes"],"picked":"SKIP","floor":11},{"not_picked":["Backstab","Deflect","Heel Hook"],"picked":"SKIP","floor":12},{"not_picked":["Flying Knee","Backstab"],"picked":"Catalyst","floor":14},{"not_picked":["After Image","Envenom"],"picked":"Night Terror","floor":16},{"not_picked":["Bane","Backflip"],"picked":"Leg Sweep","floor":18},{"not_picked":["Bane","Slice"],"picked":"Well Laid Plans+1","floor":19}],"player_experience":454781,"relics_obtained":[],"event_choices":[{"damage_healed":0,"gold_gain":75,"player_choice":"Gather Gold","damage_taken":11,"max_hp_gain":0,"max_hp_loss":0,"event_name":"World of Goop","floor":3,"gold_loss":0},{"damage_healed":0,"gold_gain":0,"player_choice":"0 cards matched","damage_taken":0,"max_hp_gain":0,"max_hp_loss":0,"event_name":"Match and Keep!","floor":10,"gold_loss":0,"cards_obtained":[]}],"is_beta":false,"boss_relics":[{"not_picked":["Pandora\u0027s Box","Black Star","Coffee Dripper"]}],"items_purged_floors":[],"is_endless":false,"potions_floor_spawned":[1,5,12,14,16,18],"killed_by":"Chosen and Byrds","ascension_level":0}