{"gold_per_floor":[18,0,16,26,41,41,71,71,71,32,32,32,48,61,61,166,166,178,178,93,21,21,21,38,73,73,73],"floor_reached":27,"playtime":899,"items_purged":[],"score":254,"play_id":"920793dc-b14b-4119-b3ce-07773062d1ba","local_time":"20190405181732","is_ascension_mode":true,"campfire_choices":[{"data":"Static Discharge","floor":6,"key":"SMITH"},{"floor":8,"key":"REST"},{"data":"Consume","floor":12,"key":"SMITH"},{"floor":15,"key":"REST"},{"data":"Capacitor","floor":23,"key":"SMITH"}],"neow_cost":"NO_GOLD","seed_source_timestamp":1842920331049,"circlet_count":0,"master_deck":["Strike_B","Strike_B","Strike_B","Strike_B","Defend_B","Defend_B","Defend_B","Defend_B","Zap","Dualcast","Hologram","Streamline","Sweeping Beam","Static Discharge+1","Consume+1","Capacitor+1","Auto Shields","Cold Snap","Multi-Cast","Capacitor","RitualDagger","Static Discharge","Consume","Fusion"],"relics":["Cracked Core","Calipers","Symbiotic Virus","Pear","Lizard Tail","Cables","Blue Candle","Shuriken"],"potions_floor_usage":[14,18,25],"damage_taken":[{"damage":1,"enemies":"Cultist","floor":1,"turns":3},{"damage":5,"enemies":"Small Slimes","floor":3,"turns":3},{"damage":0,"enemies":"2 Louse","floor":4,"turns":1},{"damage":11,"enemies":"Looter","floor":5,"turns":3},{"damage":27,"enemies":"Gremlin Nob","floor":7,"turns":4},{"damage":15,"enemies":"2 Fungi Beasts","floor":13,"turns":3},{"damage":35,"enemies":"Exordium Thugs","floor":14,"turns":6},{"damage":20,"enemies":"The Guardian","floor":16,"turns":12},{"damage":11,"enemies":"Spheric Guardian","floor":18,"turns":3},{"damage":49,"enemies":"Shell Parasite","floor":24,"turns":5},{"damage":61,"enemies":"Gremlin Leader","floor":25,"turns":8},{"damage":11,"enemies":"Centurion and Healer","floor":27,"turns":1}],"seed_played":"-4803319474393841788","potions_obtained":[{"floor":13,"key":"Block Potion"},{"floor":16,"key":"Explosive Potion"},{"floor":24,"key":"SkillPotion"}],"is_trial":false,"path_per_floor":["M","?","M","M","M","R","E","R","T","$","?","R","M","M","R","B",null,"M","?","?","$","?","R","M","E","T","M"],"character_chosen":"DEFECT","items_purchased":["Capacitor","Static Discharge"],"campfire_rested":2,"item_purchase_floors":[10,21],"current_hp_per_floor":[74,74,69,69,58,58,31,53,63,63,85,85,70,35,60,40,85,74,68,68,68,68,68,19,3,3,0],"gold":73,"neow_bonus":"ONE_RARE_RELIC","is_prod":false,"is_daily":false,"chose_seed":false,"campfire_upgraded":3,"win_rate":0,"timestamp":1554513452,"path_taken":["M","?","M","M","M","R","E","R","T","$","?","R","?","M","R","BOSS","M","?","?","$","?","R","M","E","T","M"],"build_version":"2019-01-23","purchased_purges":0,"victory":false,"max_hp_per_floor":[75,75,75,75,75,75,75,75,85,85,85,85,85,85,85,85,85,85,85,85,85,85,85,85,85,85,85],"card_choices":[{"not_picked":["Compile Driver","Go for the Eyes"],"picked":"Hologram","floor":1},{"not_picked":["Recycle","Go for the Eyes"],"picked":"Streamline","floor":3},{"not_picked":["Hologram","Force Field"],"picked":"Sweeping Beam","floor":4},{"not_picked":["Force Field","Skim"],"picked":"Static Discharge","floor":5},{"not_picked":["Reinforced Body","Meteor Strike"],"picked":"Consume","floor":7},{"not_picked":["Rebound","Hologram"],"picked":"Auto Shields","floor":13},{"not_picked":["Sweeping Beam","Barrage"],"picked":"Cold Snap","floor":14},{"not_picked":["Core Surge","Fission"],"picked":"Multi-Cast","floor":16},{"not_picked":["Coolheaded","Reprogram"],"picked":"Capacitor","floor":18},{"not_picked":["FTL","Cold Snap"],"picked":"Consume","floor":24},{"not_picked":["Loop+1","FTL"],"picked":"Fusion","floor":25}],"player_experience":401751,"relics_obtained":[{"floor":7,"key":"Symbiotic Virus"},{"floor":9,"key":"Pear"},{"floor":25,"key":"Blue Candle"},{"floor":26,"key":"Shuriken"}],"event_choices":[{"damage_healed":0,"gold_gain":0,"player_choice":"Left Gold","damage_taken":0,"max_hp_gain":0,"max_hp_loss":0,"event_name":"World of Goop","floor":2,"gold_loss":18},{"damage_healed":22,"gold_gain":0,"player_choice":"Full Heal","damage_taken":0,"max_hp_gain":0,"max_hp_loss":0,"event_name":"Wheel of Change","floor":11,"gold_loss":0},{"damage_healed":0,"gold_gain":0,"player_choice":"Joined the Cult","damage_taken":6,"max_hp_gain":0,"max_hp_loss":0,"event_name":"Nest","floor":19,"gold_loss":0,"cards_obtained":["RitualDagger"]},{"damage_healed":0,"gold_gain":0,"player_choice":"Obtained Relic","damage_taken":0,"relics_obtained":["Cables"],"max_hp_gain":0,"max_hp_loss":0,"event_name":"Addict","floor":20,"gold_loss":85},{"damage_healed":0,"gold_gain":0,"player_choice":"Ignored","damage_taken":0,"max_hp_gain":0,"max_hp_loss":0,"event_name":"Ghosts","floor":22,"gold_loss":0}],"is_beta":false,"boss_relics":[{"not_picked":["White Beast Statue","Empty Cage"],"picked":"Lizard Tail"}],"items_purged_floors":[],"is_endless":false,"potions_floor_spawned":[13,16,24],"killed_by":"Centurion and Healer","ascension_level":2}