{"gold_per_floor":[111,122,122,133,143,143,93,93,170,170,186,205,130,140,140,241,241,258,268,268,268,168,168,178,178,202,202,202,77,96,116,116,213,213,229,244,244,260,279,279,279],"floor_reached":41,"playtime":1502,"items_purged":["Strike_B","Strike_B","Defend_B"],"score":387,"play_id":"a35c7316-19ea-461a-bdc0-e9df33ba7214","local_time":"20190222211143","is_ascension_mode":false,"campfire_choices":[{"data":"Beam Cell","floor":6.0,"key":"SMITH"},{"data":"Zap","floor":10.0,"key":"SMITH"},{"data":"Defend_B","floor":15.0,"key":"SMITH"},{"data":"Coolheaded","floor":23,"key":"SMITH"},{"data":"Gash","floor":25,"key":"SMITH"},{"data":"Defend_B","floor":27,"key":"SMITH"},{"data":"Rip and Tear","floor":32,"key":"SMITH"},{"floor":40,"key":"REST"}],"neow_cost":"NONE","seed_source_timestamp":0,"circlet_count":0,"master_deck":["Defend_B+1","Defend_B+1","Zap+1","Rip and Tear+1","Cold Snap+1","Beam Cell+1","Gash+1","Coolheaded+1","Gash"],"special_seed":0,"relics":["Cracked Core","Bottled Lightning","Nuclear Battery","Ancient Tea Set","Lizard Tail"],"potions_floor_usage":[31,33,39],"damage_taken":[{"damage":0.0,"enemies":"2 Louse","floor":1.0,"turns":2.0},{"damage":9.0,"enemies":"Jaw Worm","floor":2.0,"turns":2.0},{"damage":0.0,"enemies":"Cultist","floor":4.0,"turns":3.0},{"damage":0.0,"enemies":"2 Fungi Beasts","floor":5.0,"turns":3.0},{"damage":8.0,"enemies":"Looter","floor":11.0,"turns":2.0},{"damage":0.0,"enemies":"Large Slime","floor":12.0,"turns":3.0},{"damage":22.0,"enemies":"Gremlin Gang","floor":14.0,"turns":3.0},{"damage":16.0,"enemies":"The Guardian","floor":16.0,"turns":10.0},{"damage":6.0,"enemies":"3 Byrds","floor":18.0,"turns":5.0},{"damage":0.0,"enemies":"Spheric Guardian","floor":19.0,"turns":3.0},{"damage":4,"enemies":"Centurion and Healer","floor":24,"turns":7},{"damage":2,"enemies":"Chosen and Byrds","floor":30,"turns":5},{"damage":0,"enemies":"Cultist and Chosen","floor":31,"turns":4},{"damage":68,"enemies":"Collector","floor":33,"turns":11},{"damage":19,"enemies":"3 Shapes","floor":35,"turns":3},{"damage":40,"enemies":"3 Darklings","floor":36,"turns":6},{"damage":7,"enemies":"Sphere and 2 Shapes","floor":38,"turns":5},{"damage":12,"enemies":"Maw","floor":39,"turns":6},{"damage":60,"enemies":"4 Shapes","floor":41,"turns":3}],"seed_played":"-7975003776346769833","potions_obtained":[{"floor":5.0,"key":"SteroidPotion"},{"floor":12.0,"key":"SkillPotion"},{"floor":14.0,"key":"GamblersBrew"},{"floor":16.0,"key":"Strength Potion"},{"floor":18.0,"key":"Explosive Potion"},{"floor":33,"key":"SteroidPotion"},{"floor":35,"key":"SteroidPotion"},{"floor":39,"key":"Ancient Potion"}],"is_trial":false,"path_per_floor":["M","M","$","M","M","R","?","?","T","R","M","M","$","M","R","B",null,"M","M","?","?","$","R","M","R","T","R","?","$","M","M","R","B",null,"M","M","?","M","M","R","M"],"character_chosen":"DEFECT","items_purchased":[],"campfire_rested":1,"item_purchase_floors":[],"current_hp_per_floor":[75,66,66,66,66,66,66,66,66,66,58,58,58,36,36,20,75,69,69,69,75,75,75,71,71,71,71,71,71,69,69,69,1,75,56,16,16,9,35,57,0],"gold":279,"neow_bonus":"TRANSFORM_CARD","is_prod":false,"is_daily":false,"chose_seed":false,"campfire_upgraded":7,"win_rate":0,"timestamp":1550898703,"path_taken":["M","M","$","M","M","R","?","?","T","R","M","M","$","?","R","BOSS","M","M","?","?","$","R","M","R","T","R","?","$","M","M","R","BOSS","M","M","?","M","?","R","M"],"build_version":"2019-01-23","purchased_purges":3,"victory":false,"max_hp_per_floor":[75,75,75,75,75,75,75,75,75,75,75,75,75,75,75,75,75,75,75,75,75,75,75,75,75,75,75,75,75,75,75,75,75,75,75,75,75,75,75,75,75],"card_choices":[{"not_picked":["Go for the Eyes","Melter"],"picked":"Cold Snap","floor":1.0},{"not_picked":["Cold Snap","Redo","Darkness"],"picked":"SKIP","floor":2.0},{"not_picked":["Chaos","Sweeping Beam"],"picked":"Beam Cell","floor":4.0},{"not_picked":["Static Discharge","Steam Power","Streamline"],"picked":"SKIP","floor":5.0},{"not_picked":["Loop","Fusion","Rebound"],"picked":"SKIP","floor":11.0},{"not_picked":["Glacier","Ball Lightning"],"picked":"Gash","floor":12.0},{"not_picked":["Skim","FTL","Hologram"],"picked":"SKIP","floor":14.0},{"not_picked":["Scrape+1","Cold Snap+1"],"picked":"Coolheaded","floor":18.0},{"not_picked":["Cold Snap+1","Streamline+1","Tempest"],"picked":"SKIP","floor":19.0},{"not_picked":["Compile Driver+1","Undo","Buffer"],"picked":"SKIP","floor":24},{"not_picked":["Redo","Rebound+1","Coolheaded"],"picked":"SKIP","floor":30},{"not_picked":["Leap","Compile Driver","Barrage+1"],"picked":"SKIP","floor":31},{"not_picked":["Leap","Coolheaded","Blizzard+1"],"picked":"SKIP","floor":35},{"not_picked":["Turbo","Melter+1"],"picked":"Gash","floor":36},{"not_picked":["Rebound+1","Steam+1","Sunder"],"picked":"SKIP","floor":38},{"not_picked":["Go for the Eyes","Leap","Beam Cell+1"],"picked":"SKIP","floor":39}],"player_experience":442202,"relics_obtained":[{"floor":9.0,"key":"Bottled Lightning"},{"floor":26,"key":"Ancient Tea Set"}],"event_choices":[{"cards_removed":["Defend_B"],"damage_healed":0.0,"max_hp_gain":0.0,"max_hp_loss":0.0,"gold_gain":0.0,"event_name":"The Cleric","player_choice":"Card Removal","floor":7.0,"gold_loss":50.0,"damage_taken":0.0},{"damage_healed":0.0,"max_hp_gain":0.0,"max_hp_loss":0.0,"gold_gain":0.0,"event_name":"Upgrade Shrine","player_choice":"Upgraded","floor":8.0,"gold_loss":0.0,"damage_taken":0.0,"cards_upgraded":["Cold Snap"]},{"cards_removed":["Strike_B"],"damage_healed":0.0,"max_hp_gain":0.0,"max_hp_loss":0.0,"gold_gain":0.0,"event_name":"Back to Basics","player_choice":"Elegance","floor":20.0,"gold_loss":0.0,"damage_taken":0.0},{"damage_healed":25,"gold_gain":0,"player_choice":"Heal","damage_taken":0,"max_hp_gain":0,"max_hp_loss":0,"event_name":"The Library","floor":21,"gold_loss":0},{"damage_healed":0,"gold_gain":0,"player_choice":"Ignored","damage_taken":0,"max_hp_gain":0,"max_hp_loss":0,"event_name":"Ghosts","floor":28,"gold_loss":0},{"cards_removed":["Dualcast"],"damage_healed":0,"gold_gain":0,"player_choice":"Card Removal","damage_taken":0,"max_hp_gain":0,"max_hp_loss":0,"event_name":"Wheel of Change","floor":37,"gold_loss":0}],"is_beta":false,"boss_relics":[{"not_picked":["Cursed Key","Eternal Feather"],"picked":"Nuclear Battery"},{"not_picked":["Philosopher\u0027s Stone","Pandora\u0027s Box"],"picked":"Lizard Tail"}],"items_purged_floors":[13,22,29],"is_endless":false,"potions_floor_spawned":[5,12,14,16,18,30,33,35,39],"killed_by":"4 Shapes","ascension_level":0}