{"gold_per_floor":[361,361,436,74,25,25,55,70,70,70,81,106,121,121,121,252,252,276,186],"floor_reached":19,"playtime":1176,"items_purged":["Strike_B"],"score":271,"play_id":"517c396d-bea9-4989-92b1-65661067377d","local_time":"20190506123412","is_ascension_mode":true,"campfire_choices":[{"floor":6.0,"key":"REST"},{"floor":10.0,"key":"REST"},{"floor":15.0,"key":"REST"}],"neow_cost":"PERCENT_DAMAGE","seed_source_timestamp":0,"circlet_count":0,"master_deck":["AscendersBane","Defend_B","Defend_B","Defend_B","Defend_B","Zap","Dualcast","Sunder","Loop+1","Coolheaded","Consume","Go for the Eyes","Compile Driver","Heatsinks+1","Chill","Injury","Echo Form+1","Auto Shields"],"special_seed":0,"relics":["Cracked Core","Frozen Egg 2","Ancient Tea Set","Pen Nib","The Courier","Golden Idol","Empty Cage"],"potions_floor_usage":[],"damage_taken":[{"damage":3.0,"enemies":"Jaw Worm","floor":1.0,"turns":4.0},{"damage":26.0,"enemies":"3 Sentries","floor":7.0,"turns":6.0},{"damage":4.0,"enemies":"2 Louse","floor":8.0,"turns":2.0},{"damage":0.0,"enemies":"Small Slimes","floor":11.0,"turns":2.0},{"damage":11.0,"enemies":"Lagavulin","floor":12.0,"turns":6.0},{"damage":8.0,"enemies":"Blue Slaver","floor":13.0,"turns":4.0},{"damage":11.0,"enemies":"Slime Boss","floor":16.0,"turns":10.0},{"damage":35.0,"enemies":"Shell Parasite","floor":18.0,"turns":10.0},{"damage":43,"enemies":"2 Thieves","floor":19,"turns":3}],"seed_played":"-4944796692120883383","potions_obtained":[{"floor":1.0,"key":"FocusPotion"},{"floor":11.0,"key":"Energy Potion"},{"floor":13.0,"key":"Fire Potion"},{"floor":16.0,"key":"Fire Potion"}],"is_trial":false,"path_per_floor":["?","?","$","M","?"],"character_chosen":"DEFECT","items_purchased":["Frozen Egg 2","Loop+1","Coolheaded"],"campfire_rested":3,"item_purchase_floors":[4,4,5],"current_hp_per_floor":[47,40,29,29,29,51,25,21,21,43,43,32,24,24,46,35,65,30,0],"gold":186,"neow_bonus":"TWO_FIFTY_GOLD","is_prod":false,"is_daily":false,"chose_seed":false,"campfire_upgraded":0,"win_rate":0,"timestamp":1557167652,"path_taken":["M","?","?","?","$","R","E","M","T","R","M","E","?","?","R","BOSS","M","M"],"build_version":"2019-01-23","purchased_purges":1,"victory":false,"max_hp_per_floor":[75,75,75,75,75,75,75,75,75,75,75,75,75,75,75,75,75,75,75],"card_choices":[{"not_picked":["Sweeping Beam","Redo"],"picked":"Sunder","floor":1.0},{"not_picked":["Fission","Go for the Eyes"],"picked":"Consume","floor":7.0},{"not_picked":["Streamline","Sweeping Beam"],"picked":"Go for the Eyes","floor":8.0},{"not_picked":["Steam","Go for the Eyes"],"picked":"Compile Driver","floor":11.0},{"not_picked":["Consume","Rip and Tear"],"picked":"Heatsinks+1","floor":12.0},{"not_picked":["Lockon","Aggregate"],"picked":"Chill","floor":13.0},{"not_picked":["Meteor Strike","Multi-Cast"],"picked":"Echo Form+1","floor":16.0},{"not_picked":["Streamline+1","Coolheaded"],"picked":"Auto Shields","floor":18.0}],"player_experience":679915,"relics_obtained":[{"floor":7.0,"key":"Ancient Tea Set"},{"floor":9.0,"key":"Pen Nib"},{"floor":12.0,"key":"The Courier"}],"event_choices":[{"cards_removed":["Strike_B"],"damage_healed":0.0,"max_hp_gain":0.0,"max_hp_loss":0.0,"gold_gain":0.0,"event_name":"Golden Wing","player_choice":"Card Removal","floor":2.0,"gold_loss":0.0,"damage_taken":7.0},{"damage_healed":0.0,"max_hp_gain":0.0,"max_hp_loss":0.0,"gold_gain":75.0,"event_name":"World of Goop","player_choice":"Gather Gold","floor":3.0,"gold_loss":0.0,"damage_taken":11.0},{"damage_healed":0.0,"max_hp_gain":0.0,"max_hp_loss":0.0,"gold_gain":0.0,"event_name":"Golden Idol","player_choice":"Take Wound","floor":14.0,"gold_loss":0.0,"damage_taken":0.0,"relics_obtained":["Golden Idol"],"cards_obtained":["Injury"]}],"is_beta":false,"boss_relics":[{"not_picked":["Tiny House","Runic Dome"],"picked":"Empty Cage"}],"items_purged_floors":[4],"is_endless":false,"potions_floor_spawned":[1,11,13,16,18],"killed_by":"2 Thieves","ascension_level":11}