{"gold_per_floor":[15,32,107,107,117,117,136,170,252,252,252,263,281,281,281,281],"floor_reached":16,"playtime":1103,"items_purged":[],"score":118,"play_id":"4cd5f1f7-0274-4547-85ea-ac490787de6b","local_time":"20190422173039","is_ascension_mode":true,"campfire_choices":[{"data":"Bash","floor":6,"key":"SMITH"},{"floor":10,"key":"REST"},{"floor":15,"key":"REST"}],"neow_cost":"NO_GOLD","seed_source_timestamp":670360995267716,"circlet_count":0,"master_deck":["Strike_R","Strike_R","Strike_R","Strike_R","Defend_R","Defend_R","Defend_R","Defend_R","Bash+1","Intimidate","Battle Trance","Thunderclap","Flame Barrier","Iron Wave","Armaments"],"relics":["Burning Blood","Turnip","Girya","Question Card"],"potions_floor_usage":[8,8,11,16,16],"damage_taken":[{"damage":6,"enemies":"Jaw Worm","floor":1,"turns":3},{"damage":1,"enemies":"Small Slimes","floor":2,"turns":3},{"damage":7,"enemies":"Cultist","floor":5,"turns":4},{"damage":24,"enemies":"Exordium Thugs","floor":7,"turns":5},{"damage":27,"enemies":"3 Sentries","floor":8,"turns":8},{"damage":14,"enemies":"Lagavulin","floor":11,"turns":6},{"damage":23,"enemies":"Large Slime","floor":12,"turns":8},{"damage":9,"enemies":"2 Fungi Beasts","floor":13,"turns":3},{"damage":47,"enemies":"Hexaghost","floor":16,"turns":14}],"seed_played":"4240913058220761686","potions_obtained":[{"floor":1,"key":"Swift Potion"},{"floor":7,"key":"SpeedPotion"},{"floor":8,"key":"SmokeBomb"},{"floor":14,"key":"Dexterity Potion"},{"floor":14,"key":"Block Potion"},{"floor":14,"key":"SneckoOil"}],"is_trial":false,"path_per_floor":["M","M","?","?","M","R","M","E","T","R","E","M","M","?","R","B"],"character_chosen":"IRONCLAD","items_purchased":[],"campfire_rested":2,"item_purchase_floors":[],"current_hp_per_floor":[80,80,69,62,61,61,43,22,22,46,38,21,18,18,42,0],"gold":281,"neow_bonus":"ONE_RARE_RELIC","is_prod":false,"is_daily":false,"chose_seed":false,"campfire_upgraded":1,"win_rate":0,"timestamp":1555950639,"path_taken":["M","M","?","?","M","R","M","E","T","R","E","M","M","?","R","BOSS"],"build_version":"2019-01-23","purchased_purges":0,"victory":false,"max_hp_per_floor":[80,80,80,80,80,80,80,80,80,80,80,80,80,80,80,80],"card_choices":[{"not_picked":["Corruption","Perfected Strike"],"picked":"Intimidate","floor":1},{"not_picked":["Body Slam","Clash","Warcry"],"picked":"SKIP","floor":2},{"not_picked":["Thunderclap","Hemokinesis"],"picked":"Battle Trance","floor":5},{"not_picked":["Cleave","Second Wind"],"picked":"Thunderclap","floor":7},{"not_picked":["True Grit","Corruption"],"picked":"Flame Barrier","floor":8},{"not_picked":["Warcry","Wild Strike","Perfected Strike"],"picked":"Iron Wave","floor":12},{"not_picked":["Thunderclap","Cleave","Feel No Pain"],"picked":"Armaments","floor":13}],"player_experience":1819197,"relics_obtained":[{"floor":8,"key":"Girya"},{"floor":9,"key":"Question Card"}],"event_choices":[{"damage_healed":0,"gold_gain":75,"player_choice":"Gather Gold","damage_taken":11,"max_hp_gain":0,"max_hp_loss":0,"event_name":"World of Goop","floor":3,"gold_loss":0},{"cards_removed":["Strike_R"],"damage_healed":0,"gold_gain":0,"player_choice":"Card Removal","damage_taken":7,"max_hp_gain":0,"max_hp_loss":0,"event_name":"Golden Wing","floor":4,"gold_loss":0},{"damage_healed":0,"gold_gain":0,"player_choice":"Got Potions","damage_taken":0,"max_hp_gain":0,"max_hp_loss":0,"event_name":"Lab","floor":14,"gold_loss":0}],"is_beta":false,"boss_relics":[],"items_purged_floors":[],"is_endless":false,"potions_floor_spawned":[1,7,8,11],"killed_by":"Hexaghost","ascension_level":1}