{"gold_per_floor":[119,119,132,63,76,76,88,88,114,114,130,130,145,164,164,260,260,271,271,41,41,59,59,59],"floor_reached":24,"playtime":1447,"items_purged":["Strike_G"],"score":200,"play_id":"72806e43-ee8b-4d94-b0d0-82c95ce3dacb","local_time":"20181128222217","is_ascension_mode":true,"campfire_choices":[{"data":"Underhanded Strike","floor":6,"key":"SMITH"},{"data":"Bouncing Flask","floor":8,"key":"SMITH"},{"floor":12,"key":"REST"},{"data":"Catalyst","floor":15,"key":"SMITH"},{"floor":23,"key":"REST"}],"neow_cost":"NONE","seed_source_timestamp":773281088780514,"circlet_count":0,"master_deck":["Defend_G","Defend_G","Defend_G+1","Defend_G","Defend_G","Strike_G","Strike_G","Strike_G","Strike_G","Survivor+1","Neutralize","Underhanded Strike+1","Leg Sweep","Footwork","Bouncing Flask+1","Bane","Catalyst+1","Pain","Injury","Pain","Bouncing Flask+1","Deadly Poison"],"relics":["HoveringKite","Happy Flower","War Paint","Calling Bell","Juzu Bracelet","Ornamental Fan","Shovel","Membership Card"],"potions_floor_usage":[5,11,11,14,14,14,19],"damage_taken":[{"damage":6,"enemies":"Small Slimes","floor":1,"turns":4},{"damage":8,"enemies":"Jaw Worm","floor":3,"turns":5},{"damage":0,"enemies":"Cultist","floor":5,"turns":6},{"damage":0,"enemies":"2 Fungi Beasts","floor":7,"turns":5},{"damage":1,"enemies":"Red Slaver","floor":11,"turns":3},{"damage":0,"enemies":"Looter","floor":13,"turns":3},{"damage":2,"enemies":"Large Slime","floor":14,"turns":5},{"damage":36,"enemies":"The Guardian","floor":16,"turns":10},{"damage":27,"enemies":"Spheric Guardian","floor":18,"turns":7},{"damage":0,"enemies":"3 Byrds","floor":19,"turns":1},{"damage":18,"enemies":"Sentry and Sphere","floor":22,"turns":6},{"damage":51,"enemies":"Slavers","floor":24,"turns":7}],"seed_played":"-4923797058526135222","potions_obtained":[{"floor":3,"key":"Block Potion"},{"floor":7,"key":"SteroidPotion"},{"floor":10,"key":"SpeedPotion"},{"floor":10,"key":"Swift Potion"},{"floor":10,"key":"PowerPotion"},{"floor":11,"key":"Explosive Potion"},{"floor":13,"key":"PowerPotion"},{"floor":18,"key":"SmokeBomb"}],"is_trial":false,"path_per_floor":["M","?","M","$","M","R","M","R","T","?","M","R","M","M","R","B",null,"M","M","$","?","M","R","E"],"character_chosen":"THE_SILENT","items_purchased":["Footwork","Membership Card"],"campfire_rested":2,"item_purchase_floors":[4,20],"current_hp_per_floor":[64,57,49,49,49,49,49,49,49,49,48,69,69,67,67,31,70,43,43,43,43,25,46,0],"gold":59,"neow_bonus":"BOSS_RELIC","is_prod":false,"is_daily":false,"chose_seed":false,"campfire_upgraded":3,"win_rate":0,"timestamp":1543440137,"path_taken":["M","?","M","$","M","R","M","R","T","?","M","R","M","?","R","BOSS","M","M","$","?","M","R","E"],"build_version":"2018-11-15","purchased_purges":1,"victory":false,"max_hp_per_floor":[70,70,70,70,70,70,70,70,70,70,70,70,70,70,70,70,70,70,70,70,70,70,70,70],"card_choices":[{"not_picked":["Dodge and Roll","Flechettes"],"picked":"Underhanded Strike","floor":1},{"not_picked":["Bane","Slice"],"picked":"Leg Sweep","floor":3},{"not_picked":["Deflect","Slice","Finisher"],"picked":"SKIP","floor":5},{"not_picked":["Underhanded Strike","Outmaneuver"],"picked":"Bouncing Flask","floor":7},{"not_picked":["PiercingWail","Slice","Accuracy"],"picked":"SKIP","floor":11},{"not_picked":["Outmaneuver","Riddle With Holes"],"picked":"Bane","floor":13},{"not_picked":["Accuracy","Crippling Poison"],"picked":"Catalyst","floor":14},{"not_picked":["Riddle With Holes","Well Laid Plans","Blade Dance"],"picked":"SKIP","floor":18},{"not_picked":["Bane","Outmaneuver"],"picked":"Deadly Poison","floor":22}],"player_experience":268672,"relics_obtained":[{"floor":9,"key":"War Paint"},{"floor":17,"key":"Juzu Bracelet"},{"floor":17,"key":"Ornamental Fan"},{"floor":17,"key":"Shovel"}],"event_choices":[{"damage_healed":0,"gold_gain":0,"player_choice":"Success","damage_taken":7,"relics_obtained":["Happy Flower"],"max_hp_gain":0,"max_hp_loss":0,"event_name":"Scrap Ooze","floor":2,"gold_loss":0},{"damage_healed":0,"gold_gain":0,"player_choice":"Got Potions","damage_taken":0,"max_hp_gain":0,"max_hp_loss":0,"event_name":"Lab","floor":10,"gold_loss":0},{"damage_healed":0,"gold_gain":0,"player_choice":"Copied","damage_taken":0,"max_hp_gain":0,"max_hp_loss":0,"event_name":"Duplicator","floor":21,"gold_loss":0,"cards_obtained":["Bouncing Flask"]}],"is_beta":false,"boss_relics":[{"not_picked":["White Beast Statue","Fusion Hammer"],"picked":"Calling Bell"}],"items_purged_floors":[20],"is_endless":false,"potions_floor_spawned":[3,7,11,13,18,19],"killed_by":"Slavers","ascension_level":1}