{"gold_per_floor":[116,116,136,63,74,74,104,104,127,144,157,188,168,179,179,283,283,301,226,226,226,236,236,266,280,331,347,359,359,136,136,136,233,233,249,249,93,0,10,10,10],"floor_reached":41,"playtime":2544,"items_purged":["Strike_R"],"score":518,"play_id":"b69bdb5b-2d69-49de-ae41-9aed600e110c","local_time":"20190318192748","is_ascension_mode":true,"campfire_choices":[{"data":"Inflame","floor":6,"key":"SMITH"},{"data":"Body Slam","floor":8,"key":"SMITH"},{"data":"Flame Barrier","floor":15,"key":"SMITH"},{"data":"Body Slam","floor":23,"key":"SMITH"},{"floor":29,"key":"REST"},{"data":"Armaments","floor":32,"key":"SMITH"}],"neow_cost":"NONE","seed_source_timestamp":32982447242418,"circlet_count":0,"master_deck":["Strike_R+1","Strike_R","Defend_R","Defend_R","Defend_R","Defend_R","Bash+1","Disarm+1","Inflame+1","Immolate","Body Slam+1","Whirlwind","Armaments+1","Flame Barrier+1","Bludgeon","Fire Breathing","Thunderclap","Shrug It Off+1","Body Slam+1","Rampage","Heavy Blade+1","Feed","Inflame","Shrug It Off","Iron Wave","Barricade","Madness","Madness","Flame Barrier","Good Instincts"],"relics":["Burning Blood","Potion Belt","Whetstone","Blood Vial","Pocketwatch","Orrery","Turnip","Juzu Bracelet","Philosopher\u0027s Stone","Regal Pillow","Red Mask"],"potions_floor_usage":[16,16,28,33,33,33,33,33],"damage_taken":[{"damage":9,"enemies":"2 Louse","floor":1,"turns":4},{"damage":3,"enemies":"Cultist","floor":3,"turns":4},{"damage":0,"enemies":"Small Slimes","floor":5,"turns":3},{"damage":29,"enemies":"3 Sentries","floor":7,"turns":5},{"damage":1,"enemies":"Exordium Thugs","floor":10,"turns":3},{"damage":10,"enemies":"Blue Slaver","floor":11,"turns":4},{"damage":24,"enemies":"Lagavulin","floor":12,"turns":6},{"damage":7,"enemies":"3 Louse","floor":14,"turns":2},{"damage":0,"enemies":"The Guardian","floor":16,"turns":11},{"damage":39,"enemies":"Spheric Guardian","floor":18,"turns":8},{"damage":15,"enemies":"Chosen","floor":22,"turns":5},{"damage":20,"enemies":"Gremlin Leader","floor":24,"turns":7},{"damage":11,"enemies":"Centurion and Healer","floor":25,"turns":6},{"damage":26,"enemies":"Shelled Parasite and Fungi","floor":27,"turns":8},{"damage":19,"enemies":"Sentry and Sphere","floor":28,"turns":9},{"damage":83,"enemies":"Collector","floor":33,"turns":13},{"damage":16,"enemies":"Orb Walker","floor":35,"turns":5},{"damage":16,"enemies":"3 Darklings","floor":39,"turns":5},{"damage":80,"enemies":"Giant Head","floor":41,"turns":8}],"seed_played":"-812635701696114654","potions_obtained":[{"floor":1,"key":"SneckoOil"},{"floor":10,"key":"Strength Potion"},{"floor":11,"key":"Dexterity Potion"},{"floor":12,"key":"SmokeBomb"},{"floor":18,"key":"GamblersBrew"},{"floor":22,"key":"Fire Potion"},{"floor":25,"key":"EntropicBrew"}],"is_trial":false,"path_per_floor":["M","?","M","$","M","R","E","R","T","M","M","E","?","M","R","B",null,"M","?","?","?","M","R","E","M","T","M","M","R","$","?","R","B",null,"M","?","$","?","M","?","E"],"character_chosen":"IRONCLAD","items_purchased":["Inflame","Inflame","Shrug It Off","Iron Wave","Regal Pillow"],"campfire_rested":1,"item_purchase_floors":[4,30,30,30,37],"current_hp_per_floor":[77,77,80,80,80,80,57,57,57,64,62,46,46,47,47,55,80,47,47,73,73,66,66,54,51,51,33,22,46,46,46,46,19,80,74,63,63,63,55,55,0],"gold":10,"neow_bonus":"RANDOM_COMMON_RELIC","is_prod":false,"is_daily":false,"chose_seed":false,"campfire_upgraded":5,"win_rate":0,"timestamp":1552933668,"path_taken":["M","?","M","$","M","R","E","R","T","M","?","E","?","M","R","BOSS","M","?","?","?","?","R","E","M","T","M","M","R","$","?","R","BOSS","M","?","$","?","M","?","E"],"build_version":"2019-01-23","purchased_purges":1,"victory":false,"max_hp_per_floor":[80,80,80,80,80,80,80,80,80,80,80,80,80,80,80,80,80,80,80,80,80,80,80,80,80,80,80,80,80,80,80,80,80,80,84,84,84,84,84,84,84],"card_choices":[{"not_picked":["Spot Weakness","Rupture"],"picked":"Disarm","floor":1},{"not_picked":["Flex","Perfected Strike","Anger"],"picked":"SKIP","floor":3},{"not_picked":["Flex","Iron Wave"],"picked":"Immolate","floor":5},{"not_picked":["Reckless Charge","Ghostly Armor"],"picked":"Body Slam","floor":7},{"not_picked":["Entrench","Clothesline"],"picked":"Whirlwind","floor":10},{"not_picked":["Cleave","Warcry","Heavy Blade"],"picked":"SKIP","floor":11},{"not_picked":["Twin Strike","Feed"],"picked":"Armaments","floor":12},{"not_picked":["Havoc","Headbutt"],"picked":"Flame Barrier","floor":14},{"not_picked":["Exhume","Reaper"],"picked":"Bludgeon","floor":16},{"not_picked":["Anger","True Grit"],"picked":"Fire Breathing","floor":17},{"not_picked":["Cleave","Sword Boomerang"],"picked":"Thunderclap","floor":17},{"not_picked":["Headbutt","Rampage+1"],"picked":"Shrug It Off+1","floor":18},{"not_picked":["Reckless Charge","Fire Breathing"],"picked":"Body Slam","floor":22},{"not_picked":["Havoc+1","Clothesline","Offering"],"picked":"SKIP","floor":24},{"not_picked":["Clash","Shockwave"],"picked":"Rampage","floor":25},{"not_picked":["Sentinel+1","Perfected Strike"],"picked":"Heavy Blade+1","floor":27},{"not_picked":["Thunderclap+1","Carnage"],"picked":"Feed","floor":28},{"not_picked":["Juggernaut","Impervious"],"picked":"Barricade","floor":33},{"not_picked":["Perfected Strike","Anger","Searing Blow"],"picked":"SKIP","floor":35},{"not_picked":["Heavy Blade","Sword Boomerang"],"picked":"Flame Barrier","floor":39},{"not_picked":["Deep Breath","Blind"],"picked":"Good Instincts","floor":40}],"player_experience":164503,"relics_obtained":[{"floor":7,"key":"Whetstone"},{"floor":9,"key":"Blood Vial"},{"floor":12,"key":"Pocketwatch"},{"floor":24,"key":"Turnip"},{"floor":26,"key":"Juzu Bracelet"}],"event_choices":[{"damage_healed":0,"gold_gain":0,"player_choice":"Forge","damage_taken":0,"max_hp_gain":0,"max_hp_loss":0,"event_name":"Accursed Blacksmith","floor":2,"gold_loss":0,"cards_upgraded":["Disarm"]},{"damage_healed":0,"gold_gain":0,"player_choice":"Left Gold","damage_taken":0,"max_hp_gain":0,"max_hp_loss":0,"event_name":"World of Goop","floor":13,"gold_loss":20},{"cards_removed":["Strike_R"],"damage_healed":0,"gold_gain":0,"player_choice":"Gave Gold","damage_taken":0,"max_hp_gain":0,"max_hp_loss":0,"event_name":"Beggar","floor":19,"gold_loss":75},{"damage_healed":26,"gold_gain":0,"player_choice":"Heal","damage_taken":0,"max_hp_gain":0,"max_hp_loss":0,"event_name":"The Library","floor":20,"gold_loss":0},{"cards_removed":["Strike_R"],"damage_healed":0,"gold_gain":0,"player_choice":"Card Removal","damage_taken":0,"max_hp_gain":0,"max_hp_loss":0,"event_name":"Wheel of Change","floor":21,"gold_loss":0},{"damage_healed":0,"gold_gain":0,"player_choice":"Ignored","damage_taken":0,"max_hp_gain":0,"max_hp_loss":0,"event_name":"Ghosts","floor":31,"gold_loss":0},{"damage_healed":0,"gold_gain":0,"player_choice":"Embrace Madness","damage_taken":11,"max_hp_gain":0,"max_hp_loss":0,"event_name":"Winding Halls","floor":36,"gold_loss":0,"cards_obtained":["Madness","Madness"]},{"damage_healed":0,"gold_gain":0,"player_choice":"Paid","damage_taken":0,"relics_obtained":["Red Mask"],"max_hp_gain":0,"max_hp_loss":0,"event_name":"Tomb of Lord Red Mask","floor":38,"gold_loss":93},{"damage_healed":0,"gold_gain":0,"player_choice":"Memory 1","damage_taken":0,"max_hp_gain":0,"max_hp_loss":0,"event_name":"SensoryStone","floor":40,"gold_loss":0}],"is_beta":false,"boss_relics":[{"not_picked":["Tiny House","Calling Bell"],"picked":"Orrery"},{"not_picked":["White Beast Statue","Black Blood"],"picked":"Philosopher\u0027s Stone"}],"items_purged_floors":[30],"is_endless":false,"potions_floor_spawned":[1,10,11,12,18,22,25],"killed_by":"Giant Head","ascension_level":2}