{"gold_per_floor":[113,113,113,132,152,152,3,3,3,13,29,64,64,64,64,166,166,178,178,29,42,55,55,66,29,29,29,43,53,68,83,83,179,179,199,217,217,217,235,235,235,255,280,149,169,97,97,109,109,109],"floor_reached":51,"playtime":2602,"items_purged":["Strike_G"],"score":985,"play_id":"bccb2c35-853f-40f3-9ced-c34b6a78b102","local_time":"20190112031515","is_ascension_mode":true,"campfire_choices":[{"data":"Neutralize","floor":6,"key":"SMITH"},{"data":"Noxious Fumes","floor":13,"key":"SMITH"},{"data":"Dodge and Roll","floor":15,"key":"SMITH"},{"data":"After Image","floor":23,"key":"SMITH"},{"data":"Backflip","floor":27,"key":"SMITH"},{"data":"Noxious Fumes","floor":32,"key":"SMITH"},{"data":"Survivor","floor":40,"key":"SMITH"},{"data":"Catalyst","floor":49,"key":"SMITH"}],"neow_cost":"PERCENT_DAMAGE","seed_source_timestamp":542990500488530,"circlet_count":0,"master_deck":["Defend_G","Defend_G","Defend_G","Defend_G","Defend_G+1","Strike_G+1","Strike_G+1","Survivor+1","Neutralize+1","Blur+1","Backflip+1","Noxious Fumes+1","Dodge and Roll+1","Blur+1","After Image+1","Well Laid Plans","Backstab+1","Skewer+1","Noxious Fumes+1","Deadly Poison+1","Backflip+1","Catalyst+1","Infinite Blades"],"relics":["Ring of the Snake","Calipers","Bag of Preparation","Bottled Flame","Anchor","Runic Dome","War Paint","Tingsha","Velvet Choker","Gambling Chip","Whetstone"],"potions_floor_usage":[16,16,30,39,39,50],"damage_taken":[{"damage":1,"enemies":"2 Louse","floor":1,"turns":4},{"damage":0,"enemies":"Jaw Worm","floor":4,"turns":6},{"damage":0,"enemies":"Cultist","floor":5,"turns":4},{"damage":0,"enemies":"Red Slaver","floor":10,"turns":6},{"damage":0,"enemies":"Blue Slaver","floor":11,"turns":6},{"damage":0,"enemies":"Lagavulin","floor":12,"turns":13},{"damage":0,"enemies":"The Guardian","floor":16,"turns":14},{"damage":0,"enemies":"Shell Parasite","floor":18,"turns":9},{"damage":0,"enemies":"Spheric Guardian","floor":21,"turns":7},{"damage":0,"enemies":"Centurion and Healer","floor":22,"turns":12},{"damage":0,"enemies":"Snecko","floor":24,"turns":10},{"damage":0,"enemies":"Sentry and Sphere","floor":28,"turns":10},{"damage":0,"enemies":"Centurion and Healer","floor":29,"turns":12},{"damage":0,"enemies":"Cultist and Chosen","floor":30,"turns":11},{"damage":6,"enemies":"3 Cultists","floor":31,"turns":7},{"damage":0,"enemies":"Champ","floor":33,"turns":18},{"damage":0,"enemies":"3 Shapes","floor":35,"turns":5},{"damage":0,"enemies":"Orb Walker","floor":36,"turns":5},{"damage":4,"enemies":"Transient","floor":39,"turns":5},{"damage":0,"enemies":"3 Darklings","floor":42,"turns":6},{"damage":0,"enemies":"Spire Growth","floor":45,"turns":5},{"damage":0,"enemies":"Sphere and 2 Shapes","floor":48,"turns":5},{"damage":6,"enemies":"Donu and Deca","floor":50,"turns":11}],"seed_played":"8012666268824266267","potions_obtained":[{"floor":1,"key":"Dexterity Potion"},{"floor":5,"key":"SpeedPotion"},{"floor":11,"key":"AttackPotion"},{"floor":19,"key":"AttackPotion"},{"floor":19,"key":"SpeedPotion"},{"floor":22,"key":"GhostInAJar"},{"floor":28,"key":"PowerPotion"},{"floor":33,"key":"Swift Potion"},{"floor":35,"key":"SpeedPotion"},{"floor":39,"key":"GhostInAJar"}],"is_trial":false,"path_per_floor":["M","?","T","M","M","R","$","?","T","M","M","E","R","?","R","B",null,"M","?","$","M","M","R","M","$","T","R","M","M","M","M","R","B",null,"M","M","?","T","M","R","?","M","T","$","M","$","?","M","R","B",null],"character_chosen":"THE_SILENT","items_purchased":["Noxious Fumes","War Paint","Well Laid Plans","Catalyst","Poison Potion","Infinite Blades"],"campfire_rested":0,"item_purchase_floors":[7,20,25,44,44,46],"current_hp_per_floor":[48,53,53,53,53,53,53,46,46,46,46,46,46,46,46,46,68,68,68,68,68,68,68,68,68,68,68,68,68,68,62,62,62,72,72,72,72,72,68,68,68,68,68,68,68,68,68,68,68,62],"gold":109,"neow_bonus":"ONE_RARE_RELIC","is_prod":false,"is_daily":false,"chose_seed":false,"campfire_upgraded":8,"win_rate":0,"timestamp":1547262915,"path_taken":["M","?","?","M","?","R","?","?","T","M","M","E","R","?","R","BOSS","M","?","$","M","M","R","?","$","T","R","M","M","M","M","R","BOSS","M","M","?","?","?","R","?","M","T","?","M","?","?","M","R","BOSS"],"build_version":"2019-01-10","purchased_purges":1,"victory":true,"max_hp_per_floor":[70,75,75,75,75,75,75,75,75,75,75,75,75,75,75,75,75,75,75,75,75,75,75,75,75,75,75,75,75,75,75,75,75,75,75,75,75,75,75,75,75,75,75,75,75,75,71,71,71,71],"card_choices":[{"not_picked":["Deflect","Calculated Gamble"],"picked":"Blur","floor":1},{"not_picked":["Finisher","PiercingWail"],"picked":"Backflip","floor":4},{"not_picked":["Underhanded Strike","Prepared","Cloak And Dagger"],"picked":"SKIP","floor":5},{"not_picked":["Catalyst","Phantasmal Killer"],"picked":"Dodge and Roll","floor":10},{"not_picked":["Acrobatics","Quick Slash"],"picked":"Blur","floor":11},{"not_picked":["Prepared","Setup","Outmaneuver"],"picked":"SKIP","floor":12},{"not_picked":["Adrenaline","Die Die Die"],"picked":"After Image","floor":16},{"not_picked":["Blade Dance","Poisoned Stab","Acrobatics+1"],"picked":"SKIP","floor":18},{"not_picked":["Skewer","Bane","Prepared"],"picked":"SKIP","floor":21},{"not_picked":["Eviscerate","Skewer","Outmaneuver"],"picked":"SKIP","floor":22},{"not_picked":["Predator","Tactician","Masterful Stab+1"],"picked":"SKIP","floor":24},{"not_picked":["Eviscerate","Prepared"],"picked":"Backstab+1","floor":28},{"not_picked":["Masterful Stab+1","Distraction","PiercingWail"],"picked":"SKIP","floor":29},{"not_picked":["Slice","Phantasmal Killer"],"picked":"Skewer+1","floor":30},{"not_picked":["Choke","Outmaneuver"],"picked":"Noxious Fumes","floor":31},{"not_picked":["Flying Knee","Backflip+1"],"picked":"Deadly Poison+1","floor":35},{"not_picked":["Reflex+1","Finisher","Cloak And Dagger"],"picked":"SKIP","floor":36},{"not_picked":["Prepared+1","Outmaneuver"],"picked":"Backflip+1","floor":39},{"not_picked":["Masterful Stab","Backstab","Dash"],"picked":"SKIP","floor":42},{"not_picked":["PiercingWail","Flying Knee","Dagger Throw+1"],"picked":"SKIP","floor":45},{"not_picked":["PiercingWail","Backflip","Heel Hook"],"picked":"SKIP","floor":48}],"player_experience":59681,"relics_obtained":[{"floor":3,"key":"Bag of Preparation"},{"floor":9,"key":"Bottled Flame"},{"floor":12,"key":"Anchor"},{"floor":26,"key":"Tingsha"},{"floor":38,"key":"Gambling Chip"},{"floor":43,"key":"Whetstone"}],"event_choices":[{"damage_healed":0,"gold_gain":0,"player_choice":"Donut","damage_taken":0,"max_hp_gain":5,"max_hp_loss":0,"event_name":"Big Fish","floor":2,"gold_loss":0},{"cards_removed":["Strike_G"],"damage_healed":0,"gold_gain":0,"player_choice":"Card Removal","damage_taken":7,"max_hp_gain":0,"max_hp_loss":0,"event_name":"Golden Wing","floor":8,"gold_loss":0},{"damage_healed":0,"gold_gain":0,"player_choice":"Grow","damage_taken":0,"max_hp_gain":0,"max_hp_loss":0,"event_name":"Living Wall","floor":14,"gold_loss":0,"cards_upgraded":["Blur"]},{"damage_healed":0,"gold_gain":0,"player_choice":"Got Potions","damage_taken":0,"max_hp_gain":0,"max_hp_loss":0,"event_name":"Lab","floor":19,"gold_loss":0},{"damage_healed":0,"gold_gain":0,"player_choice":"Memory 1","damage_taken":0,"max_hp_gain":0,"max_hp_loss":0,"event_name":"SensoryStone","floor":37,"gold_loss":0},{"cards_removed":["Strike_G"],"damage_healed":0,"gold_gain":0,"player_choice":"Removed Attack","damage_taken":0,"max_hp_gain":0,"max_hp_loss":0,"event_name":"Falling","floor":41,"gold_loss":0},{"damage_healed":0,"gold_gain":0,"player_choice":"Max HP","damage_taken":0,"max_hp_gain":0,"max_hp_loss":4,"event_name":"Winding Halls","floor":47,"gold_loss":0}],"is_beta":false,"boss_relics":[{"not_picked":["Runic Pyramid","WristBlade"],"picked":"Runic Dome"},{"not_picked":["Fusion Hammer","Tiny House"],"picked":"Velvet Choker"}],"items_purged_floors":[7],"is_endless":false,"potions_floor_spawned":[1,5,11,22,24,28,29,33,35,39,48],"ascension_level":5}