{"gold_per_floor":[114,114,114,214,37,66,66,26,26,38,58,58,5,16,16,114,164,178,189,222,222,137,137,154,179,205,205,238,251,251,251,251,356,356,371,389,389,402,415,137,137,137,137,359,359,167,181,196,196,196],"floor_reached":51,"playtime":5859,"items_purged":["Strike_R"],"score":707,"play_id":"4525b585-d266-46d7-85cb-efcd4b2bb87b","local_time":"20190304231622","is_ascension_mode":false,"campfire_choices":[{"data":"Apotheosis","floor":7,"key":"SMITH"},{"data":"Inflame","floor":15,"key":"SMITH"},{"floor":23,"key":"REST"},{"floor":27,"key":"REST"},{"data":"Cleave","floor":30,"key":"SMITH"},{"floor":32,"key":"REST"},{"floor":41,"key":"REST"},{"floor":49,"key":"REST"}],"neow_cost":"NONE","seed_source_timestamp":44515123381549,"circlet_count":0,"master_deck":["Strike_R","Strike_R+1","Strike_R","Strike_R+1","Defend_R+1","Defend_R","Defend_R+1","Defend_R","Bash","Demon Form","Thunderclap","Apotheosis+1","Pommel Strike","Inflame+1","Headbutt","Pommel Strike","Flex","Infernal Blade","Impervious","Flex","Flex","Cleave+1","Headbutt","J.A.X.","Shrug It Off+1","Feed","Shrug It Off+1","Offering+1","Reckless Charge+1","True Grit+1","Anger+1","Infernal Blade+1","Deep Breath+1","Writhe","Secret Technique+1","Shrug It Off+1","Dual Wield+1"],"relics":["Burning Blood","Bag of Preparation","Pocketwatch","Tiny House","Red Mask","Lantern","Matryoshka","Toxic Egg 2","Bronze Scales","Bag of Marbles","Spirit Poop","Mark of Pain","Orichalcum","Ornamental Fan","Whetstone"],"potions_floor_usage":[16,28,33,38,39,50,50],"damage_taken":[{"damage":4,"enemies":"Jaw Worm","floor":1,"turns":5},{"damage":22,"enemies":"3 Sentries","floor":6,"turns":7},{"damage":0,"enemies":"Small Slimes","floor":10,"turns":4},{"damage":0,"enemies":"Cultist","floor":11,"turns":3},{"damage":12,"enemies":"Blue Slaver","floor":14,"turns":2},{"damage":36,"enemies":"Hexaghost","floor":16,"turns":7},{"damage":32,"enemies":"2 Thieves","floor":18,"turns":4},{"damage":24,"enemies":"Shell Parasite","floor":19,"turns":5},{"damage":10,"enemies":"Masked Bandits","floor":20,"turns":2},{"damage":12,"enemies":"3 Cultists","floor":24,"turns":3},{"damage":31,"enemies":"Slavers","floor":25,"turns":5},{"damage":19,"enemies":"Gremlin Leader","floor":28,"turns":4},{"damage":6,"enemies":"Centurion and Healer","floor":29,"turns":4},{"damage":23,"enemies":"Champ","floor":33,"turns":8},{"damage":14,"enemies":"3 Darklings","floor":35,"turns":3},{"damage":7,"enemies":"Orb Walker","floor":36,"turns":2},{"damage":48,"enemies":"Sphere and 2 Shapes","floor":38,"turns":4},{"damage":19,"enemies":"Spire Growth","floor":39,"turns":4},{"damage":6,"enemies":"3 Darklings","floor":47,"turns":2},{"damage":9,"enemies":"Jaw Worm Horde","floor":48,"turns":3},{"damage":75,"enemies":"Awakened One","floor":50,"turns":10}],"seed_played":"-2882908147264484611","potions_obtained":[{"floor":1,"key":"Strength Potion"},{"floor":6,"key":"FairyPotion"},{"floor":14,"key":"FearPotion"},{"floor":16,"key":"Weak Potion"},{"floor":17,"key":"Ancient Potion"},{"floor":19,"key":"SkillPotion"},{"floor":24,"key":"SkillPotion"},{"floor":28,"key":"Regen Potion"},{"floor":47,"key":"EssenceOfSteel"}],"is_trial":false,"path_per_floor":["M","?","?","?","$","E","R","$","T","M","M","?","$","M","R","B",null,"M","M","?","?","?","R","M","E","T","R","E","M","R","?","R","B",null,"M","M","?","M","M","$","R","?","T","?","?","$","M","M","R","B",null],"character_chosen":"IRONCLAD","items_purchased":["Apotheosis","Inflame","Flex","SpeedPotion","Orichalcum","Secret Technique+1"],"campfire_rested":5,"item_purchase_floors":[5,8,13,40,40,46],"current_hp_per_floor":[80,80,64,64,64,48,48,48,48,54,60,80,80,74,74,44,85,59,41,37,37,37,62,56,31,31,56,43,47,47,47,72,55,86,78,77,77,38,25,25,51,51,51,51,73,73,77,78,97,28],"gold":196,"neow_bonus":"ONE_RANDOM_RARE_CARD","is_prod":false,"is_daily":false,"chose_seed":false,"campfire_upgraded":3,"win_rate":0.0,"timestamp":1551708982,"path_taken":["M","?","?","?","$","E","R","$","T","?","M","?","?","M","R","BOSS","M","M","?","?","?","R","M","E","T","R","E","M","R","?","R","BOSS","M","M","?","?","M","$","R","?","T","?","?","?","M","?","R","BOSS"],"build_version":"2019-01-23","purchased_purges":1,"victory":true,"max_hp_per_floor":[80,80,80,80,80,80,80,80,80,80,80,80,80,80,80,80,85,85,85,85,85,85,85,85,85,85,85,85,89,89,86,86,86,86,86,86,86,89,89,89,89,89,89,89,89,89,93,97,97,97],"card_choices":[{"not_picked":["Reckless Charge","Twin Strike"],"picked":"Thunderclap","floor":1},{"not_picked":["Shrug It Off","Flex"],"picked":"Pommel Strike","floor":6},{"not_picked":["Body Slam","Entrench"],"picked":"Headbutt","floor":10},{"not_picked":["Twin Strike","Body Slam"],"picked":"Pommel Strike","floor":11},{"not_picked":["Dual Wield","Perfected Strike"],"picked":"Infernal Blade","floor":14},{"not_picked":["Offering","Feed"],"picked":"Impervious","floor":16},{"not_picked":["Fire Breathing","Body Slam"],"picked":"Flex","floor":17},{"not_picked":["Shrug It Off","Sword Boomerang"],"picked":"Flex","floor":18},{"not_picked":["Perfected Strike","Feed"],"picked":"Cleave","floor":19},{"not_picked":["Whirlwind","Clash"],"picked":"Headbutt","floor":20},{"not_picked":["Perfected Strike","Dual Wield+1"],"picked":"Shrug It Off+1","floor":24},{"not_picked":["Corruption+1","Body Slam","Entrench+1"],"picked":"SKIP","floor":25},{"not_picked":["Metallicize","Clash"],"picked":"Feed","floor":28},{"not_picked":["Sword Boomerang+1","Warcry+1"],"picked":"Shrug It Off+1","floor":29},{"not_picked":["Brutality","Berserk"],"picked":"Offering+1","floor":33},{"not_picked":["Clothesline","True Grit+1"],"picked":"Reckless Charge","floor":35},{"not_picked":["Sword Boomerang+1","Shockwave+1"],"picked":"True Grit+1","floor":36},{"not_picked":["Warcry+1","Shrug It Off+1"],"picked":"Anger+1","floor":38},{"not_picked":["Disarm+1","Rampage+1"],"picked":"Infernal Blade+1","floor":39},{"not_picked":["The Bomb+1","Metamorphosis+1"],"picked":"Deep Breath+1","floor":42},{"not_picked":["Metallicize+1","Entrench+1"],"picked":"Shrug It Off+1","floor":47},{"not_picked":["Shrug It Off+1","Infernal Blade+1"],"picked":"Dual Wield+1","floor":48}],"player_experience":3174,"relics_obtained":[{"floor":6,"key":"Bag of Preparation"},{"floor":9,"key":"Pocketwatch"},{"floor":20,"key":"Red Mask"},{"floor":25,"key":"Matryoshka"},{"floor":26,"key":"Toxic Egg 2"},{"floor":26,"key":"Bronze Scales"},{"floor":28,"key":"Bag of Marbles"},{"floor":43,"key":"Ornamental Fan"},{"floor":43,"key":"Whetstone"}],"event_choices":[{"damage_healed":0,"gold_gain":0,"player_choice":"Leave","damage_taken":0,"max_hp_gain":0,"max_hp_loss":0,"event_name":"The Cleric","floor":2,"gold_loss":0},{"damage_healed":0,"gold_gain":0,"player_choice":"Entered Light","damage_taken":16,"max_hp_gain":0,"max_hp_loss":0,"event_name":"Shining Light","floor":3,"gold_loss":0,"cards_upgraded":["Strike_R","Defend_R"]},{"damage_healed":0,"gold_gain":100,"player_choice":"Pray","damage_taken":0,"max_hp_gain":0,"max_hp_loss":0,"event_name":"Golden Shrine","floor":4,"gold_loss":0},{"damage_healed":20,"gold_gain":0,"player_choice":"Healed and dodged fight","damage_taken":0,"max_hp_gain":0,"max_hp_loss":0,"event_name":"Mushrooms","floor":12,"gold_loss":0,"cards_obtained":["Parasite"]},{"damage_healed":0,"gold_gain":0,"player_choice":"Fought Bandits","damage_taken":0,"max_hp_gain":0,"max_hp_loss":0,"event_name":"Masked Bandits","floor":20,"gold_loss":0},{"damage_healed":0,"gold_gain":0,"player_choice":"Obtain J.A.X.","damage_taken":0,"max_hp_gain":0,"max_hp_loss":0,"event_name":"Drug Dealer","floor":21,"gold_loss":0,"cards_obtained":["J.A.X."]},{"damage_healed":0,"gold_gain":0,"player_choice":"Obtained Relic","damage_taken":0,"relics_obtained":["Lantern"],"max_hp_gain":0,"max_hp_loss":0,"event_name":"Addict","floor":22,"gold_loss":85},{"cards_removed":["Parasite"],"damage_healed":0,"gold_gain":0,"player_choice":"Offered Curse","damage_taken":0,"relics_obtained":["Spirit Poop"],"max_hp_gain":0,"max_hp_loss":0,"event_name":"Bonfire Elementals","floor":31,"gold_loss":0},{"damage_healed":0,"gold_gain":0,"player_choice":"Ignored","damage_taken":0,"max_hp_gain":0,"max_hp_loss":0,"event_name":"SecretPortal","floor":37,"gold_loss":0},{"damage_healed":0,"gold_gain":0,"player_choice":"Memory 1","damage_taken":0,"max_hp_gain":0,"max_hp_loss":0,"event_name":"SensoryStone","floor":42,"gold_loss":0},{"damage_healed":0,"gold_gain":222,"player_choice":"Wore Mask","damage_taken":0,"max_hp_gain":0,"max_hp_loss":0,"event_name":"Tomb of Lord Red Mask","floor":44,"gold_loss":0},{"damage_healed":22,"gold_gain":0,"player_choice":"Writhe","damage_taken":0,"max_hp_gain":0,"max_hp_loss":0,"event_name":"Winding Halls","floor":45,"gold_loss":0,"cards_obtained":["Writhe"]}],"is_beta":false,"boss_relics":[{"not_picked":["Snecko Eye","Fusion Hammer"],"picked":"Tiny House"},{"not_picked":["Orrery","Lizard Tail"],"picked":"Mark of Pain"}],"items_purged_floors":[40],"is_endless":false,"potions_floor_spawned":[1,6,14,16,18,19,24,28,47],"ascension_level":0}