{"gold_per_floor":[118,36,211,228,228,253,253,253,253,270,24,56,75,88,88,191,191,208,208,208,24,24,24,24,43,43,55,75,75,75,95,95,95],"floor_reached":33,"playtime":1107,"items_purged":[],"score":268,"play_id":"61fa996a-40ce-4ec4-aa75-c1cb63be5d82","local_time":"20181221080043","is_ascension_mode":true,"campfire_choices":[{"data":"Genetic Algorithm","floor":7,"key":"SMITH"},{"floor":15,"key":"REST"},{"floor":23,"key":"REST"},{"floor":30,"key":"REST"},{"floor":32,"key":"REST"}],"neow_cost":"NONE","seed_source_timestamp":124211621522667,"circlet_count":0,"master_deck":["Strike_B+1","Strike_B+1","Strike_B+1","Strike_B+1","Defend_B+1","Defend_B+1","Defend_B+1","Defend_B+1","Zap","Dualcast","Ball Lightning","Defragment","Doubt","Genetic Algorithm+1","Rebound","Redo","Doom and Gloom","Melter","Fusion","Multi-Cast","Static Discharge","Glacier","Coolheaded","BootSequence","Aggregate+1","Sweeping Beam"],"relics":["Cracked Core","Art of War","PreservedInsect","ClockworkSouvenir","Torii","Nuclear Battery","Happy Flower","Gambling Chip","Pocketwatch"],"potions_floor_usage":[13,16,16,28,33],"damage_taken":[{"damage":0,"enemies":"Small Slimes","floor":1,"turns":2},{"damage":6,"enemies":"Jaw Worm","floor":4,"turns":2},{"damage":38,"enemies":"Gremlin Nob","floor":6,"turns":4},{"damage":1,"enemies":"Cultist","floor":10,"turns":3},{"damage":9,"enemies":"3 Sentries","floor":12,"turns":4},{"damage":1,"enemies":"2 Fungi Beasts","floor":13,"turns":3},{"damage":1,"enemies":"Blue Slaver","floor":14,"turns":2},{"damage":17,"enemies":"Slime Boss","floor":16,"turns":8},{"damage":22,"enemies":"3 Byrds","floor":18,"turns":4},{"damage":3,"enemies":"Shell Parasite","floor":25,"turns":5},{"damage":17,"enemies":"Chosen and Byrds","floor":27,"turns":4},{"damage":2,"enemies":"Centurion and Healer","floor":28,"turns":4},{"damage":18,"enemies":"3 Cultists","floor":31,"turns":5},{"damage":98,"enemies":"Champ","floor":33,"turns":16}],"seed_played":"4927480806738462813","potions_obtained":[{"floor":10,"key":"Swift Potion"},{"floor":13,"key":"Swift Potion"},{"floor":14,"key":"Poison Potion"},{"floor":27,"key":"AttackPotion"},{"floor":31,"key":"FearPotion"}],"is_trial":false,"path_per_floor":["M","$","?","M","?","E","R","?","T","M","$","E","M","M","R","B",null,"M","?","?","$","?","R","$","M","T","M","M","T","R","M","R","B"],"character_chosen":"DEFECT","items_purchased":["Defragment","ClockworkSouvenir","Redo","Happy Flower","Glacier"],"campfire_rested":4,"item_purchase_floors":[2,11,11,21,21],"current_hp_per_floor":[82,82,82,76,51,13,13,18,18,17,17,8,7,6,30,13,82,60,60,44,44,35,61,61,58,58,41,39,39,65,47,73,0],"gold":95,"neow_bonus":"TEN_PERCENT_HP_BONUS","is_prod":false,"is_daily":false,"chose_seed":false,"campfire_upgraded":1,"win_rate":0,"timestamp":1545408043,"path_taken":["M","$","?","M","?","E","R","?","T","M","$","E","?","M","R","BOSS","M","?","?","$","?","R","?","?","T","M","M","?","R","M","R","BOSS"],"build_version":"2018-12-20","purchased_purges":0,"victory":false,"max_hp_per_floor":[82,82,82,82,82,82,82,82,82,82,82,82,82,82,82,82,82,82,82,87,87,87,87,87,87,87,87,87,87,87,87,87,87],"card_choices":[{"not_picked":["Coolheaded","Stack"],"picked":"Ball Lightning","floor":1},{"not_picked":["Steam","Scrape"],"picked":"Stack","floor":4},{"not_picked":["Sweeping Beam","Multi-Cast"],"picked":"Genetic Algorithm","floor":6},{"not_picked":["Cold Snap","Coolheaded"],"picked":"Rebound","floor":10},{"not_picked":["Machine Learning","Coolheaded"],"picked":"Doom and Gloom","floor":12},{"not_picked":["Redo","Doom and Gloom"],"picked":"Melter","floor":13},{"not_picked":["Cold Snap","Compile Driver"],"picked":"Fusion","floor":14},{"not_picked":["Fission","All For One"],"picked":"Multi-Cast","floor":16},{"not_picked":["Conserve Battery","Lockon+1"],"picked":"Static Discharge","floor":18},{"not_picked":["Chaos","Recycle"],"picked":"Coolheaded","floor":25},{"not_picked":["Reprogram+1","Undo+1"],"picked":"BootSequence","floor":27},{"not_picked":["Undo+1","Steam"],"picked":"Aggregate+1","floor":28},{"not_picked":["Chaos","Turbo"],"picked":"Sweeping Beam","floor":31}],"player_experience":306250,"relics_obtained":[{"floor":6,"key":"PreservedInsect"},{"floor":12,"key":"Torii"},{"floor":26,"key":"Gambling Chip"},{"floor":29,"key":"Pocketwatch"}],"event_choices":[{"damage_healed":0,"gold_gain":175,"player_choice":"AGREE","damage_taken":0,"max_hp_gain":0,"max_hp_loss":0,"event_name":"Liars Game","floor":3,"gold_loss":0,"cards_obtained":["Doubt"]},{"damage_healed":0,"gold_gain":0,"player_choice":"Success","damage_taken":25,"relics_obtained":["Art of War"],"max_hp_gain":0,"max_hp_loss":0,"event_name":"Scrap Ooze","floor":5,"gold_loss":0},{"cards_removed":["Stack"],"damage_healed":5,"gold_gain":0,"player_choice":"Offered Common","damage_taken":0,"max_hp_gain":0,"max_hp_loss":0,"event_name":"Bonfire Elementals","floor":8,"gold_loss":0},{"cards_removed":["Stack"],"damage_healed":5,"gold_gain":0,"player_choice":"Offered Special","damage_taken":0,"max_hp_gain":0,"max_hp_loss":0,"event_name":"Bonfire Elementals","floor":8,"gold_loss":0},{"damage_healed":0,"gold_gain":0,"player_choice":"Simplicity","damage_taken":0,"max_hp_gain":0,"max_hp_loss":0,"event_name":"Back to Basics","floor":19,"gold_loss":0,"cards_upgraded":["Strike_B","Strike_B","Strike_B","Strike_B","Defend_B","Defend_B","Defend_B","Defend_B"]},{"damage_healed":0,"gold_gain":0,"player_choice":"Shed Blood","damage_taken":21,"max_hp_gain":5,"max_hp_loss":0,"event_name":"Forgotten Altar","floor":20,"gold_loss":0},{"damage_healed":0,"gold_gain":0,"player_choice":"Stopped","damage_taken":9,"max_hp_gain":0,"max_hp_loss":0,"event_name":"Cursed Tome","floor":22,"gold_loss":0}],"is_beta":false,"boss_relics":[{"not_picked":["White Beast Statue","Cursed Key"],"picked":"Nuclear Battery"}],"items_purged_floors":[],"is_endless":false,"potions_floor_spawned":[10,13,14,27,31],"killed_by":"Champ","ascension_level":1}