{"gold_per_floor":[115,115,133,147,48,80,80,111,135,149,149,167,178,52,52,52],"floor_reached":16,"playtime":722,"items_purged":["Bash","Strike_R"],"score":218,"play_id":"2400b47e-0643-4280-a962-2c0f3829d85b","local_time":"20190506103901","is_ascension_mode":true,"campfire_choices":[{"data":"Anger","floor":7,"key":"SMITH"},{"data":"Limit Break","floor":15,"key":"SMITH"}],"neow_cost":"TEN_PERCENT_HP_LOSS","seed_source_timestamp":6801418200115,"circlet_count":0,"master_deck":["AscendersBane","Strike_R","Strike_R","Strike_R","Defend_R","Defend_R","Defend_R","Defend_R","Fiend Fire+1","Spot Weakness","Infernal Blade","Anger+1","Shrug It Off","Limit Break+1","Blood for Blood","Feel No Pain","Armaments","Shrug It Off"],"relics":["Burning Blood","Blood Vial","Anchor","Happy Flower"],"potions_floor_usage":[6,8,16],"damage_taken":[{"damage":9,"enemies":"Jaw Worm","floor":1,"turns":3},{"damage":6,"enemies":"Small Slimes","floor":3,"turns":2},{"damage":0,"enemies":"Cultist","floor":4,"turns":2},{"damage":8,"enemies":"Gremlin Nob","floor":6,"turns":3},{"damage":37,"enemies":"3 Sentries","floor":8,"turns":8},{"damage":16,"enemies":"Gremlin Gang","floor":10,"turns":6},{"damage":8,"enemies":"Blue Slaver","floor":12,"turns":4},{"damage":9,"enemies":"Large Slime","floor":13,"turns":6},{"damage":45,"enemies":"Hexaghost","floor":16,"turns":11}],"seed_played":"7489620552358340597","potions_obtained":[{"floor":1,"key":"Regen Potion"},{"floor":4,"key":"PowerPotion"},{"floor":12,"key":"Weak Potion"}],"is_trial":false,"path_per_floor":["M","?","M","M","$","E","R","E","T","M","?","M","M","$","R","B"],"character_chosen":"IRONCLAD","items_purchased":["Shrug It Off","Shrug It Off"],"campfire_rested":0,"item_purchase_floors":[5,14],"current_hp_per_floor":[65,65,65,68,68,66,66,51,51,43,43,43,42,42,42,0],"gold":52,"neow_bonus":"THREE_RARE_CARDS","is_prod":false,"is_daily":false,"chose_seed":false,"campfire_upgraded":2,"win_rate":0,"timestamp":1557164341,"path_taken":["M","?","M","M","$","E","R","E","T","M","?","?","?","$","R","BOSS"],"build_version":"2019-01-23","purchased_purges":2,"victory":false,"max_hp_per_floor":[68,68,68,68,68,68,68,68,68,68,68,68,68,68,68,68],"card_choices":[{"not_picked":["Berserk","Limit Break"],"picked":"Fiend Fire","floor":0},{"not_picked":["Warcry","Sword Boomerang"],"picked":"Spot Weakness","floor":1},{"not_picked":["Twin Strike","Sever Soul"],"picked":"Infernal Blade","floor":3},{"not_picked":["Sword Boomerang","Cleave"],"picked":"Anger","floor":4},{"not_picked":["Anger","Iron Wave","Ghostly Armor"],"picked":"SKIP","floor":6},{"not_picked":["Bloodletting","Clash","Second Wind"],"picked":"SKIP","floor":8},{"not_picked":["Warcry","Perfected Strike"],"picked":"Limit Break","floor":10},{"not_picked":["Perfected Strike","Carnage"],"picked":"Feel No Pain","floor":12},{"not_picked":["Iron Wave","Cleave"],"picked":"Armaments","floor":13}],"player_experience":558163,"relics_obtained":[{"floor":6,"key":"Blood Vial"},{"floor":8,"key":"Anchor"},{"floor":9,"key":"Happy Flower"}],"event_choices":[{"damage_healed":0,"gold_gain":0,"player_choice":"Grow","damage_taken":0,"max_hp_gain":0,"max_hp_loss":0,"event_name":"Living Wall","floor":2,"gold_loss":0,"cards_upgraded":["Fiend Fire"]},{"damage_healed":0,"gold_gain":0,"cards_transformed":["Strike_R"],"player_choice":"Transformed","damage_taken":0,"max_hp_gain":0,"max_hp_loss":0,"event_name":"Transmorgrifier","floor":11,"gold_loss":0,"cards_obtained":["Blood for Blood"]}],"is_beta":false,"boss_relics":[],"items_purged_floors":[5,14],"is_endless":false,"potions_floor_spawned":[1,4,12],"killed_by":"Hexaghost","ascension_level":19}