{"gold_per_floor":[115,115,115,126,146,172,347,347,372,372,401,412,91,101,101,205,205,192,192,211,211,221,256,55,55,81,109,208,208,208,223,223,323,323,338,338,338,353,364,429,304,304,304,7,7,7,7,7,7,7],"floor_reached":51,"playtime":1626,"items_purged":["Strike_R","Strike_R","Doubt"],"score":769,"play_id":"d2afe17a-67bd-459c-b026-813d2f2725be","local_time":"20180915164817","is_ascension_mode":false,"campfire_choices":[{"data":"Heavy Blade","floor":8,"key":"SMITH"},{"data":"Bash","floor":10,"key":"SMITH"},{"data":"Heavy Blade","floor":15,"key":"SMITH"},{"data":"Flame Barrier","floor":25,"key":"SMITH"},{"data":"Inflame","floor":29,"key":"SMITH"},{"floor":32,"key":"REST"},{"floor":47,"key":"REST"},{"floor":49,"key":"REST"}],"neow_cost":"NONE","seed_source_timestamp":151543932201454,"circlet_count":0,"master_deck":["Defend_R","Defend_R","Defend_R","Bash+1","Pommel Strike","Spot Weakness+1","Heavy Blade+1","Flame Barrier+1","Heavy Blade+1","Flame Barrier+1","Impervious+1","Flex+1","Inflame+1","Spot Weakness+1","Enlightenment+1","Heavy Blade+1","Havoc+1","Limit Break+1","Dropkick+1","Heavy Blade+1","Metallicize+1","Bandage Up+1","Pummel+1"],"relics":["Burning Blood","Dream Catcher","Anchor","Blue Candle","Ancient Tea Set","Bronze Scales","Juzu Bracelet","Toxic Egg 2","Velvet Choker","Pen Nib","Blood Vial","Molten Egg 2","Nilry\u0027s Codex","Astrolabe","Magic Flower","Tiny Chest","Matryoshka","Ginger"],"potions_floor_usage":[16,18,23,23,23,27,40,40,50],"damage_taken":[{"damage":0,"enemies":"Small Slimes","floor":1,"turns":3},{"damage":1,"enemies":"Cultist","floor":4,"turns":3},{"damage":2,"enemies":"Jaw Worm","floor":5,"turns":4},{"damage":36,"enemies":"Lagavulin","floor":6,"turns":6},{"damage":4,"enemies":"3 Sentries","floor":11,"turns":6},{"damage":0,"enemies":"2 Fungi Beasts","floor":12,"turns":3},{"damage":9,"enemies":"Exordium Wildlife","floor":14,"turns":3},{"damage":22,"enemies":"Slime Boss","floor":16,"turns":9},{"damage":6,"enemies":"2 Thieves","floor":18,"turns":4},{"damage":8,"enemies":"Shell Parasite","floor":20,"turns":3},{"damage":1,"enemies":"Shelled Parasite and Fungi","floor":22,"turns":4},{"damage":3,"enemies":"Slavers","floor":23,"turns":4},{"damage":20,"enemies":"Gremlin Leader","floor":27,"turns":5},{"damage":1,"enemies":"Chosen and Byrds","floor":31,"turns":3},{"damage":29,"enemies":"Automaton","floor":33,"turns":8},{"damage":1,"enemies":"3 Shapes","floor":35,"turns":3},{"damage":1,"enemies":"Mind Bloom Boss Battle","floor":36,"turns":6},{"damage":1,"enemies":"Orb Walker","floor":38,"turns":3},{"damage":1,"enemies":"Transient","floor":39,"turns":5},{"damage":47,"enemies":"Nemesis","floor":40,"turns":5},{"damage":48,"enemies":"Awakened One","floor":50,"turns":7}],"seed_played":"-3450389171750955126","potions_obtained":[{"floor":1,"key":"FearPotion"},{"floor":6,"key":"Block Potion"},{"floor":12,"key":"SkillPotion"},{"floor":14,"key":"LiquidBronze"},{"floor":16,"key":"Fire Potion"},{"floor":18,"key":"Poison Potion"},{"floor":23,"key":"Block Potion"},{"floor":35,"key":"Block Potion"},{"floor":36,"key":"PowerPotion"},{"floor":40,"key":"Regen Potion"}],"is_trial":false,"path_per_floor":["M","?","?","M","M","E","?","R","T","R","E","M","$","M","R","B",null,"M","?","M","?","M","E","$","R","T","E","?","R","?","M","R","B",null,"M","?","?","M","M","E","$","?","T","$","?","$","R","$","R","B"],"character_chosen":"IRONCLAD","items_purchased":["Toxic Egg 2","Enlightenment+1","Ginger"],"campfire_rested":3,"item_purchase_floors":[13,24,44],"current_hp_per_floor":[80,80,68,73,77,47,47,47,47,47,49,55,55,52,52,36,80,80,80,78,78,80,80,80,80,80,66,66,66,50,57,80,77,80,80,80,80,80,80,42,42,42,42,42,42,42,66,66,80,64],"gold":7,"neow_bonus":"RANDOM_COMMON_RELIC","is_prod":false,"is_daily":false,"chose_seed":false,"campfire_upgraded":5,"win_rate":0,"timestamp":1537055297,"path_taken":["M","?","?","M","M","E","?","R","T","R","E","M","$","M","R","BOSS","M","?","M","?","M","E","$","R","T","E","?","R","?","M","R","BOSS","M","?","?","M","M","E","$","?","T","$","?","?","R","$","R","BOSS"],"build_version":"2018-09-06","purchased_purges":3,"victory":true,"max_hp_per_floor":[80,80,80,80,80,80,80,80,80,80,80,80,80,80,80,80,80,80,80,80,80,80,80,80,80,80,80,80,80,80,80,80,80,80,80,80,80,80,80,80,80,80,80,80,80,80,80,80,80,80],"card_choices":[{"not_picked":["Feel No Pain","Battle Trance"],"picked":"Pommel Strike","floor":1},{"not_picked":["Bloodletting","Twin Strike"],"picked":"Spot Weakness","floor":4},{"not_picked":["Infernal Blade","Second Wind","Shockwave"],"picked":"SKIP","floor":5},{"not_picked":["Impervious","Pummel"],"picked":"Heavy Blade","floor":6},{"not_picked":["Flex","Ghostly Armor"],"picked":"Flame Barrier","floor":11},{"not_picked":["Power Through","Perfected Strike"],"picked":"Heavy Blade","floor":12},{"not_picked":["Wild Strike","Intimidate+1"],"picked":"Flame Barrier+1","floor":14},{"not_picked":["Juggernaut","Feed"],"picked":"Impervious+1","floor":16},{"not_picked":["Infernal Blade+1","Cleave"],"picked":"Flex+1","floor":18},{"not_picked":["Headbutt","Sever Soul+1","Wild Strike+1"],"picked":"SKIP","floor":20},{"not_picked":["Heavy Blade","Twin Strike+1"],"picked":"Inflame","floor":22},{"not_picked":["Flex+1","Sentinel+1"],"picked":"Spot Weakness+1","floor":23},{"not_picked":["Offering+1","Barricade"],"picked":"Heavy Blade","floor":27},{"not_picked":["Sever Soul+1","Fire Breathing","Havoc+1"],"picked":"SKIP","floor":31},{"not_picked":["Twin Strike+1","Dual Wield+1","Clash+1"],"picked":"SKIP","floor":35},{"not_picked":["Perfected Strike+1","Ghostly Armor+1","Pommel Strike+1"],"picked":"SKIP","floor":38},{"not_picked":["Thunderclap+1","Spot Weakness+1"],"picked":"Heavy Blade+1","floor":39},{"not_picked":["Immolate+1","Ghostly Armor+1"],"picked":"Metallicize+1","floor":40},{"not_picked":["Blind+1","Dramatic Entrance+1"],"picked":"Bandage Up+1","floor":45},{"not_picked":["Shrug It Off+1","Twin Strike+1"],"picked":"Pummel+1","floor":47}],"player_experience":228680,"relics_obtained":[{"floor":6,"key":"Ancient Tea Set"},{"floor":9,"key":"Bronze Scales"},{"floor":11,"key":"Juzu Bracelet"},{"floor":23,"key":"Pen Nib"},{"floor":26,"key":"Blood Vial"},{"floor":27,"key":"Molten Egg 2"},{"floor":30,"key":"Nilry\u0027s Codex"},{"floor":36,"key":"Magic Flower"},{"floor":40,"key":"Tiny Chest"},{"floor":43,"key":"Matryoshka"}],"event_choices":[{"event_name":"WeMeetAgain","player_choice":"Potion","floor":2,"damage_taken":0},{"event_name":"Scrap Ooze","player_choice":"success","floor":3,"damage_taken":12},{"event_name":"Liars Game","player_choice":"agreed","floor":7,"damage_taken":0},{"event_name":"Upgrade Shrine","player_choice":"Upgraded","floor":19,"damage_taken":0},{"event_name":"The Woman in Blue","player_choice":"Bought 0 Potions","floor":21,"damage_taken":0},{"event_name":"Nest","player_choice":"Stole From Cult","floor":28,"damage_taken":0},{"event_name":"Cursed Tome","player_choice":"Obtained Book","floor":30,"damage_taken":0},{"event_name":"MindBloom","player_choice":"Fight","floor":36,"damage_taken":0},{"event_name":"Falling","player_choice":"Removed Skill","floor":37,"damage_taken":0},{"event_name":"Tomb of Lord Red Mask","player_choice":"Ignored","floor":42,"damage_taken":0},{"event_name":"SensoryStone","player_choice":"Memory 1","floor":45,"damage_taken":0}],"is_beta":false,"boss_relics":[{"not_picked":["Lizard Tail","Runic Pyramid"],"picked":"Velvet Choker"},{"not_picked":["Fusion Hammer","Mark of Pain"],"picked":"Astrolabe"}],"items_purged_floors":[13,24,41],"is_endless":false,"potions_floor_spawned":[1,6,12,14,16,18,22,23,35,36,40],"ascension_level":0}