{"gold_per_floor":[11,27,40,58,75,75,103,103,103,121,137,137,44,85,85,206,206,229,245,263,278,298,298,334,334,385,385,425,425,460,473,473,473],"floor_reached":33,"playtime":1555,"items_purged":[],"score":398,"play_id":"72d319b2-ab3c-4b50-ab01-5f8052b66b7a","local_time":"20190412090839","is_ascension_mode":true,"campfire_choices":[{"data":"Rage","floor":6,"key":"SMITH"},{"data":"Dual Wield","floor":12,"key":"SMITH"},{"data":"Anger","floor":15,"key":"SMITH"},{"data":"Seeing Red","floor":23,"key":"SMITH"},{"data":"Anger","floor":25,"key":"SMITH"},{"data":"Rage","floor":27,"key":"SMITH"},{"data":"Havoc","floor":29,"key":"SMITH"},{"data":"Havoc","floor":32,"key":"SMITH"}],"neow_cost":"NO_GOLD","seed_source_timestamp":210444379326100,"circlet_count":0,"master_deck":["Strike_R","Strike_R","Strike_R","Strike_R","Strike_R","Defend_R","Defend_R","Defend_R","Defend_R","Bash","Bludgeon","Anger+1","Carnage","Rage+1","Anger+1","Ghostly Armor","Hemokinesis","Dual Wield+1","Whirlwind","Flash of Steel","Flex","Impervious","Headbutt+1","Sword Boomerang+1","Rage+1","Havoc+1","Seeing Red+1","Reckless Charge","Havoc+1","Dual Wield+1","Clash+1"],"relics":["Burning Blood","PreservedInsect","Golden Idol","Shuriken","Ornamental Fan","Philosopher\u0027s Stone","Pear","Pen Nib","Oddly Smooth Stone","Omamori"],"potions_floor_usage":[22,22,24,33],"damage_taken":[{"damage":7,"enemies":"Jaw Worm","floor":1,"turns":3},{"damage":2,"enemies":"2 Louse","floor":2,"turns":2},{"damage":4,"enemies":"Small Slimes","floor":3,"turns":2},{"damage":13,"enemies":"2 Fungi Beasts","floor":4,"turns":4},{"damage":8,"enemies":"Blue Slaver","floor":5,"turns":3},{"damage":25,"enemies":"3 Sentries","floor":7,"turns":6},{"damage":1,"enemies":"Looter","floor":10,"turns":3},{"damage":6,"enemies":"3 Louse","floor":11,"turns":4},{"damage":15,"enemies":"Lagavulin","floor":14,"turns":4},{"damage":35,"enemies":"The Guardian","floor":16,"turns":7},{"damage":10,"enemies":"Shell Parasite","floor":18,"turns":4},{"damage":0,"enemies":"3 Byrds","floor":19,"turns":3},{"damage":3,"enemies":"Snake Plant","floor":20,"turns":2},{"damage":23,"enemies":"Snecko","floor":21,"turns":4},{"damage":42,"enemies":"Chosen and Byrds","floor":22,"turns":6},{"damage":3,"enemies":"Gremlin Leader","floor":24,"turns":4},{"damage":20,"enemies":"Book of Stabbing","floor":28,"turns":4},{"damage":8,"enemies":"Slavers","floor":30,"turns":3},{"damage":15,"enemies":"Snake Plant","floor":31,"turns":3},{"damage":25,"enemies":"Collector","floor":33,"turns":2}],"seed_played":"6620201902257566527","potions_obtained":[{"floor":2,"key":"Regen Potion"},{"floor":5,"key":"SkillPotion"},{"floor":7,"key":"GamblersBrew"},{"floor":10,"key":"Energy Potion"},{"floor":28,"key":"Block Potion"},{"floor":30,"key":"Strength Potion"},{"floor":31,"key":"SpeedPotion"}],"is_trial":false,"path_per_floor":["M","M","M","M","M","R","E","?","T","M","M","R","$","E","R","B",null,"M","M","M","M","M","R","E","R","T","R","E","R","E","M","R","B"],"character_chosen":"IRONCLAD","items_purchased":["Flash of Steel"],"campfire_rested":0,"item_purchase_floors":[13],"current_hp_per_floor":[79,80,80,73,71,71,52,52,52,57,57,57,57,48,48,19,74,70,74,74,57,21,21,43,43,43,43,29,29,27,18,18,0],"gold":473,"neow_bonus":"THREE_RARE_CARDS","is_prod":false,"is_daily":false,"chose_seed":false,"campfire_upgraded":8,"win_rate":0,"timestamp":1555052919,"path_taken":["M","M","M","M","M","R","E","?","T","M","M","R","?","E","R","BOSS","M","M","M","M","M","R","E","R","T","R","E","R","E","M","R","BOSS"],"build_version":"2019-01-23","purchased_purges":0,"victory":false,"max_hp_per_floor":[80,80,80,80,80,80,80,74,74,74,74,74,74,74,74,74,74,74,74,74,74,74,74,84,84,84,84,84,84,84,84,84,84],"card_choices":[{"not_picked":["Berserk","Dark Embrace"],"picked":"Bludgeon","floor":0},{"not_picked":["Wild Strike","Havoc"],"picked":"Anger","floor":1},{"not_picked":["Inflame","Ghostly Armor"],"picked":"Carnage","floor":2},{"not_picked":["Second Wind","Seeing Red"],"picked":"Rage","floor":3},{"not_picked":["Sentinel","Battle Trance"],"picked":"Anger","floor":4},{"not_picked":["True Grit","Warcry"],"picked":"Ghostly Armor","floor":5},{"not_picked":["Armaments","Evolve"],"picked":"Hemokinesis","floor":7},{"not_picked":["Searing Blow","Armaments"],"picked":"Dual Wield","floor":10},{"not_picked":["Intimidate","Twin Strike"],"picked":"Whirlwind","floor":11},{"not_picked":["Body Slam","Power Through"],"picked":"Flex","floor":14},{"not_picked":["Dark Embrace","Barricade"],"picked":"Impervious","floor":16},{"not_picked":["Sword Boomerang","Disarm"],"picked":"Headbutt+1","floor":18},{"not_picked":["Spot Weakness+1","Armaments+1"],"picked":"Sword Boomerang+1","floor":19},{"not_picked":["Burning Pact","Headbutt"],"picked":"Rage","floor":20},{"not_picked":["Juggernaut","Perfected Strike+1"],"picked":"Havoc","floor":21},{"not_picked":["Warcry","Pommel Strike"],"picked":"Seeing Red","floor":22},{"not_picked":["Flame Barrier+1","Flex"],"picked":"Reckless Charge","floor":24},{"not_picked":["Uppercut","Clothesline"],"picked":"Havoc","floor":28},{"not_picked":["Iron Wave","Perfected Strike+1"],"picked":"Dual Wield+1","floor":30},{"not_picked":["Clothesline+1","Sword Boomerang"],"picked":"Clash+1","floor":31}],"player_experience":389773,"relics_obtained":[{"floor":7,"key":"PreservedInsect"},{"floor":9,"key":"Shuriken"},{"floor":14,"key":"Ornamental Fan"},{"floor":24,"key":"Pear"},{"floor":26,"key":"Pen Nib"},{"floor":28,"key":"Oddly Smooth Stone"},{"floor":30,"key":"Omamori"}],"event_choices":[{"damage_healed":0,"gold_gain":0,"player_choice":"Lose Max HP","damage_taken":0,"relics_obtained":["Golden Idol"],"max_hp_gain":0,"max_hp_loss":6,"event_name":"Golden Idol","floor":8,"gold_loss":0}],"is_beta":false,"boss_relics":[{"not_picked":["Runic Pyramid","Tiny House"],"picked":"Philosopher\u0027s Stone"}],"items_purged_floors":[],"is_endless":false,"potions_floor_spawned":[2,5,7,10,14,16,19,21,28,30,31],"killed_by":"Collector","ascension_level":3}