{"gold_per_floor":[110,110,128,144,160,160,41,41,64,77,77],"floor_reached":11,"playtime":387,"items_purged":[],"score":65,"play_id":"33e17c59-48f4-4468-be8b-c0cb9b5f1718","local_time":"20180815001901","is_ascension_mode":false,"campfire_choices":[{"data":"Streamline","floor":6,"key":"SMITH"}],"neow_cost":"","seed_source_timestamp":0,"circlet_count":0,"master_deck":["Strike_B","Strike_B","Strike_B","Strike_B","Defend_B","Defend_B","Defend_B","Defend_B","Zap","Dualcast","Double Energy","Streamline","Stack","Streamline+1","Static Discharge","Beam Cell"],"special_seed":0,"relics":["Cracked Core","Vajra"],"potions_floor_usage":[],"damage_taken":[{"damage":10.0,"enemies":"2 Louse","floor":1.0,"turns":3.0},{"damage":5,"enemies":"Cultist","floor":3,"turns":4},{"damage":8,"enemies":"Small Slimes","floor":4,"turns":3},{"damage":15,"enemies":"2 Fungi Beasts","floor":5,"turns":3},{"damage":24,"enemies":"Exordium Wildlife","floor":10,"turns":3},{"damage":9,"enemies":"3 Sentries","floor":11,"turns":1}],"seed_played":"-577117733622235447","potions_obtained":[{"floor":1,"key":"Dexterity Potion"},{"floor":3,"key":"LiquidBronze"},{"floor":8,"key":"PowerPotion"}],"is_trial":false,"path_per_floor":["M","?","M","M","M","R","$","?","T","M"],"character_chosen":"DEFECT","items_purchased":["Static Discharge","Energy Potion"],"campfire_rested":0,"item_purchase_floors":[7,7],"current_hp_per_floor":[65,58,53,45,30,30,30,30,30,6,0],"gold":77,"neow_bonus":"","is_prod":false,"is_daily":false,"chose_seed":false,"campfire_upgraded":1,"win_rate":0.0,"timestamp":1534317541,"path_taken":["M","?","M","?","M","R","?","?","T","M","?"],"build_version":"2018-08-09","purchased_purges":0,"victory":false,"max_hp_per_floor":[75,75,75,75,75,75,75,75,75,75,75],"card_choices":[{"not_picked":["Blizzard","Skim"],"picked":"Double Energy","floor":1},{"not_picked":["Steam","Chaos"],"picked":"Streamline","floor":3},{"not_picked":["Barrage","Hello World"],"picked":"Stack","floor":4},{"not_picked":["Static Discharge","Aggregate"],"picked":"Streamline","floor":5},{"not_picked":["Stack","Beam Cell","Chill"],"picked":"SKIP","floor":10},{"not_picked":["Stack","Chill"],"picked":"Beam Cell","floor":10}],"player_experience":4720,"relics_obtained":[{"floor":9,"key":"Vajra"}],"event_choices":[{"event_name":"Wheel of Change","player_choice":"Damage","floor":2,"damage_taken":0},{"event_name":"The Lab","player_choice":"Got Potions","floor":8,"damage_taken":0},{"event_name":"Dead Adventurer","player_choice":"Searched \u00271\u0027 times","floor":11,"damage_taken":0}],"is_beta":false,"boss_relics":[],"items_purged_floors":[],"is_endless":false,"potions_floor_spawned":[1,3,10],"killed_by":"3 Sentries","ascension_level":0}