{"gold_per_floor":[119,119,137,87,105,105,122,151,224,224,253,253,298,12,12,12],"floor_reached":16,"playtime":409,"items_purged":["Defend_R"],"score":173,"play_id":"17922097-6f77-4950-9737-7c15ae690bea","local_time":"20190502114854","is_ascension_mode":true,"campfire_choices":[{"data":"Cleave","floor":6,"key":"SMITH"},{"data":"Heavy Blade","floor":10,"key":"SMITH"},{"floor":12,"key":"REST"},{"data":"Inflame","floor":15,"key":"SMITH"}],"neow_cost":"NONE","seed_source_timestamp":215716054944700,"circlet_count":0,"master_deck":["AscendersBane","Strike_R","Strike_R","Strike_R","Defend_R","Defend_R","Defend_R","Bash","Heavy Blade+1","Cleave+1","Havoc","Pommel Strike","Pummel","Spot Weakness","Thunderclap","Inflame+1","Metallicize","Shrug It Off","Finesse"],"relics":["Burning Blood","Dream Catcher","Du-Vu Doll","The Courier","Oddly Smooth Stone","Ancient Tea Set"],"potions_floor_usage":[16,16],"damage_taken":[{"damage":0,"enemies":"2 Louse","floor":1,"turns":3},{"damage":0,"enemies":"Small Slimes","floor":3,"turns":3},{"damage":7,"enemies":"Jaw Worm","floor":5,"turns":3},{"damage":17,"enemies":"Looter","floor":7,"turns":3},{"damage":40,"enemies":"3 Sentries","floor":8,"turns":11},{"damage":30,"enemies":"Lagavulin","floor":11,"turns":5},{"damage":34,"enemies":"Slime Boss","floor":16,"turns":3}],"seed_played":"3934835593757358997","potions_obtained":[{"floor":8,"key":"EssenceOfSteel"},{"floor":11,"key":"Strength Potion"}],"is_trial":false,"path_per_floor":["M","?","M","?","M","R","M","E","T","R","E","R","T","$","R","B"],"character_chosen":"IRONCLAD","items_purchased":["Inflame","Metallicize","Shrug It Off","Finesse"],"campfire_rested":1,"item_purchase_floors":[14,14,14,14],"current_hp_per_floor":[78,71,77,77,76,76,65,31,31,31,7,31,31,31,31,0],"gold":12,"neow_bonus":"RANDOM_COMMON_RELIC","is_prod":false,"is_daily":false,"chose_seed":false,"campfire_upgraded":3,"win_rate":0,"timestamp":1556790534,"path_taken":["M","?","M","?","M","R","M","E","T","R","E","R","?","$","R","BOSS"],"build_version":"2019-01-23","purchased_purges":1,"victory":false,"max_hp_per_floor":[80,80,80,80,80,80,80,80,80,80,80,80,80,80,80,80],"card_choices":[{"not_picked":["Wild Strike","Reckless Charge"],"picked":"Heavy Blade","floor":1},{"not_picked":["Hemokinesis","Warcry"],"picked":"Cleave","floor":3},{"not_picked":["Body Slam","Armaments"],"picked":"Havoc","floor":5},{"not_picked":["Sever Soul","Flex"],"picked":"Pommel Strike","floor":7},{"not_picked":["Fiend Fire","Headbutt"],"picked":"Pummel","floor":8},{"not_picked":["Sentinel","Combust"],"picked":"Spot Weakness","floor":11},{"not_picked":["Rage","Warcry"],"picked":"Thunderclap","floor":12}],"player_experience":988967,"relics_obtained":[{"floor":8,"key":"Du-Vu Doll"},{"floor":9,"key":"The Courier"},{"floor":11,"key":"Oddly Smooth Stone"},{"floor":13,"key":"Ancient Tea Set"}],"event_choices":[{"cards_removed":["Strike_R"],"damage_healed":0,"gold_gain":0,"player_choice":"Card Removal","damage_taken":7,"max_hp_gain":0,"max_hp_loss":0,"event_name":"Golden Wing","floor":2,"gold_loss":0},{"cards_removed":["Strike_R"],"damage_healed":0,"gold_gain":0,"player_choice":"Card Removal","damage_taken":0,"max_hp_gain":0,"max_hp_loss":0,"event_name":"The Cleric","floor":4,"gold_loss":50}],"is_beta":false,"boss_relics":[],"items_purged_floors":[14],"is_endless":false,"potions_floor_spawned":[8,11],"killed_by":"Slime Boss","ascension_level":12}