{"gold_per_floor":[118,128,146,164,89,115,127,127,127,145,145,145,171,227,227,324,324,334,334,344,361,361,361,376,168,217,231,241,241,14,28,28,129,129,145,164,175,193,212,212,241,251,296,313,313,313,324,28,28,28],"floor_reached":50,"playtime":2192,"items_purged":["Strike_B"],"score":671,"play_id":"cd9bcff5-7ff8-49b9-836f-68344a23db51","local_time":"20180811225342","is_ascension_mode":true,"campfire_choices":[{"data":"Zap","floor":8,"key":"SMITH"},{"floor":12,"key":"REST"},{"floor":15,"key":"REST"},{"floor":23,"key":"REST"},{"floor":29,"key":"REST"},{"floor":32,"key":"REST"},{"data":"Defragment","floor":40,"key":"SMITH"},{"data":"Defragment","floor":45,"key":"SMITH"},{"data":"Buffer","floor":49,"key":"SMITH"}],"neow_cost":"","seed_source_timestamp":298106501999402,"circlet_count":0,"master_deck":["Strike_B+1","Strike_B+1","Strike_B+1","Defend_B+1","Defend_B+1","Defend_B+1","Defend_B+1","Zap+1","Dualcast+1","Sweeping Beam","Ball Lightning","Hologram","Ball Lightning","Self Repair","Melter","Ball Lightning","All For One","Hello World","Steam+1","Defragment+1","Steam","Coolheaded","Buffer+1","Hologram","Storm","Hologram","Panache","Storm","Defragment+1","Electrodynamics","Storm+1","Self Repair","Leap+1","Compile Driver+1","Force Field+1","Cold Snap+1","Storm+1","Decay","Steam+1","Secret Technique","Transmutation","Secret Technique","Ball Lightning+1"],"relics":["Cracked Core","Oddly Smooth Stone","Question Card","GremlinMask","Matryoshka","Bag of Preparation","Inserter","Bottled Flame","Orichalcum","Cursed Key","Pen Nib","Blood Vial","Happy Flower","Calipers"],"potions_floor_usage":[14,14,16,21,33,41,44,47,47,50],"damage_taken":[{"damage":3,"enemies":"Jaw Worm","floor":1,"turns":4},{"damage":1,"enemies":"Cultist","floor":2,"turns":3},{"damage":0,"enemies":"Small Slimes","floor":3,"turns":3},{"damage":17,"enemies":"Exordium Thugs","floor":4,"turns":3},{"damage":14,"enemies":"Gremlin Nob","floor":6,"turns":3},{"damage":10,"enemies":"Lots of Slimes","floor":7,"turns":2},{"damage":6,"enemies":"3 Louse","floor":10,"turns":3},{"damage":27,"enemies":"3 Sentries","floor":13,"turns":7},{"damage":14,"enemies":"Gremlin Nob","floor":14,"turns":3},{"damage":0,"enemies":"Slime Boss","floor":16,"turns":5},{"damage":15,"enemies":"3 Byrds","floor":18,"turns":4},{"damage":12,"enemies":"Chosen","floor":20,"turns":5},{"damage":38,"enemies":"Snecko","floor":21,"turns":6},{"damage":5,"enemies":"Centurion and Healer","floor":24,"turns":7},{"damage":40,"enemies":"3 Cultists","floor":27,"turns":5},{"damage":0,"enemies":"Sentry and Sphere","floor":28,"turns":5},{"damage":7,"enemies":"Chosen and Byrds","floor":31,"turns":5},{"damage":58,"enemies":"Collector","floor":33,"turns":9},{"damage":0,"enemies":"Orb Walker","floor":35,"turns":3},{"damage":0,"enemies":"3 Shapes","floor":36,"turns":2},{"damage":13,"enemies":"Sphere and 2 Shapes","floor":37,"turns":3},{"damage":6,"enemies":"3 Darklings","floor":38,"turns":2},{"damage":1,"enemies":"Maw","floor":39,"turns":6},{"damage":1,"enemies":"Nemesis","floor":41,"turns":6},{"damage":30,"enemies":"Spire Growth","floor":42,"turns":5},{"damage":16,"enemies":"3 Darklings","floor":44,"turns":2},{"damage":10,"enemies":"Flame Bruiser 2 Orb","floor":47,"turns":6},{"damage":75,"enemies":"Awakened One","floor":50,"turns":6}],"seed_played":"-8830050113229943995","potions_obtained":[{"floor":1,"key":"SpeedPotion"},{"floor":6,"key":"SneckoOil"},{"floor":10,"key":"Strength Potion"},{"floor":14,"key":"Dexterity Potion"},{"floor":14,"key":"SteroidPotion"},{"floor":20,"key":"Block Potion"},{"floor":24,"key":"EssenceOfSteel"},{"floor":31,"key":"SteroidPotion"},{"floor":36,"key":"SkillPotion"},{"floor":41,"key":"Ancient Potion"},{"floor":42,"key":"Regen Potion"},{"floor":44,"key":"Regen Potion"}],"is_trial":false,"path_per_floor":["M","M","M","M","$","E","M","R","T","M","?","R","E","?","R","B",null,"M","?","M","M","?","R","M","$","T","M","M","R","$","M","R","B",null,"M","M","M","M","M","R","E","M","T","M","R","?","M","$","R"],"character_chosen":"DEFECT","items_purchased":["Coolheaded","Buffer","Hologram","Panache","Storm","Calipers"],"campfire_rested":5,"item_purchase_floors":[25,25,25,30,30,48],"current_hp_per_floor":[72,71,71,54,54,40,30,30,30,31,31,53,33,26,48,55,75,67,67,62,31,31,53,55,55,55,22,29,51,51,51,73,22,75,75,75,62,56,69,69,75,59,59,52,52,42,75,75,75,0],"gold":28,"neow_bonus":"","is_prod":false,"is_daily":false,"chose_seed":false,"campfire_upgraded":4,"win_rate":0,"timestamp":1534053222,"path_taken":["M","M","M","M","$","E","M","R","T","M","?","R","E","?","R","BOSS","M","?","M","M","?","R","M","?","T","?","M","R","$","M","R","BOSS","M","M","M","M","M","R","E","M","T","M","R","?","M","$","R","BOSS"],"build_version":"2018-08-09","purchased_purges":1,"victory":false,"max_hp_per_floor":[75,75,75,75,75,75,75,75,75,75,75,75,75,75,75,75,75,75,75,75,75,75,75,75,75,75,75,75,75,75,75,75,75,75,75,75,75,75,75,75,75,75,75,75,75,75,75,75,75,75],"card_choices":[{"not_picked":["Force Field","Leap"],"picked":"Sweeping Beam","floor":1},{"not_picked":["Rebound","Leap"],"picked":"Ball Lightning","floor":2},{"not_picked":["Blizzard","Steam"],"picked":"Hologram","floor":3},{"not_picked":["Conserve Battery","Force Field"],"picked":"Ball Lightning","floor":4},{"not_picked":["Storm","Skim"],"picked":"Self Repair","floor":6},{"not_picked":["Tempest","Turbo","Streamline"],"picked":"SKIP","floor":7},{"not_picked":["Scrape","Gash","Force Field","Steam Power"],"picked":"SKIP","floor":10},{"not_picked":["Rebound","BootSequence","Amplify"],"picked":"Melter","floor":13},{"not_picked":["Turbo","Barrage","Reprogram"],"picked":"Ball Lightning","floor":14},{"not_picked":["Biased Cognition","Reboot","Seek"],"picked":"All For One","floor":16},{"not_picked":["Barrage+1","Turbo","Gash"],"picked":"Hello World","floor":18},{"not_picked":["Redo","Fission","Ball Lightning"],"picked":"Steam+1","floor":20},{"not_picked":["Force Field","Beam Cell","Go for the Eyes"],"picked":"Defragment","floor":21},{"not_picked":["Streamline","Gash","Stack+1"],"picked":"Steam","floor":24},{"not_picked":["Ball Lightning","Blizzard","Stack"],"picked":"Storm","floor":27},{"not_picked":["Steam Power+1","Ball Lightning","Redo"],"picked":"Hologram","floor":28},{"not_picked":["Beam Cell","Conserve Battery","Turbo"],"picked":"Defragment","floor":31},{"not_picked":["Seek","All For One","Reboot"],"picked":"Electrodynamics","floor":33},{"not_picked":["Leap+1","Compile Driver","Hello World"],"picked":"Storm+1","floor":35},{"not_picked":["Melter","Leap","Cold Snap+1"],"picked":"Self Repair","floor":36},{"not_picked":["BootSequence","Chaos+1","Beam Cell+1"],"picked":"Leap+1","floor":37},{"not_picked":["Heatsinks","Steam Power+1","Barrage"],"picked":"Compile Driver+1","floor":38},{"not_picked":["FTL","Gash+1","Hologram+1"],"picked":"Force Field+1","floor":39},{"not_picked":["Reprogram","Doom and Gloom+1","Static Discharge"],"picked":"Cold Snap+1","floor":41},{"not_picked":["Static Discharge+1","Redo+1","Electrodynamics"],"picked":"Storm+1","floor":42},{"not_picked":["Streamline","Beam Cell+1","Doom and Gloom"],"picked":"Steam+1","floor":44},{"not_picked":["Dark Shackles","Master of Strategy","Good Instincts"],"picked":"Secret Technique","floor":46},{"not_picked":["Trip","Purity","Blind"],"picked":"Transmutation","floor":46},{"not_picked":["Secret Weapon","Trip","Flash of Steel"],"picked":"Secret Technique","floor":46},{"not_picked":["Sunder","Streamline+1","Turbo+1"],"picked":"Ball Lightning+1","floor":47}],"player_experience":41692,"relics_obtained":[{"floor":6,"key":"Oddly Smooth Stone"},{"floor":9,"key":"Question Card"},{"floor":13,"key":"Matryoshka"},{"floor":14,"key":"Bag of Preparation"},{"floor":26,"key":"Bottled Flame"},{"floor":26,"key":"Orichalcum"},{"floor":41,"key":"Pen Nib"},{"floor":43,"key":"Blood Vial"},{"floor":43,"key":"Happy Flower"}],"event_choices":[{"event_name":"FaceTrader","player_choice":"Trade","floor":11,"damage_taken":0},{"event_name":"Dead Adventurer","player_choice":"Searched \u00272\u0027 times","floor":14,"damage_taken":0},{"event_name":"Accursed Blacksmith","player_choice":"Forge","floor":19,"damage_taken":0},{"event_name":"Back to Basics","player_choice":"Simplicity","floor":22,"damage_taken":0},{"event_name":"SensoryStone","player_choice":"Memory 3","floor":46,"damage_taken":0}],"is_beta":false,"boss_relics":[{"not_picked":["Runic Pyramid","Snecko Eye"],"picked":"Inserter"},{"not_picked":["Busted Crown","FrozenCore"],"picked":"Cursed Key"}],"items_purged_floors":[5],"is_endless":false,"potions_floor_spawned":[1,6,10,14,14,20,24,31,36,37,41,42,44],"killed_by":"Awakened One","ascension_level":2}