{"gold_per_floor":[109,121,135,146,156,181,151,116,116,116,116,126,144,162,162,267,267,279,279,279],"floor_reached":20,"playtime":2428,"items_purged":[],"score":240,"play_id":"ef8209bc-8595-49df-a24c-2c9c6208114d","local_time":"20190408111010","is_ascension_mode":true,"campfire_choices":[{"data":"Uppercut","floor":10,"key":"SMITH"},{"data":"Flame Barrier","floor":15,"key":"SMITH"}],"neow_cost":"NONE","seed_source_timestamp":293025820054645,"circlet_count":0,"master_deck":["Strike_R","Strike_R","Strike_R","Strike_R","Strike_R","Defend_R","Defend_R","Defend_R","Defend_R","Bash","Dark Embrace","Havoc","Evolve","Flame Barrier+1","Second Wind","Uppercut+1","Reaper","Ghostly Armor","Parasite","Shockwave","Warcry","Double Tap","Rampage+1","Seeing Red"],"relics":["Burning Blood","Darkstone Periapt","Pantograph","Eternal Feather"],"potions_floor_usage":[6,16,16,16,20],"damage_taken":[{"damage":5,"enemies":"Cultist","floor":1,"turns":4},{"damage":6,"enemies":"Small Slimes","floor":2,"turns":5},{"damage":14,"enemies":"2 Louse","floor":3,"turns":5},{"damage":7,"enemies":"2 Fungi Beasts","floor":4,"turns":5},{"damage":17,"enemies":"Blue Slaver","floor":5,"turns":5},{"damage":53,"enemies":"3 Sentries","floor":6,"turns":21},{"damage":7,"enemies":"Looter","floor":7,"turns":4},{"damage":26,"enemies":"Large Slime","floor":12,"turns":12},{"damage":10,"enemies":"3 Louse","floor":13,"turns":6},{"damage":8,"enemies":"Blue Slaver","floor":14,"turns":6},{"damage":47,"enemies":"The Guardian","floor":16,"turns":22},{"damage":16,"enemies":"3 Byrds","floor":18,"turns":3},{"damage":66,"enemies":"Masked Bandits","floor":20,"turns":4}],"seed_played":"-1539132437089416546","potions_obtained":[{"floor":2,"key":"FearPotion"},{"floor":5,"key":"Fruit Juice"},{"floor":6,"key":"SkillPotion"},{"floor":13,"key":"AttackPotion"},{"floor":14,"key":"PowerPotion"},{"floor":18,"key":"EssenceOfSteel"}],"is_trial":false,"path_per_floor":["M","?","?","?","?"],"character_chosen":"IRONCLAD","items_purchased":[],"campfire_rested":0,"item_purchase_floors":[],"current_hp_per_floor":[73,73,65,64,53,11,14,35,35,35,62,46,42,40,40,28,75,65,65,0],"gold":279,"neow_bonus":"ONE_RANDOM_RARE_CARD","is_prod":false,"is_daily":false,"chose_seed":false,"campfire_upgraded":2,"win_rate":0,"timestamp":1554743410,"path_taken":["M","M","?","M","M","E","M","?","T","R","?","M","M","M","R","BOSS","M","?","?"],"build_version":"2019-01-23","purchased_purges":0,"victory":false,"max_hp_per_floor":[80,80,80,80,80,85,85,85,85,85,91,91,91,91,91,91,91,91,91,91],"card_choices":[{"not_picked":["Body Slam","Clothesline"],"picked":"Havoc","floor":1},{"not_picked":["Thunderclap","Heavy Blade"],"picked":"Evolve","floor":2},{"not_picked":["Clothesline","Pommel Strike"],"picked":"Flame Barrier","floor":3},{"not_picked":["Whirlwind","Havoc"],"picked":"Second Wind","floor":4},{"not_picked":["Body Slam","Dual Wield"],"picked":"Uppercut","floor":5},{"not_picked":["Rampage","Sever Soul"],"picked":"Reaper","floor":6},{"not_picked":["Sword Boomerang","Twin Strike"],"picked":"Ghostly Armor","floor":7},{"not_picked":["Dropkick","Wild Strike"],"picked":"Shockwave","floor":12},{"not_picked":["Heavy Blade","Cleave","Blood for Blood"],"picked":"SKIP","floor":13},{"not_picked":["Combust","Clothesline"],"picked":"Warcry","floor":14},{"not_picked":["Bludgeon","Barricade"],"picked":"Double Tap","floor":16},{"not_picked":["Warcry","Cleave"],"picked":"Rampage+1","floor":18}],"player_experience":533993,"relics_obtained":[{"floor":6,"key":"Darkstone Periapt"},{"floor":9,"key":"Pantograph"}],"event_choices":[{"damage_healed":21,"gold_gain":0,"player_choice":"Healed","damage_taken":0,"max_hp_gain":0,"max_hp_loss":0,"event_name":"The Cleric","floor":8,"gold_loss":35},{"damage_healed":21,"gold_gain":0,"player_choice":"Healed and dodged fight","damage_taken":0,"max_hp_gain":0,"max_hp_loss":0,"event_name":"Mushrooms","floor":11,"gold_loss":0,"cards_obtained":["Parasite"]},{"damage_healed":0,"gold_gain":0,"player_choice":"Read","damage_taken":0,"max_hp_gain":0,"max_hp_loss":0,"event_name":"The Library","floor":19,"gold_loss":0,"cards_obtained":["Seeing Red"]},{"damage_healed":0,"gold_gain":0,"player_choice":"Fought Bandits","damage_taken":0,"max_hp_gain":0,"max_hp_loss":0,"event_name":"Masked Bandits","floor":20,"gold_loss":0}],"is_beta":false,"boss_relics":[{"not_picked":["Empty Cage","Tiny House"],"picked":"Eternal Feather"}],"items_purged_floors":[],"is_endless":false,"potions_floor_spawned":[2,5,6,13,14,18],"killed_by":"Masked Bandits","ascension_level":7}