{"gold_per_floor":[111,128,128,140,160,192,192,221,221,238,238,238,256,289,289,388,388,399,416,436,208,219,249,260,293,320,330,346,346,377,277,277,374,374,387,387,404,454,454,454,481,301,327,327,327,36,61,61,61,61,61,61,12,37,37],"floor_reached":55,"playtime":2744,"items_purged":["Strike_R","Normality"],"score":1031,"play_id":"b0495411-a8d1-4bf0-8c04-4125214ca2a8","local_time":"20190327145642","is_ascension_mode":true,"campfire_choices":[{"data":"Bludgeon","floor":7,"key":"SMITH"},{"data":"Bash","floor":11,"key":"SMITH"},{"data":"Flame Barrier","floor":15,"key":"SMITH"},{"floor":32,"key":"REST"},{"floor":40,"key":"RECALL"},{"data":"Regret","floor":44,"key":"PURGE"},{"floor":49,"key":"REST"},{"floor":52,"key":"REST"}],"neow_cost":"PERCENT_DAMAGE","seed_source_timestamp":565674135319415,"circlet_count":0,"master_deck":["Strike_R+1","Defend_R","Defend_R","Defend_R","Bash+1","True Grit","Bludgeon+1","Headbutt","Flame Barrier+1","Rage","Rage","Battle Trance","Anger+1","Juggernaut","Infernal Blade+1","Shrug It Off","Dropkick","Pummel+1","Juggernaut","Shrug It Off+1","Flame Barrier","Thunderclap","Flex","Heavy Blade","Double Tap","Madness","Madness","Spot Weakness+1","Panache","Apotheosis","Dark Shackles","Magnetism","Reaper","Rage+1","Flame Barrier+1","Power Through+1"],"relics":["Burning Blood","Dodecahedron","Juzu Bracelet","Shuriken","Champion Belt","Cursed Key","Pantograph","Bag of Preparation","Bag of Marbles","Regal Pillow","Fusion Hammer","Peace Pipe","MawBank","PreservedInsect","Toxic Egg 2","Paper Frog"],"potions_floor_usage":[8,14,23,24,25,47,50,54,55,55],"damage_taken":[{"damage":0,"enemies":"Small Slimes","floor":1,"turns":3},{"damage":0,"enemies":"2 Louse","floor":2,"turns":2},{"damage":2,"enemies":"Jaw Worm","floor":4,"turns":4},{"damage":0,"enemies":"2 Fungi Beasts","floor":5,"turns":4},{"damage":10,"enemies":"3 Sentries","floor":6,"turns":9},{"damage":0,"enemies":"Gremlin Nob","floor":8,"turns":3},{"damage":0,"enemies":"Large Slime","floor":10,"turns":3},{"damage":6,"enemies":"3 Louse","floor":13,"turns":3},{"damage":20,"enemies":"Lagavulin","floor":14,"turns":3},{"damage":14,"enemies":"Hexaghost","floor":16,"turns":7},{"damage":2,"enemies":"Chosen","floor":18,"turns":4},{"damage":0,"enemies":"Shell Parasite","floor":19,"turns":4},{"damage":1,"enemies":"Sentry and Sphere","floor":20,"turns":4},{"damage":5,"enemies":"Shelled Parasite and Fungi","floor":22,"turns":3},{"damage":0,"enemies":"Book of Stabbing","floor":23,"turns":3},{"damage":9,"enemies":"Centurion and Healer","floor":24,"turns":3},{"damage":31,"enemies":"Gremlin Leader","floor":25,"turns":7},{"damage":3,"enemies":"Cultist and Chosen","floor":27,"turns":5},{"damage":3,"enemies":"Snecko","floor":28,"turns":4},{"damage":19,"enemies":"Slavers","floor":30,"turns":4},{"damage":9,"enemies":"Champ","floor":33,"turns":9},{"damage":0,"enemies":"3 Shapes","floor":35,"turns":4},{"damage":0,"enemies":"3 Darklings","floor":37,"turns":4},{"damage":9,"enemies":"2 Orb Walkers","floor":38,"turns":4},{"damage":28,"enemies":"Giant Head","floor":41,"turns":6},{"damage":33,"enemies":"Nemesis","floor":47,"turns":7},{"damage":80,"enemies":"Donu and Deca","floor":50,"turns":9},{"damage":39,"enemies":"Shield and Spear","floor":54,"turns":5},{"damage":80,"enemies":"The Heart","floor":55,"turns":3}],"seed_played":"5137229104918151981","potions_obtained":[{"floor":4,"key":"Ancient Potion"},{"floor":6,"key":"Energy Potion"},{"floor":10,"key":"Explosive Potion"},{"floor":13,"key":"AttackPotion"},{"floor":18,"key":"Weak Potion"},{"floor":24,"key":"Energy Potion"},{"floor":25,"key":"BloodPotion"},{"floor":28,"key":"Fire Potion"},{"floor":41,"key":"Fire Potion"},{"floor":54,"key":"EssenceOfSteel"}],"is_trial":false,"path_per_floor":["M","M","?","M","M","E","R","E","T","M","R","?","M","E","R","B",null,"M","M","M","$","M","E","M","E","T","M","M","?","E","$","R","B",null,"M","?","M","?","?","R","E","$","T","R","?","$","E","?","R","B",null,"R","$","E","B"],"character_chosen":"IRONCLAD","items_purchased":["Inflame","Dropkick","Panache","PreservedInsect","Reaper","Strength Potion"],"campfire_rested":3,"item_purchase_floors":[21,21,42,46,46,53],"current_hp_per_floor":[62,68,68,72,78,74,74,80,80,80,80,64,64,50,50,42,71,75,80,80,80,80,80,77,52,52,55,58,58,45,45,80,77,79,80,80,80,77,67,67,45,45,45,45,35,35,16,16,55,16,64,80,80,47,0],"gold":37,"neow_bonus":"TRANSFORM_TWO_CARDS","is_prod":false,"is_daily":false,"chose_seed":false,"campfire_upgraded":3,"win_rate":0,"timestamp":1553723802,"path_taken":["M","M","?","M","M","E","R","E","T","M","R","?","M","E","R","BOSS","M","M","M","$","M","E","M","E","T","M","M","?","E","$","R","BOSS","M","?","M","?","?","R","E","$","T","R","?","?","E","?","R","BOSS","R","$","E","BOSS"],"build_version":"2019-01-23","purchased_purges":2,"victory":false,"max_hp_per_floor":[80,80,80,80,80,80,80,80,80,80,80,80,80,80,80,80,80,80,80,80,80,80,80,80,80,80,80,80,80,80,80,80,80,80,80,80,80,80,80,80,80,80,80,80,80,80,80,80,80,80,80,80,80,80,80],"card_choices":[{"not_picked":["Battle Trance","Havoc"],"picked":"Headbutt","floor":1},{"not_picked":["Pummel","Sever Soul","Heavy Blade"],"picked":"SKIP","floor":2},{"not_picked":["Pommel Strike","Sword Boomerang"],"picked":"Flame Barrier","floor":4},{"not_picked":["Sword Boomerang","Clash"],"picked":"Rage","floor":5},{"not_picked":["Intimidate","Twin Strike"],"picked":"Rage","floor":6},{"not_picked":["Pommel Strike","Brutality"],"picked":"Battle Trance","floor":8},{"not_picked":["Perfected Strike","Flex"],"picked":"Anger","floor":10},{"not_picked":["Sever Soul","Clash","Flex"],"picked":"SKIP","floor":13},{"not_picked":["Power Through","Whirlwind","Rampage"],"picked":"SKIP","floor":14},{"not_picked":["Brutality","Bludgeon"],"picked":"Juggernaut","floor":16},{"not_picked":["Armaments","Anger"],"picked":"Infernal Blade+1","floor":18},{"not_picked":["Fire Breathing","Evolve","Clothesline"],"picked":"SKIP","floor":19},{"not_picked":["Perfected Strike","Warcry"],"picked":"Shrug It Off","floor":20},{"not_picked":["Infernal Blade","Body Slam"],"picked":"Pummel+1","floor":22},{"not_picked":["Flex","Infernal Blade","Clothesline"],"picked":"SKIP","floor":23},{"not_picked":["Havoc+1","Sentinel"],"picked":"Juggernaut","floor":24},{"not_picked":["Wild Strike+1","Clash+1"],"picked":"Shrug It Off+1","floor":25},{"not_picked":["Corruption","Spot Weakness"],"picked":"Flame Barrier","floor":27},{"not_picked":["Pummel","Carnage"],"picked":"Thunderclap","floor":28},{"not_picked":["Power Through","Anger","Carnage+1"],"picked":"SKIP","floor":30},{"not_picked":["Feed","Bludgeon"],"picked":"Double Tap","floor":33},{"not_picked":["Anger+1","Cleave","Headbutt+1"],"picked":"SKIP","floor":35},{"not_picked":["Blood for Blood","Power Through","Cleave"],"picked":"SKIP","floor":37},{"not_picked":["Pommel Strike","Warcry+1"],"picked":"Spot Weakness+1","floor":41},{"not_picked":["Bandage Up","Blind"],"picked":"Apotheosis","floor":45},{"not_picked":["Deep Breath","Discovery"],"picked":"Dark Shackles","floor":45},{"not_picked":["Thinking Ahead","Flash of Steel"],"picked":"Magnetism","floor":45},{"not_picked":["Carnage","Feel No Pain"],"picked":"Rage+1","floor":47},{"not_picked":["Perfected Strike","Dropkick"],"picked":"Power Through+1","floor":54}],"player_experience":82559,"relics_obtained":[{"floor":6,"key":"Dodecahedron"},{"floor":8,"key":"Juzu Bracelet"},{"floor":9,"key":"Shuriken"},{"floor":14,"key":"Champion Belt"},{"floor":23,"key":"Pantograph"},{"floor":25,"key":"Bag of Preparation"},{"floor":26,"key":"Bag of Marbles"},{"floor":30,"key":"Regal Pillow"},{"floor":38,"key":"Peace Pipe"},{"floor":41,"key":"MawBank"},{"floor":47,"key":"Toxic Egg 2"},{"floor":54,"key":"Paper Frog"}],"event_choices":[{"damage_healed":0,"gold_gain":0,"player_choice":"Ignored","damage_taken":0,"max_hp_gain":0,"max_hp_loss":0,"event_name":"Liars Game","floor":3,"gold_loss":0},{"damage_healed":0,"gold_gain":0,"player_choice":"Entered Light","damage_taken":16,"max_hp_gain":0,"max_hp_loss":0,"event_name":"Shining Light","floor":12,"gold_loss":0,"cards_upgraded":["Anger","Strike_R"]},{"damage_healed":0,"gold_gain":0,"cards_transformed":["Strike_R","Defend_R"],"player_choice":"Became Test Subject","damage_taken":0,"max_hp_gain":0,"max_hp_loss":0,"event_name":"Drug Dealer","floor":29,"gold_loss":0,"cards_obtained":["Flex","Heavy Blade"]},{"cards_removed":["Inflame"],"damage_healed":0,"gold_gain":0,"player_choice":"Removed Power","damage_taken":0,"max_hp_gain":0,"max_hp_loss":0,"event_name":"Falling","floor":36,"gold_loss":0},{"damage_healed":0,"gold_gain":0,"player_choice":"Fight","damage_taken":0,"max_hp_gain":0,"max_hp_loss":0,"event_name":"Mysterious Sphere","floor":38,"gold_loss":0},{"damage_healed":0,"gold_gain":0,"player_choice":"Embrace Madness","damage_taken":10,"max_hp_gain":0,"max_hp_loss":0,"event_name":"Winding Halls","floor":39,"gold_loss":0,"cards_obtained":["Madness","Madness"]},{"damage_healed":0,"gold_gain":0,"player_choice":"Memory 3","damage_taken":10,"max_hp_gain":0,"max_hp_loss":0,"event_name":"SensoryStone","floor":45,"gold_loss":0},{"damage_healed":0,"gold_gain":0,"player_choice":"Copied","damage_taken":0,"max_hp_gain":0,"max_hp_loss":0,"event_name":"Duplicator","floor":48,"gold_loss":0,"cards_obtained":["Flame Barrier"]}],"is_beta":false,"boss_relics":[{"not_picked":["Coffee Dripper","Tiny House"],"picked":"Cursed Key"},{"not_picked":["Mark of Pain","Runic Cube"],"picked":"Fusion Hammer"}],"items_purged_floors":[21,31],"is_endless":false,"potions_floor_spawned":[4,6,10,13,18,20,22,24,25,28,35,38,41,54],"killed_by":"The Heart","ascension_level":5}