{"gold_per_floor":[109,109,127,146,164,164,199,199,199,228,244,244,116,116,116,240,240,261,64,79,79,93,93,124,140,191,222,222,65,65,96,96,220,220,245,145,158,158,158,158,178,178,225,244,244,264,264,277,277,277],"floor_reached":51,"playtime":2455,"items_purged":["Strike_R","Fiend Fire"],"score":845,"play_id":"d8a3a5ed-61d9-4013-b082-90591818727d","local_time":"20180925172957","is_ascension_mode":false,"campfire_choices":[{"data":"Bash","floor":6,"key":"SMITH"},{"data":"Anger","floor":8,"key":"SMITH"},{"data":"Pommel Strike","floor":12,"key":"SMITH"},{"floor":15,"key":"REST"},{"data":"Double Tap","floor":23,"key":"SMITH"},{"floor":32,"key":"REST"},{"floor":40,"key":"REST"},{"floor":45,"key":"REST"},{"floor":49,"key":"REST"}],"neow_cost":"NONE","seed_source_timestamp":171295640055593,"circlet_count":0,"master_deck":["Defend_R","Defend_R","Defend_R","Bash+1","Anger+1","Disarm","Dropkick","Pommel Strike+1","Spot Weakness","Shrug It Off","Entrench+1","Rage+1","True Grit+1","Conserve Battery","Double Tap+1","Dash+1","Hologram+1","Dual Wield","All For One","Finesse","Panacea","Flex+1","Skim+1","Scrape+1"],"relics":["Burning Blood","Bronze Scales","Question Card","Mango","Golden Idol","Astrolabe","PrismaticShard","PreservedInsect","Strawberry","Red Mask","Oddly Smooth Stone","Pear","Fusion Hammer","Vajra","Centennial Puzzle"],"potions_floor_usage":[16,22,24,31,33,44,50,50],"damage_taken":[{"damage":5,"enemies":"Small Slimes","floor":1,"turns":2},{"damage":4,"enemies":"2 Louse","floor":3,"turns":2},{"damage":6,"enemies":"Jaw Worm","floor":4,"turns":3},{"damage":31,"enemies":"Large Slime","floor":5,"turns":7},{"damage":22,"enemies":"Lagavulin","floor":7,"turns":6},{"damage":28,"enemies":"Gremlin Nob","floor":10,"turns":3},{"damage":8,"enemies":"Red Slaver","floor":11,"turns":3},{"damage":26,"enemies":"The Guardian","floor":16,"turns":10},{"damage":12,"enemies":"2 Thieves","floor":18,"turns":4},{"damage":6,"enemies":"3 Byrds","floor":20,"turns":2},{"damage":11,"enemies":"Snake Plant","floor":22,"turns":3},{"damage":46,"enemies":"Gremlin Leader","floor":24,"turns":4},{"damage":5,"enemies":"Snecko","floor":25,"turns":5},{"damage":9,"enemies":"Masked Bandits","floor":27,"turns":4},{"damage":13,"enemies":"Slavers","floor":31,"turns":6},{"damage":52,"enemies":"Champ","floor":33,"turns":10},{"damage":18,"enemies":"3 Shapes","floor":35,"turns":10},{"damage":0,"enemies":"Orb Walker","floor":37,"turns":4},{"damage":16,"enemies":"Maw","floor":41,"turns":6},{"damage":38,"enemies":"Reptomancer","floor":44,"turns":6},{"damage":4,"enemies":"Sphere and 2 Shapes","floor":46,"turns":7},{"damage":0,"enemies":"3 Darklings","floor":48,"turns":4},{"damage":60,"enemies":"Time Eater","floor":50,"turns":6}],"seed_played":"-5059019912540362359","potions_obtained":[{"floor":7,"key":"Energy Potion"},{"floor":10,"key":"Ancient Potion"},{"floor":11,"key":"PowerPotion"},{"floor":16,"key":"Dexterity Potion"},{"floor":20,"key":"Fruit Juice"},{"floor":27,"key":"PowerPotion"},{"floor":33,"key":"Dexterity Potion"},{"floor":37,"key":"LiquidBronze"},{"floor":41,"key":"Block Potion"},{"floor":42,"key":"Strength Potion"},{"floor":42,"key":"PowerPotion"},{"floor":46,"key":"Explosive Potion"}],"is_trial":false,"path_per_floor":["M","?","M","M","M","R","E","R","T","E","M","R","$","?","R","B",null,"M","$","M","?","M","R","E","M","T","?","?","$","?","E","R","B",null,"M","$","M","?","?","R","M","?","T","M","R","M","?","M","R","B"],"character_chosen":"IRONCLAD","items_purchased":["Shrug It Off","PrismaticShard","Oddly Smooth Stone"],"campfire_rested":5,"item_purchase_floors":[13,19,29],"current_hp_per_floor":[80,80,80,80,55,55,39,39,39,31,29,29,29,6,34,14,94,88,88,88,88,88,88,48,49,56,53,53,53,53,56,90,44,116,104,104,110,110,110,116,106,106,106,74,108,110,110,116,116,62],"gold":277,"neow_bonus":"ONE_RANDOM_RARE_CARD","is_prod":false,"is_daily":false,"chose_seed":false,"campfire_upgraded":4,"win_rate":0,"timestamp":1537921797,"path_taken":["M","?","M","M","M","R","E","R","T","E","M","R","$","?","R","BOSS","M","$","M","?","M","R","E","M","T","?","?","$","?","E","R","BOSS","M","$","M","?","?","R","M","?","T","?","R","M","?","M","R","BOSS"],"build_version":"2018-09-20","purchased_purges":2,"victory":true,"max_hp_per_floor":[80,80,80,80,80,80,80,80,80,94,94,94,94,94,94,94,94,94,94,94,94,99,99,99,99,106,106,106,106,106,116,116,116,116,116,116,116,116,116,116,116,116,116,116,116,116,116,116,116,116],"card_choices":[{"not_picked":["Armaments","Thunderclap"],"picked":"Anger","floor":1},{"not_picked":["Twin Strike","Sword Boomerang"],"picked":"Disarm","floor":3},{"not_picked":["Battle Trance","Perfected Strike"],"picked":"Dropkick","floor":4},{"not_picked":["Sentinel","Shrug It Off"],"picked":"Pommel Strike","floor":5},{"not_picked":["Dark Embrace","Hemokinesis","Wild Strike"],"picked":"SKIP","floor":7},{"not_picked":["Perfected Strike","Havoc","Uppercut"],"picked":"Spot Weakness","floor":10},{"not_picked":["True Grit","Wild Strike","Uppercut","Pommel Strike"],"picked":"SKIP","floor":11},{"not_picked":["Twin Strike","Perfected Strike+1","Sword Boomerang"],"picked":"True Grit+1","floor":18},{"not_picked":["True Grit","Streamline","Violence"],"picked":"Conserve Battery","floor":20},{"not_picked":["True Grit","Go for the Eyes","Leap+1","Acrobatics"],"picked":"SKIP","floor":22},{"not_picked":["Crippling Poison+1","Havoc","Hemokinesis+1","Defragment"],"picked":"SKIP","floor":24},{"not_picked":["Blade Dance+1","Panacea","FTL"],"picked":"Dash+1","floor":25},{"not_picked":["Rupture","Accuracy+1","Leap"],"picked":"Hologram+1","floor":27},{"not_picked":["Multi-Cast","Recycle","Bane+1","Stack"],"picked":"SKIP","floor":31},{"not_picked":["Grand Finale","Bullet Time","Metamorphosis"],"picked":"All For One","floor":33},{"not_picked":["Flying Knee","Rebound+1","Body Slam+1","Underhanded Strike+1"],"picked":"SKIP","floor":35},{"not_picked":["Cold Snap","Heavy Blade+1","Rip and Tear"],"picked":"Finesse","floor":37},{"not_picked":["Footwork","Genetic Algorithm","Flying Knee+1"],"picked":"Flex+1","floor":41},{"not_picked":["All Out Attack","Tools of the Trade","Inflame+1","Cleave+1"],"picked":"SKIP","floor":44},{"not_picked":["Sucker Punch+1","Barrage+1","Dagger Throw+1"],"picked":"Skim+1","floor":46},{"not_picked":["Flechettes+1","Compile Driver+1","Infinite Blades"],"picked":"Scrape+1","floor":48}],"player_experience":261575,"relics_obtained":[{"floor":7,"key":"Bronze Scales"},{"floor":9,"key":"Question Card"},{"floor":10,"key":"Mango"},{"floor":24,"key":"PreservedInsect"},{"floor":26,"key":"Strawberry"},{"floor":27,"key":"Red Mask"},{"floor":31,"key":"Pear"},{"floor":43,"key":"Centennial Puzzle"}],"event_choices":[{"event_name":"Living Wall","player_choice":"Forget","floor":2,"damage_taken":0},{"event_name":"Golden Idol","player_choice":"Take Damage","floor":14,"damage_taken":0},{"event_name":"Match and Keep!","player_choice":"1 cards matched","floor":21,"damage_taken":0},{"event_name":"Masked Bandits","player_choice":"Fought Bandits","floor":27,"damage_taken":0},{"event_name":"The Library","player_choice":"Read","floor":28,"damage_taken":0},{"event_name":"Purifier","player_choice":"One Purge","floor":30,"damage_taken":0},{"event_name":"WeMeetAgain","player_choice":"Potion","floor":38,"damage_taken":0},{"event_name":"Match and Keep!","player_choice":"1 cards matched","floor":39,"damage_taken":0},{"event_name":"The Lab","player_choice":"Got Potions","floor":42,"damage_taken":0},{"event_name":"Falling","player_choice":"Removed Skill","floor":47,"damage_taken":0}],"is_beta":false,"boss_relics":[{"not_picked":["Lizard Tail","Coffee Dripper"],"picked":"Astrolabe"},{"not_picked":["Busted Crown","Empty Cage"],"picked":"Fusion Hammer"}],"items_purged_floors":[13,36],"is_endless":false,"potions_floor_spawned":[7,10,11,16,18,20,27,33,37,41,46],"ascension_level":0}