{"gold_per_floor":[114,131,151,165,165,165,192,207,207,132,132,167,167,180,180,285,285,295,310,330,39,53,53,53],"floor_reached":24,"playtime":1080,"items_purged":["Strike_G"],"score":220,"play_id":"b94a7b1d-68ef-4bd4-8ec6-9acdf4ea0864","local_time":"20190414144034","is_ascension_mode":true,"campfire_choices":[{"data":"Footwork","floor":6,"key":"SMITH"},{"data":"Neutralize","floor":11,"key":"SMITH"},{"data":"Poisoned Stab","floor":15,"key":"SMITH"},{"data":"Night Terror","floor":23,"key":"SMITH"}],"neow_cost":"NONE","seed_source_timestamp":403634318233100,"circlet_count":0,"master_deck":["Defend_G","Defend_G","Defend_G","Defend_G","Defend_G","Strike_G","Strike_G","Strike_G","Strike_G","Survivor","Neutralize+1","Footwork+1","Noxious Fumes+1","Bouncing Flask","Poisoned Stab+1","Catalyst","Setup","Footwork","Poisoned Stab","Night Terror+1","Deflect+1","Acrobatics","Dodge and Roll","Blur"],"relics":["Velvet Choker","Odd Mushroom","Pantograph","Letter Opener","CultistMask","Cursed Key","Incense Burner"],"potions_floor_usage":[12,16,20,20],"damage_taken":[{"damage":1,"enemies":"Small Slimes","floor":1,"turns":3},{"damage":0,"enemies":"Jaw Worm","floor":2,"turns":5},{"damage":0,"enemies":"Cultist","floor":3,"turns":4},{"damage":8,"enemies":"2 Fungi Beasts","floor":4,"turns":4},{"damage":8,"enemies":"The Mushroom Lair","floor":7,"turns":5},{"damage":8,"enemies":"Large Slime","floor":8,"turns":6},{"damage":6,"enemies":"3 Sentries","floor":12,"turns":7},{"damage":8,"enemies":"Lots of Slimes","floor":14,"turns":5},{"damage":2,"enemies":"Hexaghost","floor":16,"turns":8},{"damage":10,"enemies":"Shell Parasite","floor":18,"turns":5},{"damage":0,"enemies":"Chosen","floor":19,"turns":4},{"damage":18,"enemies":"Centurion and Healer","floor":20,"turns":7},{"damage":21,"enemies":"Snecko","floor":22,"turns":5},{"damage":22,"enemies":"Slavers","floor":24,"turns":3}],"seed_played":"6892665235707986157","potions_obtained":[{"floor":1,"key":"PowerPotion"},{"floor":2,"key":"GhostInAJar"},{"floor":7,"key":"Dexterity Potion"},{"floor":16,"key":"LiquidBronze"},{"floor":19,"key":"Explosive Potion"}],"is_trial":false,"path_per_floor":["M","M","M","M","?","R","?","M","T","$","R","E","?","M","R","B",null,"M","M","M","$","M","R","E"],"character_chosen":"THE_SILENT","items_purchased":["Incense Burner"],"campfire_rested":0,"item_purchase_floors":[21],"current_hp_per_floor":[69,69,69,61,61,61,53,45,45,45,45,39,39,31,31,54,70,60,60,42,42,21,21,0],"gold":53,"neow_bonus":"BOSS_RELIC","is_prod":false,"is_daily":false,"chose_seed":false,"campfire_upgraded":4,"win_rate":0,"timestamp":1555245634,"path_taken":["M","M","M","M","?","R","?","M","T","$","R","E","?","?","R","BOSS","M","M","M","$","M","R","E"],"build_version":"2019-01-23","purchased_purges":1,"victory":false,"max_hp_per_floor":[70,70,70,70,70,70,70,70,70,70,70,70,70,70,70,70,70,70,70,70,70,70,70,70],"card_choices":[{"not_picked":["Slice","Blade Dance"],"picked":"Footwork","floor":1},{"not_picked":["Dagger Throw","Flechettes"],"picked":"Noxious Fumes","floor":2},{"not_picked":["Accuracy","Skewer"],"picked":"Bouncing Flask","floor":3},{"not_picked":["Quick Slash","Dodge and Roll"],"picked":"Poisoned Stab","floor":4},{"not_picked":["Choke","PiercingWail"],"picked":"Catalyst","floor":7},{"not_picked":["Choke","Dagger Spray"],"picked":"Setup","floor":8},{"not_picked":["Well Laid Plans","Dash"],"picked":"Footwork","floor":12},{"not_picked":["Flying Knee","Dagger Throw"],"picked":"Poisoned Stab","floor":14},{"not_picked":["Glass Knife","Venomology"],"picked":"Night Terror","floor":16},{"not_picked":["PiercingWail","Bane"],"picked":"Deflect+1","floor":18},{"not_picked":["Dagger Throw","Eviscerate"],"picked":"Acrobatics","floor":19},{"not_picked":["Setup","Dagger Throw"],"picked":"Dodge and Roll","floor":20},{"not_picked":["Well Laid Plans","Backflip"],"picked":"Blur","floor":22}],"player_experience":449489,"relics_obtained":[{"floor":7,"key":"Odd Mushroom"},{"floor":9,"key":"Pantograph"},{"floor":12,"key":"Letter Opener"}],"event_choices":[{"damage_healed":0,"gold_gain":0,"player_choice":"Grow","damage_taken":0,"max_hp_gain":0,"max_hp_loss":0,"event_name":"Living Wall","floor":5,"gold_loss":0,"cards_upgraded":["Noxious Fumes"]},{"damage_healed":0,"gold_gain":0,"player_choice":"Fought Mushrooms","damage_taken":0,"max_hp_gain":0,"max_hp_loss":0,"event_name":"Mushrooms","floor":7,"gold_loss":0},{"damage_healed":0,"gold_gain":0,"player_choice":"Trade","damage_taken":0,"relics_obtained":["CultistMask"],"max_hp_gain":0,"max_hp_loss":0,"event_name":"FaceTrader","floor":13,"gold_loss":0}],"is_beta":false,"boss_relics":[{"not_picked":["Eternal Feather","Runic Pyramid"],"picked":"Cursed Key"}],"items_purged_floors":[10],"is_endless":false,"potions_floor_spawned":[1,2,7,16,19],"killed_by":"Slavers","ascension_level":2}