{"gold_per_floor":[112,112,122,133,152,186,186,186],"floor_reached":8,"playtime":341,"items_purged":[],"score":70,"play_id":"a1743302-8fdd-4e92-9e78-0c38bee833c8","local_time":"20190414113453","is_ascension_mode":true,"campfire_choices":[{"data":"Body Slam","floor":7,"key":"SMITH"}],"neow_cost":"NONE","seed_source_timestamp":393233942731600,"circlet_count":0,"master_deck":["Strike_R","Strike_R","Strike_R","Strike_R","Defend_R","Defend_R","Defend_R","Defend_R","Bash","Body Slam+1","Pommel Strike","Searing Blow","Body Slam","Spot Weakness","Thunderclap","Pummel"],"relics":["Burning Blood","Singing Bowl"],"potions_floor_usage":[6],"damage_taken":[{"damage":2,"enemies":"Small Slimes","floor":1,"turns":5},{"damage":16,"enemies":"Cultist","floor":3,"turns":4},{"damage":12,"enemies":"Jaw Worm","floor":4,"turns":3},{"damage":25,"enemies":"Gremlin Gang","floor":5,"turns":4},{"damage":32,"enemies":"Gremlin Nob","floor":6,"turns":4},{"damage":15,"enemies":"3 Sentries","floor":8,"turns":4}],"seed_played":"-1218903573735535999","potions_obtained":[{"floor":4,"key":"Energy Potion"},{"floor":5,"key":"AttackPotion"}],"is_trial":false,"path_per_floor":["M","?","M","M","M","E","R","E"],"character_chosen":"IRONCLAD","items_purchased":[],"campfire_rested":0,"item_purchase_floors":[],"current_hp_per_floor":[80,80,70,64,45,19,19,4],"gold":186,"neow_bonus":"THREE_CARDS","is_prod":false,"is_daily":false,"chose_seed":false,"campfire_upgraded":1,"win_rate":0,"timestamp":1555234493,"path_taken":["M","?","M","?","M","E","R","E"],"build_version":"2019-01-23","purchased_purges":0,"victory":false,"max_hp_per_floor":[80,80,80,80,80,80,80,80],"card_choices":[{"not_picked":["Battle Trance","Rupture"],"picked":"Body Slam","floor":0},{"not_picked":["Cleave","Flex"],"picked":"Pommel Strike","floor":1},{"not_picked":["Second Wind","Havoc"],"picked":"Body Slam","floor":3},{"not_picked":["Flex","Anger"],"picked":"Spot Weakness","floor":4},{"not_picked":["Perfected Strike","Sword Boomerang"],"picked":"Thunderclap","floor":5},{"not_picked":["Combust","Blood for Blood"],"picked":"Pummel","floor":6}],"player_experience":441873,"relics_obtained":[{"floor":6,"key":"Singing Bowl"}],"event_choices":[{"damage_healed":0,"gold_gain":0,"cards_transformed":["Strike_R"],"player_choice":"Transformed","damage_taken":0,"max_hp_gain":0,"max_hp_loss":0,"event_name":"Transmorgrifier","floor":2,"gold_loss":0,"cards_obtained":["Searing Blow"]}],"is_beta":false,"boss_relics":[],"items_purged_floors":[],"is_endless":false,"potions_floor_spawned":[4,5],"killed_by":"3 Sentries","ascension_level":4}