{"gold_per_floor":[115,135,146,146,159,187,203,203,203,203,203,203,203,264,264,341,341,351,351,364,4,53,53,67,79,106,124,124],"floor_reached":28,"playtime":6395,"items_purged":[],"score":396,"play_id":"9191ee23-9963-4bdd-b8ba-b4f0f4a0b02b","local_time":"20190506111144","is_ascension_mode":true,"campfire_choices":[{"data":"Havoc","floor":10,"key":"SMITH"},{"data":"Demon Form","floor":13,"key":"SMITH"},{"floor":15,"key":"REST"},{"floor":23,"key":"REST"}],"neow_cost":"TEN_PERCENT_HP_LOSS","seed_source_timestamp":553011771731000,"circlet_count":0,"master_deck":["AscendersBane","Strike_R","Strike_R","Strike_R","Strike_R","Strike_R","Defend_R","Defend_R","Defend_R","Defend_R","Bash","Demon Form+1","True Grit","Whirlwind","Havoc+1","Intimidate","Fiend Fire","Warcry+1","Double Tap","Shockwave","Pummel","Shrug It Off","Seeing Red+1"],"relics":["Burning Blood","Dodecahedron","Ornamental Fan","Du-Vu Doll","Mercury Hourglass","Mark of Pain","Lantern","Bird Faced Urn","Art of War","Ancient Tea Set"],"potions_floor_usage":[6,6,14,14,27],"damage_taken":[{"damage":23,"enemies":"Jaw Worm","floor":1,"turns":4},{"damage":12,"enemies":"Small Slimes","floor":2,"turns":4},{"damage":0,"enemies":"2 Louse","floor":3,"turns":1},{"damage":13,"enemies":"2 Fungi Beasts","floor":5,"turns":3},{"damage":31,"enemies":"3 Sentries","floor":6,"turns":6},{"damage":12,"enemies":"3 Louse","floor":7,"turns":4},{"damage":40,"enemies":"Lagavulin Event","floor":14,"turns":6},{"damage":35,"enemies":"Hexaghost","floor":16,"turns":8},{"damage":35,"enemies":"Shell Parasite","floor":18,"turns":6},{"damage":1,"enemies":"3 Byrds","floor":20,"turns":4},{"damage":0,"enemies":"Centurion and Healer","floor":24,"turns":2},{"damage":28,"enemies":"Sentry and Sphere","floor":25,"turns":4},{"damage":32,"enemies":"Snake Plant","floor":27,"turns":4},{"damage":8,"enemies":"Slavers","floor":28,"turns":2}],"seed_played":"5447091864805509662","potions_obtained":[{"floor":2,"key":"BloodPotion"},{"floor":3,"key":"Explosive Potion"},{"floor":6,"key":"Regen Potion"},{"floor":7,"key":"SkillPotion"},{"floor":18,"key":"Swift Potion"},{"floor":25,"key":"PowerPotion"}],"is_trial":false,"path_per_floor":["M","M","M","?","M","E","M","?","T","R","?","?","R","?","R","B",null,"M","?","M","$","T","R","M","M","T","M","E"],"character_chosen":"IRONCLAD","items_purchased":["Shrug It Off","Bird Faced Urn"],"campfire_rested":2,"item_purchase_floors":[21,21],"current_hp_per_floor":[51,45,51,51,44,25,19,19,19,19,14,36,36,17,37,8,53,24,24,29,29,29,49,55,33,33,9,1],"gold":124,"neow_bonus":"THREE_RARE_CARDS","is_prod":false,"is_daily":false,"chose_seed":false,"campfire_upgraded":2,"win_rate":0,"timestamp":1557133904,"path_taken":["M","M","M","?","M","E","M","?","T","R","?","?","R","?","R","BOSS","M","?","M","$","?","R","M","M","T","M","E"],"build_version":"2019-01-23","purchased_purges":0,"victory":false,"max_hp_per_floor":[68,68,68,68,68,68,68,68,68,68,68,68,68,68,68,68,68,68,68,68,68,68,68,68,68,68,68,68],"card_choices":[{"not_picked":["Exhume","Brutality"],"picked":"Demon Form","floor":0},{"not_picked":["Iron Wave","Spot Weakness"],"picked":"True Grit","floor":1},{"not_picked":["Pommel Strike","Sever Soul"],"picked":"Whirlwind","floor":2},{"not_picked":["Headbutt","Twin Strike"],"picked":"Havoc","floor":3},{"not_picked":["Blood for Blood","Sever Soul"],"picked":"Intimidate","floor":5},{"not_picked":["Entrench","Thunderclap"],"picked":"Fiend Fire","floor":6},{"not_picked":["Twin Strike","Wild Strike"],"picked":"Warcry","floor":7},{"not_picked":["Brutality","Dark Embrace"],"picked":"Double Tap","floor":16},{"not_picked":["Twin Strike","Bloodletting"],"picked":"Shockwave","floor":18},{"not_picked":["Anger","Heavy Blade"],"picked":"Pummel","floor":20},{"not_picked":["Sever Soul","Wild Strike","Entrench"],"picked":"SKIP","floor":24},{"not_picked":["Reckless Charge","Wild Strike","Thunderclap"],"picked":"SKIP","floor":25},{"not_picked":["Armaments","Sentinel"],"picked":"Seeing Red+1","floor":27}],"player_experience":1130523,"relics_obtained":[{"floor":6,"key":"Dodecahedron"},{"floor":9,"key":"Ornamental Fan"},{"floor":14,"key":"Mercury Hourglass"},{"floor":22,"key":"Art of War"},{"floor":26,"key":"Ancient Tea Set"}],"event_choices":[{"damage_healed":0,"gold_gain":0,"player_choice":"Ignored","damage_taken":0,"max_hp_gain":0,"max_hp_loss":0,"event_name":"Liars Game","floor":4,"gold_loss":0},{"damage_healed":0,"gold_gain":0,"player_choice":"Grow","damage_taken":0,"max_hp_gain":0,"max_hp_loss":0,"event_name":"Living Wall","floor":8,"gold_loss":0,"cards_upgraded":["Warcry"]},{"damage_healed":0,"gold_gain":0,"player_choice":"Success","damage_taken":5,"relics_obtained":["Du-Vu Doll"],"max_hp_gain":0,"max_hp_loss":0,"event_name":"Scrap Ooze","floor":11,"gold_loss":0},{"damage_healed":22,"gold_gain":0,"player_choice":"Banana","damage_taken":0,"max_hp_gain":0,"max_hp_loss":0,"event_name":"Big Fish","floor":12,"gold_loss":0},{"damage_healed":0,"gold_gain":0,"player_choice":"Searched \u00271\u0027 times","damage_taken":0,"max_hp_gain":0,"max_hp_loss":0,"event_name":"Dead Adventurer","floor":14,"gold_loss":0},{"damage_healed":0,"gold_gain":0,"player_choice":"Gave Potion","damage_taken":0,"relics_obtained":["Lantern"],"max_hp_gain":0,"max_hp_loss":0,"event_name":"WeMeetAgain","floor":19,"gold_loss":0}],"is_beta":false,"boss_relics":[{"not_picked":["Philosopher\u0027s Stone","Lizard Tail"],"picked":"Mark of Pain"}],"items_purged_floors":[],"is_endless":false,"potions_floor_spawned":[2,3,6,7,18,25],"killed_by":"Slavers","ascension_level":16}