{"gold_per_floor":[112,130,149,160,160,160,160,160,160,177,204,228,248,275,275,377,377,390,402,244,244,244,244,278,290,290,290,290,303,384,384,384,483,483,500,30,43,63,81,106,106,106,183,200,200,500,0,13,13,13],"floor_reached":51,"playtime":2741,"items_purged":["Normality"],"score":977,"play_id":"39961eba-6041-4188-8be6-768bc3fef2fd","local_time":"20180826142726","is_ascension_mode":true,"campfire_choices":[{"data":"Sunder","floor":6,"key":"SMITH"},{"data":"BootSequence","floor":8,"key":"SMITH"},{"floor":15,"key":"REST"},{"floor":23,"key":"REST"},{"floor":28,"key":"REST"},{"floor":32,"key":"REST"},{"floor":41,"key":"REST"},{"data":"Buffer","floor":45,"key":"SMITH"},{"data":"Capacitor","floor":49,"key":"SMITH"}],"neow_cost":"NONE","seed_source_timestamp":694975387189091,"circlet_count":0,"master_deck":["Defend_B","Defend_B","Defend_B","Zap+1","Dualcast+1","Sunder+1","BootSequence+1","Glacier","All For One","Cold Snap","Double Energy","Sunder","Beam Cell","Capacitor+1","Conserve Battery+1","Sunder+1","Conserve Battery","Buffer+1","Steam Power+1","Seek+1","Doom and Gloom+1","Hologram+1","Beam Cell","Gash","Cold Snap+1","Self Repair","Redo+1","All For One","Fusion+1","Stack"],"relics":["Cracked Core","Kunai","Blood Vial","Ice Cream","Happy Flower","Regal Pillow","Empty Cage","Peace Pipe","Pen Nib","Bottled Lightning","The Courier","Ancient Tea Set","Astrolabe","Turnip","Lantern","Strawberry","Mercury Hourglass","Old Coin","Red Mask"],"potions_floor_usage":[14,16,24,25,33,40,40,42,50,50],"damage_taken":[{"damage":9,"enemies":"Jaw Worm","floor":1,"turns":4},{"damage":1,"enemies":"Cultist","floor":2,"turns":3},{"damage":0,"enemies":"2 Louse","floor":3,"turns":2},{"damage":0,"enemies":"Gremlin Gang","floor":4,"turns":3},{"damage":0,"enemies":"Exordium Wildlife","floor":10,"turns":1},{"damage":35,"enemies":"3 Sentries","floor":11,"turns":7},{"damage":3,"enemies":"Lots of Slimes","floor":13,"turns":4},{"damage":6,"enemies":"Lagavulin","floor":14,"turns":7},{"damage":2,"enemies":"Slime Boss","floor":16,"turns":9},{"damage":13,"enemies":"Shell Parasite","floor":18,"turns":5},{"damage":33,"enemies":"2 Thieves","floor":19,"turns":4},{"damage":21,"enemies":"Slavers","floor":24,"turns":7},{"damage":30,"enemies":"Snake Plant","floor":25,"turns":6},{"damage":5,"enemies":"Centurion and Healer","floor":29,"turns":5},{"damage":53,"enemies":"Champ","floor":33,"turns":12},{"damage":0,"enemies":"Flame Bruiser 1 Orb","floor":35,"turns":7},{"damage":28,"enemies":"3 Darklings","floor":37,"turns":5},{"damage":3,"enemies":"Spire Growth","floor":38,"turns":3},{"damage":12,"enemies":"4 Shapes","floor":39,"turns":5},{"damage":31,"enemies":"Giant Head","floor":40,"turns":8},{"damage":0,"enemies":"2 Orb Walkers","floor":42,"turns":2},{"damage":0,"enemies":"Maw","floor":44,"turns":7},{"damage":16,"enemies":"Mind Bloom Boss Battle","floor":46,"turns":7},{"damage":0,"enemies":"Transient","floor":48,"turns":5},{"damage":81,"enemies":"Time Eater","floor":50,"turns":11}],"seed_played":"-3321583135216323184","potions_obtained":[{"floor":3,"key":"LiquidBronze"},{"floor":10,"key":"FairyPotion"},{"floor":11,"key":"PowerPotion"},{"floor":13,"key":"SkillPotion"},{"floor":14,"key":"Ancient Potion"},{"floor":19,"key":"FearPotion"},{"floor":24,"key":"EssenceOfSteel"},{"floor":33,"key":"FocusPotion"},{"floor":35,"key":"SmokeBomb"},{"floor":39,"key":"Block Potion"},{"floor":40,"key":"FocusPotion"},{"floor":48,"key":"EssenceOfSteel"}],"is_trial":false,"path_per_floor":["M","M","M","M","?","R","?","R","T","M","E","T","M","E","R","B",null,"M","M","$","T","?","R","E","M","T","?","R","M","T","?","R","B",null,"M","$","M","M","M","E","R","E","T","M","R","?","?","M","R","B"],"character_chosen":"DEFECT","items_purchased":["Sunder","Beam Cell","Turnip","Beam Cell","Gash","Lantern"],"campfire_rested":5,"item_purchase_floors":[20,20,36,36,36,36],"current_hp_per_floor":[59,58,58,58,58,58,58,58,58,60,27,27,26,22,59,59,71,60,29,29,29,15,54,35,7,7,7,46,43,43,43,80,27,67,69,69,43,42,39,24,65,74,74,83,83,76,76,85,85,13],"gold":13,"neow_bonus":"UPGRADE_CARD","is_prod":false,"is_daily":false,"chose_seed":false,"campfire_upgraded":4,"win_rate":0,"timestamp":1535318846,"path_taken":["M","M","M","M","?","R","?","R","T","?","E","?","M","E","R","BOSS","M","M","$","?","?","R","E","M","T","?","R","?","?","?","R","BOSS","M","$","M","M","M","E","R","E","T","M","R","?","?","M","R","BOSS"],"build_version":"2018-08-23v2","purchased_purges":1,"victory":true,"max_hp_per_floor":[75,75,75,75,75,75,75,75,75,75,75,75,75,75,75,75,75,75,75,75,75,80,80,80,80,80,80,80,80,80,80,80,80,80,80,80,80,80,80,87,87,87,87,87,87,87,87,87,87,87],"card_choices":[{"not_picked":["Turbo","Force Field"],"picked":"Sunder","floor":1},{"not_picked":["Tempest","Barrage","Go for the Eyes"],"picked":"SKIP","floor":2},{"not_picked":["Steam","Aggregate","Fusion"],"picked":"SKIP","floor":3},{"not_picked":["Heatsinks","Chill"],"picked":"BootSequence","floor":4},{"not_picked":["Coolheaded","Reprogram","Redo"],"picked":"SKIP","floor":10},{"not_picked":["Compile Driver","Hologram"],"picked":"Glacier","floor":11},{"not_picked":["Beam Cell","Streamline","Blizzard"],"picked":"SKIP","floor":13},{"not_picked":["Doom and Gloom","Stack","BootSequence"],"picked":"SKIP","floor":14},{"not_picked":["Biased Cognition","Rainbow"],"picked":"All For One","floor":16},{"not_picked":["Stack+1","Rebound"],"picked":"Cold Snap","floor":18},{"not_picked":["Sweeping Beam+1","Hologram"],"picked":"Double Energy","floor":19},{"not_picked":["Barrage","Chaos"],"picked":"Capacitor","floor":24},{"not_picked":["Melter","All For One"],"picked":"Conserve Battery+1","floor":25},{"not_picked":["Ball Lightning","Compile Driver"],"picked":"Conserve Battery","floor":29},{"not_picked":["Machine Learning","Multi-Cast"],"picked":"Buffer","floor":33},{"not_picked":["Compile Driver","Leap+1"],"picked":"Hologram+1","floor":35},{"not_picked":["Beam Cell+1","Streamline"],"picked":"Cold Snap+1","floor":37},{"not_picked":["Gash+1","Aggregate+1"],"picked":"Self Repair","floor":38},{"not_picked":["Rebound","Barrage+1"],"picked":"Redo+1","floor":39},{"not_picked":["Scrape","Sweeping Beam+1","Streamline"],"picked":"SKIP","floor":40},{"not_picked":["Rebound","Sweeping Beam+1"],"picked":"All For One","floor":44},{"not_picked":["Beam Cell","Streamline+1"],"picked":"Fusion+1","floor":46},{"not_picked":["Self Repair","Sweeping Beam+1"],"picked":"Stack","floor":48}],"player_experience":158200,"relics_obtained":[{"floor":9,"key":"Blood Vial"},{"floor":11,"key":"Ice Cream"},{"floor":12,"key":"Happy Flower"},{"floor":14,"key":"Regal Pillow"},{"floor":21,"key":"Peace Pipe"},{"floor":24,"key":"Pen Nib"},{"floor":26,"key":"Bottled Lightning"},{"floor":30,"key":"The Courier"},{"floor":40,"key":"Strawberry"},{"floor":43,"key":"Mercury Hourglass"},{"floor":46,"key":"Old Coin"}],"event_choices":[{"event_name":"Accursed Blacksmith","player_choice":"Rummage","floor":5,"damage_taken":0},{"event_name":"Upgrade Shrine","player_choice":"Upgraded","floor":7,"damage_taken":0},{"event_name":"Forgotten Altar","player_choice":"Shed Blood","floor":22,"damage_taken":0},{"event_name":"Duplicator","player_choice":"One dupe","floor":27,"damage_taken":0},{"event_name":"The Mausoleum","player_choice":"Yes","floor":31,"damage_taken":0},{"event_name":"MindBloom","player_choice":"Fight","floor":46,"damage_taken":0},{"event_name":"Tomb of Lord Red Mask","player_choice":"Paid","floor":47,"damage_taken":0}],"is_beta":false,"boss_relics":[{"not_picked":["White Beast Statue","Velvet Choker"],"picked":"Empty Cage"},{"not_picked":["Coffee Dripper","Eternal Feather"],"picked":"Astrolabe"}],"items_purged_floors":[20],"is_endless":false,"potions_floor_spawned":[3,10,11,13,14,19,24,33,35,38,39,40,48],"ascension_level":7}