{"gold_per_floor":[214,233,78,92,69,100,116,116,116,116,144,144,173,273,273,370,370,388,398,323,339,271,301,301,326,326,326,355,60,60,80,80,176,176,190,200,200,215,234,234,266,266,266,298,315,349,369,369,369,369,369,369,56,89,89],"floor_reached":56,"playtime":3539,"items_purged":["Strike_R"],"score":1764,"play_id":"276a798a-d487-43fb-b4a8-97bdfef52688","local_time":"20190329201313","is_ascension_mode":true,"campfire_choices":[{"data":"Corruption","floor":8.0,"key":"SMITH"},{"data":"Demon Form","floor":12.0,"key":"SMITH"},{"data":"Double Tap","floor":15.0,"key":"SMITH"},{"floor":24.0,"key":"REST"},{"data":"Dark Embrace","floor":27.0,"key":"SMITH"},{"floor":32.0,"key":"REST"},{"data":"Battle Trance","floor":40.0,"key":"SMITH"},{"floor":49.0,"key":"RECALL"},{"data":"Strike_R","floor":52.0,"key":"PURGE"}],"neow_cost":"NONE","seed_source_timestamp":0,"circlet_count":0,"master_deck":["Strike_R","Strike_R","Strike_R","Defend_R","Defend_R","Defend_R","Defend_R","Bash","Iron Wave","Shrug It Off","Shrug It Off","Anger","Demon Form+1","Corruption+1","Double Tap+1","Dark Embrace+1","Battle Trance+1","Warcry+1","Shrug It Off","Sentinel","Shrug It Off","Second Wind","Shockwave","Battle Trance","Feed","Seeing Red+1","Corruption+1","Shrug It Off+1","Evolve+1","Metallicize+1","Juggernaut","Limit Break","Intimidate+1"],"special_seed":0,"relics":["Burning Blood","Orichalcum","Mango","Turnip","Pear","Dead Branch","Sozu","Ornamental Fan","Bag of Marbles","Paper Frog","PreservedInsect","Bronze Scales","Mark of Pain","Du-Vu Doll","Bottled Tornado","Peace Pipe","Pantograph","Oddly Smooth Stone"],"potions_floor_usage":[55],"damage_taken":[{"damage":6.0,"enemies":"Cultist","floor":1.0,"turns":3.0},{"damage":0.0,"enemies":"2 Louse","floor":2.0,"turns":4.0},{"damage":0.0,"enemies":"Jaw Worm","floor":4.0,"turns":3.0},{"damage":4.0,"enemies":"Gremlin Nob","floor":6.0,"turns":4.0},{"damage":5.0,"enemies":"Blue Slaver","floor":7.0,"turns":4.0},{"damage":24.0,"enemies":"3 Sentries","floor":11.0,"turns":8.0},{"damage":4.0,"enemies":"Lagavulin","floor":13.0,"turns":6.0},{"damage":17.0,"enemies":"Slime Boss","floor":16.0,"turns":6.0},{"damage":29.0,"enemies":"3 Byrds","floor":18.0,"turns":5.0},{"damage":19.0,"enemies":"Shell Parasite","floor":19.0,"turns":6.0},{"damage":15.0,"enemies":"Centurion and Healer","floor":21.0,"turns":6.0},{"damage":16.0,"enemies":"Gremlin Leader","floor":23.0,"turns":5.0},{"damage":4.0,"enemies":"Slavers","floor":25.0,"turns":3.0},{"damage":12.0,"enemies":"Gremlin Leader","floor":28.0,"turns":4.0},{"damage":5.0,"enemies":"Snake Plant","floor":31.0,"turns":4.0},{"damage":0.0,"enemies":"Champ","floor":33.0,"turns":6.0},{"damage":0.0,"enemies":"3 Darklings","floor":35.0,"turns":4.0},{"damage":0.0,"enemies":"Orb Walker","floor":36.0,"turns":3.0},{"damage":24.0,"enemies":"4 Shapes","floor":38.0,"turns":7.0},{"damage":1.0,"enemies":"Maw","floor":39.0,"turns":5.0},{"damage":3.0,"enemies":"Nemesis","floor":41.0,"turns":5.0},{"damage":0.0,"enemies":"Reptomancer","floor":44.0,"turns":2.0},{"damage":0.0,"enemies":"Writhing Mass","floor":45.0,"turns":3.0},{"damage":4.0,"enemies":"Nemesis","floor":46.0,"turns":4.0},{"damage":0.0,"enemies":"Jaw Worm Horde","floor":47.0,"turns":2.0},{"damage":9.0,"enemies":"Donu and Deca","floor":50.0,"turns":4.0},{"damage":24.0,"enemies":"Shield and Spear","floor":54.0,"turns":4.0},{"damage":4,"enemies":"The Heart","floor":55,"turns":7}],"seed_played":"5961989320202475529","potions_obtained":[{"floor":2.0,"key":"Fire Potion"},{"floor":4.0,"key":"BloodPotion"}],"is_trial":false,"path_per_floor":["M","M","$","M","$","E","M","R","T","?","E","R","E","?","R","B",null,"M","M","$","M","$","E","R","E","T","R","E","$","?","M","R","B",null,"M","M","$","M","M","R","E","$","T","E","M","E","M","?","R","B",null,"R","$","E","B",null],"character_chosen":"IRONCLAD","items_purchased":["Orichalcum","Anger","Sentinel","PreservedInsect","Bronze Scales","Juggernaut","Limit Break"],"campfire_rested":2,"item_purchase_floors":[3,5,22,29,29,53,53],"current_hp_per_floor":[72,78,78,80,80,94,94,94,94,94,86,86,88,88,88,77,97,74,61,61,52,52,42,73,75,75,75,69,69,48,49,81,87,104,109,109,109,94,102,102,105,105,105,114,118,118,121,121,121,121,123,123,123,105,124],"gold":89,"neow_bonus":"HUNDRED_GOLD","is_prod":false,"is_daily":false,"chose_seed":false,"campfire_upgraded":5,"win_rate":0,"timestamp":1553915593,"path_taken":["M","M","$","M","?","E","M","R","T","?","E","R","E","?","R","BOSS","M","M","$","?","$","E","R","E","T","R","E","?","?","M","R","BOSS","M","M","$","M","M","R","E","$","T","E","M","E","M","?","R","BOSS","R","$","E","BOSS"],"build_version":"2019-01-23","purchased_purges":1,"victory":true,"max_hp_per_floor":[80,80,80,80,80,94,94,94,94,94,104,104,104,104,104,104,104,104,104,104,104,104,104,104,104,104,104,104,104,109,109,109,109,109,109,109,109,112,115,115,115,115,115,118,118,118,121,121,121,124,124,124,124,124,124],"card_choices":[{"not_picked":["Body Slam","Sword Boomerang"],"picked":"Iron Wave","floor":1.0},{"not_picked":["Pommel Strike","Heavy Blade"],"picked":"Shrug It Off","floor":2.0},{"not_picked":["Twin Strike","Flex"],"picked":"Shrug It Off","floor":4.0},{"not_picked":["Shockwave","Twin Strike"],"picked":"Demon Form","floor":6.0},{"not_picked":["Body Slam","Clash"],"picked":"Corruption","floor":7.0},{"not_picked":["Carnage","Evolve","Reckless Charge"],"picked":"SKIP","floor":11.0},{"not_picked":["Sword Boomerang","Rampage"],"picked":"Double Tap","floor":13.0},{"not_picked":["Fiend Fire","Juggernaut"],"picked":"Dark Embrace","floor":16.0},{"not_picked":["Armaments","Headbutt"],"picked":"Battle Trance","floor":18.0},{"not_picked":["Cleave","Dropkick"],"picked":"Warcry+1","floor":19.0},{"not_picked":["Wild Strike","Sword Boomerang+1"],"picked":"Shrug It Off","floor":21.0},{"not_picked":["Evolve","Sever Soul"],"picked":"Shrug It Off","floor":23.0},{"not_picked":["Anger","Rupture+1"],"picked":"Second Wind","floor":25.0},{"not_picked":["Searing Blow","Clash"],"picked":"Shockwave","floor":28.0},{"not_picked":["Anger","Wild Strike"],"picked":"Battle Trance","floor":31.0},{"not_picked":["Dark Embrace","Fiend Fire"],"picked":"Feed","floor":33.0},{"not_picked":["Twin Strike+1","Havoc","Thunderclap"],"picked":"SKIP","floor":35.0},{"not_picked":["Demon Form","Thunderclap+1"],"picked":"Seeing Red+1","floor":36.0},{"not_picked":["Rampage+1","Ghostly Armor+1"],"picked":"Corruption+1","floor":38.0},{"not_picked":["Inflame","Perfected Strike+1","Bloodletting"],"picked":"SKIP","floor":39.0},{"not_picked":["Flex","Clothesline+1"],"picked":"Dark Embrace","floor":41.0},{"not_picked":["Metallicize+1","Inflame"],"picked":"Shrug It Off+1","floor":44.0},{"not_picked":["Pummel","Pommel Strike","Anger"],"picked":"SKIP","floor":45.0},{"not_picked":["Wild Strike+1","Iron Wave"],"picked":"Evolve+1","floor":46.0},{"not_picked":["Clothesline","Iron Wave"],"picked":"Metallicize+1","floor":47.0},{"not_picked":["Whirlwind","Armaments+1"],"picked":"Intimidate+1","floor":54.0}],"player_experience":95094,"relics_obtained":[{"floor":6.0,"key":"Mango"},{"floor":9.0,"key":"Turnip"},{"floor":11.0,"key":"Pear"},{"floor":13.0,"key":"Dead Branch"},{"floor":23.0,"key":"Ornamental Fan"},{"floor":25.0,"key":"Bag of Marbles"},{"floor":28.0,"key":"Paper Frog"},{"floor":41.0,"key":"Du-Vu Doll"},{"floor":43.0,"key":"Bottled Tornado"},{"floor":44.0,"key":"Peace Pipe"},{"floor":46.0,"key":"Pantograph"},{"floor":54.0,"key":"Oddly Smooth Stone"}],"event_choices":[{"damage_healed":0.0,"max_hp_gain":0.0,"max_hp_loss":0.0,"gold_gain":0.0,"event_name":"Liars Game","player_choice":"Ignored","floor":10.0,"gold_loss":0.0,"damage_taken":0.0},{"damage_healed":0.0,"max_hp_gain":0.0,"max_hp_loss":0.0,"gold_gain":100.0,"event_name":"Golden Shrine","player_choice":"Pray","floor":14.0,"gold_loss":0.0,"damage_taken":0.0},{"damage_healed":0.0,"max_hp_gain":5.0,"max_hp_loss":0.0,"gold_gain":0.0,"event_name":"Forgotten Altar","player_choice":"Shed Blood","floor":30.0,"gold_loss":0.0,"damage_taken":26.0},{"cards_removed":["Dark Embrace"],"damage_healed":0.0,"max_hp_gain":0.0,"max_hp_loss":0.0,"gold_gain":0.0,"event_name":"Falling","player_choice":"Removed Power","floor":48.0,"gold_loss":0.0,"damage_taken":0.0}],"is_beta":false,"boss_relics":[{"not_picked":["Coffee Dripper","Cursed Key"],"picked":"Sozu"},{"not_picked":["Black Blood","Fusion Hammer"],"picked":"Mark of Pain"}],"items_purged_floors":[20],"is_endless":false,"potions_floor_spawned":[2,4,18,19,21,28,31,33,35,36,38,54],"ascension_level":6}