{"gold_per_floor":[111,111,111,127,85,85,101,126,126,140,140],"floor_reached":11,"playtime":231,"items_purged":[],"score":69,"play_id":"909ef7b3-573a-480e-a0ff-1eb4bb86df07","local_time":"20190326203747","is_ascension_mode":true,"campfire_choices":[{"floor":6,"key":"REST"}],"neow_cost":"NONE","seed_source_timestamp":685150481817263,"circlet_count":0,"master_deck":["Strike_B","Strike_B","Strike_B","Strike_B","Defend_B","Defend_B","Defend_B","Defend_B","Zap","Dualcast","Chaos+1","Injury","Leap","FTL","Self Repair"],"relics":["Cracked Core","Golden Idol","Darkstone Periapt"],"potions_floor_usage":[11,11],"damage_taken":[{"damage":10,"enemies":"Small Slimes","floor":1,"turns":3},{"damage":6,"enemies":"2 Louse","floor":4,"turns":2},{"damage":3,"enemies":"Jaw Worm","floor":7,"turns":3},{"damage":17,"enemies":"3 Louse","floor":10,"turns":3},{"damage":15,"enemies":"3 Sentries","floor":11,"turns":3}],"seed_played":"5423409621714483550","potions_obtained":[{"floor":1,"key":"Poison Potion"},{"floor":10,"key":"Regen Potion"}],"is_trial":false,"path_per_floor":["M","?","?","M","?","R","M","T","T","M","E"],"character_chosen":"DEFECT","items_purchased":[],"campfire_rested":1,"item_purchase_floors":[],"current_hp_per_floor":[72,72,72,66,66,82,79,79,79,62,59],"gold":140,"neow_bonus":"TEN_PERCENT_HP_BONUS","is_prod":false,"is_daily":false,"chose_seed":false,"campfire_upgraded":0,"win_rate":0,"timestamp":1553657867,"path_taken":["M","?","?","M","?","R","M","?","T","M","E"],"build_version":"2019-01-23","purchased_purges":0,"victory":false,"max_hp_per_floor":[82,82,82,82,82,82,82,82,82,82,82],"card_choices":[{"not_picked":["Hello World","Gash"],"picked":"Chaos","floor":1},{"not_picked":["Scrape","Go for the Eyes"],"picked":"Leap","floor":4},{"not_picked":["Steam","Leap"],"picked":"FTL","floor":7},{"not_picked":["Steam Power","Glacier"],"picked":"Self Repair","floor":10}],"player_experience":373470,"relics_obtained":[{"floor":9,"key":"Darkstone Periapt"}],"event_choices":[{"damage_healed":0,"gold_gain":0,"player_choice":"Grow","damage_taken":0,"max_hp_gain":0,"max_hp_loss":0,"event_name":"Living Wall","floor":2,"gold_loss":0,"cards_upgraded":["Chaos"]},{"damage_healed":0,"gold_gain":0,"player_choice":"Take Wound","damage_taken":0,"relics_obtained":["Golden Idol"],"max_hp_gain":0,"max_hp_loss":0,"event_name":"Golden Idol","floor":3,"gold_loss":0,"cards_obtained":["Injury"]},{"damage_healed":0,"gold_gain":0,"player_choice":"Left Gold","damage_taken":0,"max_hp_gain":0,"max_hp_loss":0,"event_name":"World of Goop","floor":5,"gold_loss":42}],"is_beta":false,"boss_relics":[],"items_purged_floors":[],"is_endless":false,"potions_floor_spawned":[1,10],"killed_by":"3 Sentries","ascension_level":2}