{"gold_per_floor":[114,114,39,53,74,145,160,179,249,263,263,282,295,0,0,0],"floor_reached":16,"playtime":873,"items_purged":["Strike_R"],"score":106,"play_id":"8672cd90-eff9-4748-bb7e-ed37f327fa1b","local_time":"20181129205347","is_ascension_mode":false,"campfire_choices":[{"floor":11,"key":"REST"},{"data":"Limit Break","floor":15,"key":"SMITH"}],"neow_cost":"NONE","seed_source_timestamp":8637922026913,"circlet_count":0,"master_deck":["Strike_R","Strike_R","Strike_R","Strike_R","Defend_R","Defend_R","Defend_R","Defend_R","Bash","Twin Strike","Shrug It Off","Heavy Blade","Heavy Blade","Limit Break+1"],"relics":["Burning Blood","Golden Idol","Tiny Chest","Dodecahedron","Pen Nib"],"potions_floor_usage":[5,6,8,16],"damage_taken":[{"damage":10,"enemies":"Jaw Worm","floor":1,"turns":5},{"damage":0,"enemies":"2 Louse","floor":4,"turns":3},{"damage":8,"enemies":"Small Slimes","floor":5,"turns":3},{"damage":21,"enemies":"3 Sentries","floor":6,"turns":9},{"damage":6,"enemies":"2 Fungi Beasts","floor":7,"turns":4},{"damage":0,"enemies":"Large Slime","floor":8,"turns":3},{"damage":20,"enemies":"Blue Slaver","floor":10,"turns":5},{"damage":3,"enemies":"Red Slaver","floor":12,"turns":5},{"damage":9,"enemies":"2 Fungi Beasts","floor":13,"turns":3},{"damage":88,"enemies":"Slime Boss","floor":16,"turns":12}],"seed_played":"7716124816432108308","potions_obtained":[{"floor":4,"key":"Energy Potion"},{"floor":5,"key":"AttackPotion"},{"floor":7,"key":"Strength Potion"},{"floor":13,"key":"SkillPotion"}],"is_trial":false,"path_per_floor":["M","?","$","M","M","E","M","M","T","M","R","M","M","$","R","B"],"character_chosen":"IRONCLAD","items_purchased":["Limit Break","Pen Nib"],"campfire_rested":1,"item_purchase_floors":[14,14],"current_hp_per_floor":[84,81,81,81,79,64,64,70,70,56,80,81,78,78,78,0],"gold":0,"neow_bonus":"TEN_PERCENT_HP_BONUS","is_prod":false,"is_daily":false,"chose_seed":false,"campfire_upgraded":1,"win_rate":0,"timestamp":1543521227,"path_taken":["M","?","$","M","M","E","M","M","T","M","R","M","M","$","R","BOSS"],"build_version":"2018-11-15","purchased_purges":1,"victory":false,"max_hp_per_floor":[88,81,81,81,81,81,81,81,81,81,81,81,81,81,81,81],"card_choices":[{"not_picked":["Clothesline","Burning Pact"],"picked":"Twin Strike","floor":1},{"not_picked":["Combust","Clothesline"],"picked":"Shrug It Off","floor":4},{"not_picked":["Armaments","Body Slam","Clothesline"],"picked":"SKIP","floor":5},{"not_picked":["Searing Blow","Warcry","Dropkick"],"picked":"SKIP","floor":6},{"not_picked":["Flex","Whirlwind"],"picked":"Heavy Blade","floor":7},{"not_picked":["Brutality","Clothesline","Entrench"],"picked":"SKIP","floor":8},{"not_picked":["Clothesline","Searing Blow","Headbutt"],"picked":"SKIP","floor":10},{"not_picked":["Clash","Headbutt"],"picked":"Heavy Blade","floor":12},{"not_picked":["Sword Boomerang","Flex","Thunderclap"],"picked":"SKIP","floor":13}],"player_experience":288242,"relics_obtained":[{"floor":6,"key":"Tiny Chest"},{"floor":9,"key":"Dodecahedron"}],"event_choices":[{"damage_healed":0,"gold_gain":0,"player_choice":"Lose Max HP","damage_taken":0,"relics_obtained":["Golden Idol"],"max_hp_gain":0,"max_hp_loss":7,"event_name":"Golden Idol","floor":2,"gold_loss":0}],"is_beta":false,"boss_relics":[],"items_purged_floors":[3],"is_endless":false,"potions_floor_spawned":[4,5,7,13],"killed_by":"Slime Boss","ascension_level":0}