{"gold_per_floor":[113,124,43,8,183,183,194,194,220,238,238,299,310,345,345,442,442,452,502,552,535,596,596,596],"floor_reached":24,"playtime":1573,"items_purged":[],"score":238,"play_id":"eb8d1222-071f-4723-a73a-3bdfe61103f8","local_time":"20190408132927","is_ascension_mode":true,"campfire_choices":[{"data":"Neutralize","floor":6,"key":"SMITH"},{"data":"Poisoned Stab","floor":8,"key":"SMITH"},{"data":"Leg Sweep","floor":15,"key":"SMITH"},{"data":"Corpse Explosion","floor":23,"key":"SMITH"}],"neow_cost":"NONE","seed_source_timestamp":14157614766633,"circlet_count":0,"master_deck":["Defend_G","Defend_G","Defend_G","Defend_G","Defend_G","Strike_G","Strike_G","Strike_G","Strike_G","Survivor","Neutralize+1","Footwork","Well Laid Plans","Doubt","Poisoned Stab+1","Deadly Poison","Bouncing Flask","Backstab","Leg Sweep+1","Corpse Explosion+1","Dagger Spray","Clumsy","Bane","Prepared+1"],"relics":["Ring of the Serpent","Boot","SsserpentHead","Turnip"],"potions_floor_usage":[14,16,21,24,24],"damage_taken":[{"damage":6,"enemies":"Small Slimes","floor":1,"turns":6},{"damage":3,"enemies":"2 Louse","floor":2,"turns":4},{"damage":0,"enemies":"Cultist","floor":7,"turns":5},{"damage":2,"enemies":"2 Fungi Beasts","floor":10,"turns":4},{"damage":11,"enemies":"3 Louse","floor":12,"turns":4},{"damage":13,"enemies":"Lots of Slimes","floor":13,"turns":6},{"damage":2,"enemies":"3 Sentries","floor":14,"turns":11},{"damage":14,"enemies":"The Guardian","floor":16,"turns":9},{"damage":0,"enemies":"Chosen","floor":18,"turns":5},{"damage":11,"enemies":"2 Thieves","floor":21,"turns":4},{"damage":13,"enemies":"Shelled Parasite and Fungi","floor":22,"turns":8},{"damage":47,"enemies":"Snecko","floor":24,"turns":5}],"seed_played":"8348448212139986435","potions_obtained":[{"floor":7,"key":"SkillPotion"},{"floor":10,"key":"SkillPotion"},{"floor":12,"key":"Fire Potion"},{"floor":13,"key":"PowerPotion"},{"floor":16,"key":"GamblersBrew"},{"floor":21,"key":"Energy Potion"}],"is_trial":false,"path_per_floor":["M","M","$","?","?","R","M","R","T","M","?","M","M","E","R","B",null,"M","?","?","M","M","R","M"],"character_chosen":"THE_SILENT","items_purchased":["Well Laid Plans"],"campfire_rested":0,"item_purchase_floors":[3],"current_hp_per_floor":[64,61,61,70,70,70,70,70,70,68,68,57,44,42,42,28,70,70,70,70,59,46,46,0],"gold":596,"neow_bonus":"REMOVE_CARD","is_prod":false,"is_daily":false,"chose_seed":false,"campfire_upgraded":4,"win_rate":0,"timestamp":1554722967,"path_taken":["M","M","$","?","?","R","M","R","T","M","?","?","M","E","R","BOSS","M","?","?","M","?","R","M"],"build_version":"2019-01-23","purchased_purges":0,"victory":false,"max_hp_per_floor":[70,70,70,70,70,70,70,70,70,70,70,70,70,70,70,70,70,70,70,70,70,70,70,70],"card_choices":[{"not_picked":["Underhanded Strike","Acrobatics","Deflect"],"picked":"SKIP","floor":1},{"not_picked":["Skewer","Poisoned Stab"],"picked":"Footwork","floor":2},{"not_picked":["Doppelganger","PiercingWail"],"picked":"Poisoned Stab","floor":7},{"not_picked":["Outmaneuver","Acrobatics"],"picked":"Deadly Poison","floor":10},{"not_picked":["Poisoned Stab","Endless Agony"],"picked":"Bouncing Flask","floor":12},{"not_picked":["Bane","Skewer"],"picked":"Backstab","floor":13},{"not_picked":["Dodge and Roll","Predator"],"picked":"Leg Sweep","floor":14},{"not_picked":["Unload","Glass Knife"],"picked":"Corpse Explosion","floor":16},{"not_picked":["Quick Slash","Bane"],"picked":"Dagger Spray","floor":18},{"not_picked":["Deflect","Flechettes"],"picked":"Bane","floor":21},{"not_picked":["Quick Slash","Flying Knee"],"picked":"Prepared+1","floor":22}],"player_experience":264837,"relics_obtained":[{"floor":9,"key":"Boot"},{"floor":14,"key":"Turnip"}],"event_choices":[{"damage_healed":17,"gold_gain":0,"player_choice":"Healed","damage_taken":0,"max_hp_gain":0,"max_hp_loss":0,"event_name":"The Cleric","floor":4,"gold_loss":35},{"damage_healed":0,"gold_gain":175,"player_choice":"AGREE","damage_taken":0,"max_hp_gain":0,"max_hp_loss":0,"event_name":"Liars Game","floor":5,"gold_loss":0,"cards_obtained":["Doubt"]},{"damage_healed":0,"gold_gain":0,"player_choice":"Trade","damage_taken":0,"relics_obtained":["SsserpentHead"],"max_hp_gain":0,"max_hp_loss":0,"event_name":"FaceTrader","floor":11,"gold_loss":0},{"damage_healed":0,"gold_gain":0,"player_choice":"Ignored","damage_taken":0,"max_hp_gain":0,"max_hp_loss":0,"event_name":"Ghosts","floor":19,"gold_loss":0},{"damage_healed":0,"gold_gain":0,"player_choice":"1 cards matched","damage_taken":0,"max_hp_gain":0,"max_hp_loss":0,"event_name":"Match and Keep!","floor":20,"gold_loss":0,"cards_obtained":["Clumsy"]}],"is_beta":false,"boss_relics":[{"not_picked":["Fusion Hammer","Ectoplasm"],"picked":"Ring of the Serpent"}],"items_purged_floors":[],"is_endless":false,"potions_floor_spawned":[7,10,12,13,16,21],"killed_by":"Snecko","ascension_level":4}