{"gold_per_floor":[112,187,187,210,227,227,238,249,275,275,240,273,187,187,187,283,283,301,301,72,90,109,109,109],"floor_reached":24,"playtime":1391,"items_purged":[],"score":365,"play_id":"9b96b46e-8227-43be-a8ae-b1c9cca0abc7","local_time":"20190503133453","is_ascension_mode":true,"campfire_choices":[{"data":"Well Laid Plans","floor":6,"key":"SMITH"},{"data":"Neutralize","floor":15,"key":"SMITH"},{"floor":23,"key":"REST"}],"neow_cost":"PERCENT_DAMAGE","seed_source_timestamp":1735548095124505,"circlet_count":0,"master_deck":["AscendersBane","Survivor","Neutralize+1","Well Laid Plans+1","Flying Knee","Well Laid Plans","Flying Knee","After Image","Noxious Fumes+1","Bullet Time","Skewer","A Thousand Cuts","Dash","Finisher","Bane","Deflect","Backflip","Unload","Burst","Endless Agony","Footwork","Panache","Outmaneuver+1","Backflip"],"relics":["Ring of the Snake","Art of War","Pen Nib","Golden Idol","Mango","Pandora\u0027s Box"],"potions_floor_usage":[8,12,16,16],"damage_taken":[{"damage":1,"enemies":"Small Slimes","floor":1,"turns":4},{"damage":1,"enemies":"Jaw Worm","floor":5,"turns":6},{"damage":0,"enemies":"Cultist","floor":7,"turns":5},{"damage":3,"enemies":"Looter","floor":8,"turns":3},{"damage":16,"enemies":"Gremlin Nob","floor":12,"turns":4},{"damage":8,"enemies":"Slime Boss","floor":16,"turns":11},{"damage":2,"enemies":"Shell Parasite","floor":18,"turns":6},{"damage":9,"enemies":"Chosen","floor":21,"turns":6},{"damage":35,"enemies":"Shelled Parasite and Fungi","floor":22,"turns":6},{"damage":18,"enemies":"Colosseum Slavers","floor":24,"turns":3},{"damage":36,"enemies":"Colosseum Nobs","floor":24,"turns":4}],"seed_played":"7325565187601411242","potions_obtained":[{"floor":5,"key":"Strength Potion"},{"floor":7,"key":"AttackPotion"},{"floor":8,"key":"GhostInAJar"},{"floor":18,"key":"Dexterity Potion"}],"is_trial":false,"path_per_floor":["M","?","?","T","M","R","M","M","T","?","?","E","$","?","R","B",null,"M","?","$","M","M","R","?"],"character_chosen":"THE_SILENT","items_purchased":["Noxious Fumes","PowerPotion","Footwork","Panache"],"campfire_rested":1,"item_purchase_floors":[13,13,20,20],"current_hp_per_floor":[55,44,37,37,36,36,36,33,33,33,50,48,48,48,48,40,74,72,72,72,63,28,53,0],"gold":109,"neow_bonus":"TWENTY_PERCENT_HP_BONUS","is_prod":false,"is_daily":false,"chose_seed":false,"campfire_upgraded":2,"win_rate":0,"timestamp":1556915693,"path_taken":["M","?","?","?","?","R","M","M","T","?","?","E","$","?","R","BOSS","M","?","$","M","M","R","?"],"build_version":"2019-01-23","purchased_purges":0,"victory":false,"max_hp_per_floor":[78,78,78,78,78,78,78,78,78,71,71,85,85,85,85,85,85,85,85,85,85,85,85,85],"card_choices":[{"not_picked":["Acrobatics","PiercingWail"],"picked":"Well Laid Plans","floor":1},{"not_picked":["Dagger Throw","Bane"],"picked":"Flying Knee","floor":5},{"not_picked":["Slice","Reflex"],"picked":"Well Laid Plans","floor":7},{"not_picked":["Crippling Poison","Tactician"],"picked":"Flying Knee","floor":8},{"not_picked":["Cloak And Dagger","Heel Hook"],"picked":"After Image","floor":12},{"not_picked":["Doppelganger","Unload"],"picked":"Bullet Time","floor":16},{"not_picked":["Prepared","Sucker Punch"],"picked":"Endless Agony","floor":18},{"not_picked":["Skewer","Flechettes"],"picked":"Outmaneuver+1","floor":21},{"not_picked":["Phantasmal Killer","Endless Agony"],"picked":"Backflip","floor":22}],"player_experience":388771,"relics_obtained":[{"floor":4,"key":"Art of War"},{"floor":9,"key":"Pen Nib"},{"floor":12,"key":"Mango"}],"event_choices":[{"damage_healed":0,"gold_gain":75,"player_choice":"Gather Gold","damage_taken":11,"max_hp_gain":0,"max_hp_loss":0,"event_name":"World of Goop","floor":2,"gold_loss":0},{"cards_removed":["Strike_G"],"damage_healed":0,"gold_gain":0,"player_choice":"Card Removal","damage_taken":7,"max_hp_gain":0,"max_hp_loss":0,"event_name":"Golden Wing","floor":3,"gold_loss":0},{"damage_healed":0,"gold_gain":0,"player_choice":"Lose Max HP","damage_taken":0,"relics_obtained":["Golden Idol"],"max_hp_gain":0,"max_hp_loss":7,"event_name":"Golden Idol","floor":10,"gold_loss":0},{"damage_healed":17,"gold_gain":0,"player_choice":"Healed","damage_taken":0,"max_hp_gain":0,"max_hp_loss":0,"event_name":"The Cleric","floor":11,"gold_loss":35},{"damage_healed":0,"gold_gain":0,"player_choice":"Grow","damage_taken":0,"max_hp_gain":0,"max_hp_loss":0,"event_name":"Living Wall","floor":14,"gold_loss":0,"cards_upgraded":["Noxious Fumes"]},{"damage_healed":0,"gold_gain":0,"player_choice":"Ignored","damage_taken":0,"max_hp_gain":0,"max_hp_loss":0,"event_name":"Vampires","floor":19,"gold_loss":0},{"damage_healed":0,"gold_gain":0,"player_choice":"Fight","damage_taken":0,"max_hp_gain":0,"max_hp_loss":0,"event_name":"Colosseum","floor":24,"gold_loss":0},{"damage_healed":0,"gold_gain":0,"player_choice":"Fought Nobs","damage_taken":0,"max_hp_gain":0,"max_hp_loss":0,"event_name":"Colosseum","floor":24,"gold_loss":0}],"is_beta":false,"boss_relics":[{"not_picked":["HoveringKite","Calling Bell"],"picked":"Pandora\u0027s Box"}],"items_purged_floors":[],"is_endless":false,"potions_floor_spawned":[5,7,8,18,24],"killed_by":"Colosseum Nobs","ascension_level":15}