{"gold_per_floor":[117,117,137,151,62,88,88,100,100,130,130,141,141,151,151,248,248,248,188,113,40,40,40,40,40,40,40],"floor_reached":27,"playtime":941,"items_purged":[],"score":236,"play_id":"02bdb8dd-03fd-41dc-a2bd-01bbc060ffea","local_time":"20181222101726","is_ascension_mode":true,"campfire_choices":[{"floor":7.0,"key":"REST"},{"floor":13,"key":"REST"},{"floor":15,"key":"REST"}],"neow_cost":"NONE","seed_source_timestamp":218960379898460,"circlet_count":0,"master_deck":["Strike_B","Strike_B+1","Strike_B","Defend_B+1","Defend_B","Defend_B","Zap","Dualcast","Gash","Sunder","Gash","Defragment","Conserve Battery","Rebound","Rip and Tear","Doom and Gloom","Compile Driver","Coolheaded","Lockon","Thunder Strike","Hologram","Ball Lightning+1","Rainbow","Ball Lightning"],"special_seed":0,"relics":["Nuclear Battery","Smiling Mask","Vajra","Darkstone Periapt","Ectoplasm"],"potions_floor_usage":[8,10,12,24],"damage_taken":[{"damage":5.0,"enemies":"Jaw Worm","floor":1.0,"turns":4.0},{"damage":0.0,"enemies":"Cultist","floor":3.0,"turns":3.0},{"damage":0.0,"enemies":"Small Slimes","floor":4.0,"turns":3.0},{"damage":21.0,"enemies":"3 Sentries","floor":6.0,"turns":6.0},{"damage":19,"enemies":"Exordium Wildlife","floor":8,"turns":4},{"damage":26,"enemies":"Lagavulin","floor":10,"turns":6},{"damage":0,"enemies":"2 Fungi Beasts","floor":12,"turns":3},{"damage":14,"enemies":"Blue Slaver","floor":14,"turns":3},{"damage":28,"enemies":"Slime Boss","floor":16,"turns":11},{"damage":13,"enemies":"Spheric Guardian","floor":18,"turns":4},{"damage":30,"enemies":"2 Thieves","floor":19,"turns":3},{"damage":11,"enemies":"Centurion and Healer","floor":23,"turns":4},{"damage":16,"enemies":"3 Cultists","floor":24,"turns":4},{"damage":7,"enemies":"Gremlin Leader","floor":27,"turns":4}],"seed_played":"8087930851016152963","potions_obtained":[{"floor":3.0,"key":"SteroidPotion"},{"floor":6.0,"key":"Strength Potion"},{"floor":8,"key":"Ancient Potion"},{"floor":10,"key":"SkillPotion"},{"floor":23,"key":"Dexterity Potion"}],"is_trial":false,"path_per_floor":["M","?","M","M","$","E","R","M","T","E","?","M","R","M","R","B",null,"M","M","?","$","?","M","M","?","T","E"],"character_chosen":"DEFECT","items_purchased":["Defragment","Conserve Battery","Rainbow"],"campfire_rested":3,"item_purchase_floors":[5,5,21],"current_hp_per_floor":[70,55,55,55,55,34,56,37,37,11,11,11,33,19,41,13,75,62,32,32,32,32,21,5,5,5,0],"gold":40,"neow_bonus":"BOSS_RELIC","is_prod":false,"is_daily":false,"chose_seed":false,"campfire_upgraded":0,"win_rate":0,"timestamp":1545502646,"path_taken":["M","?","M","M","$","E","R","M","T","E","?","?","R","M","R","BOSS","M","M","?","$","?","M","M","?","T","E"],"build_version":"2018-12-20","purchased_purges":0,"victory":false,"max_hp_per_floor":[75,75,75,75,75,75,75,75,75,75,75,75,75,75,75,75,75,75,75,75,75,75,75,75,75,75,75],"card_choices":[{"not_picked":["Rebound","Hologram"],"picked":"Gash","floor":1.0},{"not_picked":["Reinforced Body","Hello World"],"picked":"Sunder","floor":3.0},{"not_picked":["Turbo","Capacitor"],"picked":"Gash","floor":4.0},{"not_picked":["Biased Cognition","Blizzard"],"picked":"Rebound","floor":6.0},{"not_picked":["Sweeping Beam","Barrage"],"picked":"Rip and Tear","floor":8},{"not_picked":["Hologram","Coolheaded"],"picked":"Doom and Gloom","floor":10},{"not_picked":["Beam Cell","Steam"],"picked":"Coolheaded","floor":12},{"not_picked":["Compile Driver","Rebound"],"picked":"Lockon","floor":14},{"not_picked":["Hyperbeam","Biased Cognition"],"picked":"Thunder Strike","floor":16},{"not_picked":["Steam","Beam Cell"],"picked":"Hologram","floor":18},{"not_picked":["Turbo","Compile Driver"],"picked":"Ball Lightning+1","floor":19},{"not_picked":["Barrage","Cold Snap"],"picked":"Ball Lightning","floor":23},{"not_picked":["Rebound","Coolheaded","Sunder"],"picked":"SKIP","floor":24}],"player_experience":309643,"relics_obtained":[{"floor":6.0,"key":"Smiling Mask"},{"floor":9,"key":"Vajra"},{"floor":10,"key":"Darkstone Periapt"}],"event_choices":[{"damage_healed":0.0,"max_hp_gain":0.0,"max_hp_loss":0.0,"gold_gain":0.0,"event_name":"Shining Light","player_choice":"Entered Light","floor":2.0,"gold_loss":0.0,"damage_taken":15.0,"cards_upgraded":["Strike_B","Defend_B"]},{"damage_healed":0,"gold_gain":0,"cards_transformed":["Strike_B"],"player_choice":"Transformed","damage_taken":0,"max_hp_gain":0,"max_hp_loss":0,"event_name":"Transmorgrifier","floor":11,"gold_loss":0,"cards_obtained":["Compile Driver"]},{"cards_removed":["Defend_B"],"damage_healed":0,"gold_gain":0,"player_choice":"Gave Gold","damage_taken":0,"max_hp_gain":0,"max_hp_loss":0,"event_name":"Beggar","floor":20,"gold_loss":75},{"damage_healed":0,"gold_gain":0,"player_choice":"Ignored","damage_taken":0,"max_hp_gain":0,"max_hp_loss":0,"event_name":"Ghosts","floor":25,"gold_loss":0}],"is_beta":false,"boss_relics":[{"not_picked":["Runic Pyramid","Calling Bell"],"picked":"Ectoplasm"}],"items_purged_floors":[],"is_endless":false,"potions_floor_spawned":[3,6,8,10,23],"killed_by":"Gremlin Leader","ascension_level":1}