{"gold_per_floor":[114,132,132,151,151,151,166,166,166,166,182,182,182,182,182,287,287,302,302,332,332,332,348,348,448,503,503],"floor_reached":27,"playtime":533,"items_purged":[],"score":199,"play_id":"43522a27-b1c7-424b-b1fa-1b14bb62d7f8","local_time":"20190131163844","is_ascension_mode":false,"campfire_choices":[{"data":"Bash","floor":6,"key":"SMITH"},{"data":"Armaments","floor":10,"key":"SMITH"},{"data":"Offering","floor":15,"key":"SMITH"},{"data":"Demon Form","floor":24,"key":"SMITH"}],"neow_cost":"NONE","seed_source_timestamp":1887389258233768,"circlet_count":0,"master_deck":["Strike_R","Strike_R","Strike_R","Defend_R","Defend_R","Defend_R","Bash+1","Offering+1","Armaments+1","Demon Form+1","Offering+1"],"relics":["Burning Blood","NeowsBlessing","NlothsMask","Pen Nib","Snecko Eye","Red Mask","Tiny Chest"],"potions_floor_usage":[16,27],"damage_taken":[{"damage":0,"enemies":"Cultist","floor":1,"turns":1},{"damage":0,"enemies":"Jaw Worm","floor":2,"turns":1},{"damage":0,"enemies":"2 Louse","floor":4,"turns":1},{"damage":15,"enemies":"Blue Slaver","floor":7,"turns":3},{"damage":7,"enemies":"2 Fungi Beasts","floor":11,"turns":4},{"damage":41,"enemies":"Slime Boss","floor":16,"turns":5},{"damage":25,"enemies":"2 Thieves","floor":18,"turns":3},{"damage":49,"enemies":"Masked Bandits","floor":20,"turns":6},{"damage":21,"enemies":"Chosen","floor":23,"turns":5},{"damage":19,"enemies":"Book of Stabbing","floor":27,"turns":3}],"seed_played":"-1807436304303592928","potions_obtained":[{"floor":1,"key":"Swift Potion"},{"floor":4,"key":"SteroidPotion"},{"floor":20,"key":"Fire Potion"}],"is_trial":false,"path_per_floor":["M","M","?","M","?","R","M","?","T","R","M","T","$","?","R","B",null,"M","?","?","?","?","M","R","?","T","E"],"character_chosen":"IRONCLAD","items_purchased":[],"campfire_rested":0,"item_purchase_floors":[],"current_hp_per_floor":[80,80,80,80,85,85,76,76,76,76,75,75,75,68,68,33,85,66,66,23,23,23,8,8,8,8,0],"gold":503,"neow_bonus":"THREE_ENEMY_KILL","is_prod":false,"is_daily":false,"chose_seed":false,"campfire_upgraded":4,"win_rate":0,"timestamp":1548981524,"path_taken":["M","M","?","?","?","R","M","?","T","R","M","?","$","?","R","BOSS","M","?","?","?","?","?","R","?","T","E"],"build_version":"2019-01-23","purchased_purges":0,"victory":false,"max_hp_per_floor":[80,80,80,80,85,85,85,85,85,85,85,85,85,85,85,85,85,85,85,85,85,85,85,85,85,85,85],"card_choices":[{"not_picked":["Reckless Charge","Iron Wave","True Grit"],"picked":"SKIP","floor":1},{"not_picked":["True Grit","Blood for Blood","Dual Wield"],"picked":"SKIP","floor":2},{"not_picked":["Heavy Blade","Warcry"],"picked":"Offering","floor":4},{"not_picked":["Sentinel","Sword Boomerang","Warcry"],"picked":"SKIP","floor":7},{"not_picked":["Second Wind","Clash","Wild Strike"],"picked":"SKIP","floor":11},{"not_picked":["Juggernaut","Barricade"],"picked":"Demon Form","floor":16},{"not_picked":["Intimidate","True Grit","Rampage"],"picked":"SKIP","floor":18},{"not_picked":["Blood for Blood","Spot Weakness","Twin Strike"],"picked":"SKIP","floor":23}],"player_experience":387537,"relics_obtained":[{"floor":12,"key":"Pen Nib"},{"floor":20,"key":"Red Mask"},{"floor":26,"key":"Tiny Chest"}],"event_choices":[{"damage_healed":0,"gold_gain":0,"player_choice":"Trade","damage_taken":0,"relics_obtained":["NlothsMask"],"max_hp_gain":0,"max_hp_loss":0,"event_name":"FaceTrader","floor":3,"gold_loss":0},{"damage_healed":0,"gold_gain":0,"player_choice":"Donut","damage_taken":0,"max_hp_gain":5,"max_hp_loss":0,"event_name":"Big Fish","floor":5,"gold_loss":0},{"damage_healed":0,"gold_gain":0,"cards_transformed":["Strike_R"],"player_choice":"Change","damage_taken":0,"max_hp_gain":0,"max_hp_loss":0,"event_name":"Living Wall","floor":8,"gold_loss":0,"cards_obtained":["Armaments"]},{"cards_removed":["Defend_R"],"damage_healed":0,"gold_gain":0,"player_choice":"Card Removal","damage_taken":7,"max_hp_gain":0,"max_hp_loss":0,"event_name":"Golden Wing","floor":14,"gold_loss":0},{"cards_removed":["Strike_R"],"damage_healed":0,"gold_gain":0,"player_choice":"Elegance","damage_taken":0,"max_hp_gain":0,"max_hp_loss":0,"event_name":"Back to Basics","floor":19,"gold_loss":0},{"damage_healed":0,"gold_gain":0,"player_choice":"Fought Bandits","damage_taken":0,"max_hp_gain":0,"max_hp_loss":0,"event_name":"Masked Bandits","floor":20,"gold_loss":0},{"damage_healed":0,"gold_gain":0,"player_choice":"Ignored","damage_taken":0,"max_hp_gain":0,"max_hp_loss":0,"event_name":"Ghosts","floor":21,"gold_loss":0},{"damage_healed":0,"gold_gain":0,"player_choice":"Copied","damage_taken":0,"max_hp_gain":0,"max_hp_loss":0,"event_name":"Duplicator","floor":22,"gold_loss":0,"cards_obtained":["Offering"]},{"damage_healed":0,"gold_gain":100,"player_choice":"Pray","damage_taken":0,"max_hp_gain":0,"max_hp_loss":0,"event_name":"Golden Shrine","floor":25,"gold_loss":0}],"is_beta":false,"boss_relics":[{"not_picked":["Runic Pyramid","Tiny House"],"picked":"Snecko Eye"}],"items_purged_floors":[],"is_endless":false,"potions_floor_spawned":[1,4,20],"killed_by":"Book of Stabbing","ascension_level":0}