{"gold_per_floor":[112,112,71,71,71,71,109,83,83,106,106,106,56,69,69,189,189,208,208,231,181,181,220,220,220,301,316,337,337,205,219,219,219],"floor_reached":33,"playtime":1308,"items_purged":["Strike_R","Strike_R","Strike_R"],"score":430,"play_id":"1b983a72-ba56-4c7d-b7a2-6562278678f5","local_time":"20190504000618","is_ascension_mode":true,"campfire_choices":[{"data":"Iron Wave","floor":6.0,"key":"SMITH"},{"data":"Cleave","floor":11.0,"key":"SMITH"},{"data":"Flame Barrier","floor":15.0,"key":"SMITH"},{"data":"Body Slam","floor":24.0,"key":"SMITH"},{"data":"Headbutt","floor":29.0,"key":"SMITH"},{"data":"Trip","floor":32.0,"key":"SMITH"}],"neow_cost":"NONE","seed_source_timestamp":1780143819863187,"circlet_count":0,"master_deck":["AscendersBane","Strike_R","Defend_R","Defend_R","Defend_R","Defend_R","Bash","Blind+1","Iron Wave+1","Flame Barrier+1","Shockwave+1","Cleave+1","Shrug It Off","Offering","Body Slam+1","Immolate","Headbutt+1","Pommel Strike+1","Trip+1","Battle Trance"],"special_seed":0,"relics":["Burning Blood","Golden Idol","Smiling Mask","Meat on the Bone","Sozu","Ancient Tea Set","Pear"],"potions_floor_usage":[],"damage_taken":[{"damage":2.0,"enemies":"Cultist","floor":1.0,"turns":4.0},{"damage":39.0,"enemies":"Lagavulin","floor":7.0,"turns":10.0},{"damage":4.0,"enemies":"2 Louse","floor":10.0,"turns":3.0},{"damage":1.0,"enemies":"Small Slimes","floor":14.0,"turns":5.0},{"damage":55.0,"enemies":"Slime Boss","floor":16.0,"turns":17.0},{"damage":1.0,"enemies":"3 Byrds","floor":18.0,"turns":4.0},{"damage":11.0,"enemies":"Shell Parasite","floor":20.0,"turns":5.0},{"damage":31.0,"enemies":"Slavers","floor":23.0,"turns":5.0},{"damage":13.0,"enemies":"Snecko","floor":27.0,"turns":4.0},{"damage":13.0,"enemies":"Snake Plant","floor":28.0,"turns":4.0},{"damage":6.0,"enemies":"3 Cultists","floor":31.0,"turns":2.0},{"damage":78,"enemies":"Champ","floor":33,"turns":15}],"seed_played":"-5705925139616688492","potions_obtained":[{"floor":1.0,"key":"AttackPotion"},{"floor":10.0,"key":"GamblersBrew"}],"is_trial":false,"path_per_floor":["M","?","$","?","?","R","E","?","T","M","R","?","$","M","R","B",null,"M","?","M","$","?","E","R","?","T","M","M","R","$","M","R","B"],"character_chosen":"IRONCLAD","items_purchased":["Flame Barrier","Trip"],"campfire_rested":0,"item_purchase_floors":[3,30],"current_hp_per_floor":[76,56,56,61,61,61,28,28,28,42,42,42,42,59,59,22,69,74,74,69,69,69,56,56,56,66,59,64,64,64,64,64,0],"gold":219,"neow_bonus":"RANDOM_COLORLESS","is_prod":false,"is_daily":false,"chose_seed":false,"campfire_upgraded":6,"win_rate":0,"timestamp":1556895978,"path_taken":["M","?","$","?","?","R","E","?","T","M","R","?","?","M","R","BOSS","M","?","?","$","?","E","R","?","T","M","?","R","$","M","R","BOSS"],"build_version":"2019-01-23","purchased_purges":3,"victory":false,"max_hp_per_floor":[80,80,80,85,85,85,85,85,85,85,85,85,85,85,85,85,85,85,85,85,85,85,85,85,85,95,95,95,95,95,95,95,95],"card_choices":[{"not_picked":["Pommel Strike","Anger"],"picked":"Iron Wave","floor":1.0},{"not_picked":["Clash","Searing Blow"],"picked":"Shockwave","floor":7.0},{"not_picked":["Sword Boomerang","Clash"],"picked":"Cleave","floor":10.0},{"not_picked":["Body Slam","Uppercut"],"picked":"Shrug It Off","floor":14.0},{"not_picked":["Bludgeon","Berserk"],"picked":"Offering","floor":16.0},{"not_picked":["Wild Strike+1","Perfected Strike","Warcry"],"picked":"SKIP","floor":18.0},{"not_picked":["Clothesline","Pommel Strike"],"picked":"Body Slam","floor":20.0},{"not_picked":["Clash","Reaper","Second Wind"],"picked":"SKIP","floor":23.0},{"not_picked":["Rampage","Anger"],"picked":"Headbutt","floor":27.0},{"not_picked":["Rage+1","Wild Strike"],"picked":"Pommel Strike+1","floor":28.0},{"not_picked":["Flex","Entrench"],"picked":"Battle Trance","floor":31.0}],"player_experience":484129,"relics_obtained":[{"floor":7.0,"key":"Smiling Mask"},{"floor":9.0,"key":"Meat on the Bone"},{"floor":23.0,"key":"Ancient Tea Set"},{"floor":26.0,"key":"Pear"}],"event_choices":[{"damage_healed":0.0,"max_hp_gain":0.0,"max_hp_loss":0.0,"gold_gain":0.0,"event_name":"Golden Idol","player_choice":"Take Damage","floor":2.0,"gold_loss":0.0,"damage_taken":20.0,"relics_obtained":["Golden Idol"]},{"damage_healed":0.0,"max_hp_gain":5.0,"max_hp_loss":0.0,"gold_gain":0.0,"event_name":"Big Fish","player_choice":"Donut","floor":4.0,"gold_loss":0.0,"damage_taken":0.0},{"damage_healed":0.0,"max_hp_gain":0.0,"max_hp_loss":0.0,"gold_gain":0.0,"event_name":"Scrap Ooze","player_choice":"Fled","floor":5.0,"gold_loss":0.0,"damage_taken":0.0},{"damage_healed":0.0,"max_hp_gain":0.0,"max_hp_loss":0.0,"gold_gain":0.0,"event_name":"World of Goop","player_choice":"Left Gold","floor":8.0,"gold_loss":26.0,"damage_taken":0.0},{"damage_healed":0.0,"max_hp_gain":0.0,"max_hp_loss":0.0,"gold_gain":0.0,"event_name":"Living Wall","player_choice":"Grow","floor":12.0,"gold_loss":0.0,"damage_taken":0.0,"cards_upgraded":["Shockwave"]},{"damage_healed":0.0,"max_hp_gain":0.0,"max_hp_loss":0.0,"gold_gain":0.0,"event_name":"Accursed Blacksmith","player_choice":"Forge","floor":19.0,"gold_loss":0.0,"damage_taken":0.0,"cards_upgraded":["Blind"]},{"damage_healed":0.0,"max_hp_gain":0.0,"max_hp_loss":0.0,"gold_gain":0.0,"event_name":"Vampires","player_choice":"Ignored","floor":22.0,"gold_loss":0.0,"damage_taken":0.0},{"damage_healed":0.0,"max_hp_gain":0.0,"max_hp_loss":0.0,"gold_gain":0.0,"cards_transformed":["Strike_R"],"event_name":"Transmorgrifier","player_choice":"Transformed","floor":25.0,"gold_loss":0.0,"damage_taken":0.0,"cards_obtained":["Immolate"]}],"is_beta":false,"boss_relics":[{"not_picked":["Orrery","Lizard Tail"],"picked":"Sozu"}],"items_purged_floors":[13,21,30],"is_endless":false,"potions_floor_spawned":[1,10,18,20,31],"killed_by":"Champ","ascension_level":11}