{"gold_per_floor":[109,126,145,155,165,165,177,194,194,208,208,242,242,242,242,342,342],"floor_reached":17,"playtime":842,"items_purged":[],"score":169,"play_id":"1deb7e4b-8d04-4f5f-9c21-a76c63b560a7","local_time":"20190413150548","is_ascension_mode":true,"campfire_choices":[{"data":"Skewer","floor":6,"key":"SMITH"},{"data":"Malaise","floor":11,"key":"SMITH"},{"data":"Escape Plan","floor":15,"key":"SMITH"}],"neow_cost":"NONE","seed_source_timestamp":222661315296000,"circlet_count":0,"master_deck":["Defend_G","Defend_G","Defend_G","Defend_G","Defend_G","Strike_G","Strike_G+1","Strike_G","Strike_G+1","Strike_G","Survivor","Neutralize","Unload","Skewer+1","Deflect","Prepared","Masterful Stab","Backflip","Leg Sweep","Tactician","Malaise+1","Escape Plan+1","After Image","Prepared","Well Laid Plans","Dash","Sucker Punch","Prepared"],"relics":["Ring of the Snake","Happy Flower","Orrery"],"potions_floor_usage":[12,12],"damage_taken":[{"damage":0,"enemies":"Cultist","floor":1,"turns":4},{"damage":0,"enemies":"2 Louse","floor":2,"turns":1},{"damage":10,"enemies":"Jaw Worm","floor":3,"turns":4},{"damage":6,"enemies":"Looter","floor":4,"turns":3},{"damage":5,"enemies":"3 Louse","floor":5,"turns":2},{"damage":8,"enemies":"Blue Slaver","floor":7,"turns":2},{"damage":26,"enemies":"Gremlin Gang","floor":8,"turns":6},{"damage":8,"enemies":"Exordium Thugs","floor":10,"turns":5},{"damage":6,"enemies":"Lagavulin","floor":12,"turns":10},{"damage":6,"enemies":"Hexaghost","floor":16,"turns":17}],"seed_played":"1520782572025295903","potions_obtained":[{"floor":3,"key":"Swift Potion"},{"floor":4,"key":"Energy Potion"},{"floor":8,"key":"GamblersBrew"},{"floor":12,"key":"Explosive Potion"}],"is_trial":false,"path_per_floor":["M","M","M","M","M","R","M","M","T","M","R","E","?","?","R","B",null],"character_chosen":"THE_SILENT","items_purchased":[],"campfire_rested":0,"item_purchase_floors":[],"current_hp_per_floor":[70,70,60,54,49,49,41,15,15,7,7,1,24,10,10,4,70],"gold":342,"neow_bonus":"ONE_RANDOM_RARE_CARD","is_prod":false,"is_daily":false,"chose_seed":false,"campfire_upgraded":3,"win_rate":0,"timestamp":1555160748,"path_taken":["M","M","M","M","M","R","M","?","T","M","R","E","?","?","R","BOSS"],"build_version":"2019-01-23","purchased_purges":0,"victory":false,"max_hp_per_floor":[70,70,70,70,70,70,70,70,70,70,70,70,70,70,70,70,70],"card_choices":[{"not_picked":["Bane","Outmaneuver"],"picked":"Skewer","floor":1},{"not_picked":["Acrobatics","Deadly Poison"],"picked":"Deflect","floor":2},{"not_picked":["Caltrops","Sucker Punch"],"picked":"Prepared","floor":3},{"not_picked":["Dagger Throw","Outmaneuver"],"picked":"Masterful Stab","floor":4},{"not_picked":["Blade Dance","Sucker Punch"],"picked":"Backflip","floor":5},{"not_picked":["Backflip","Slice"],"picked":"Leg Sweep","floor":7},{"not_picked":["Calculated Gamble","Backflip"],"picked":"Tactician","floor":8},{"not_picked":["Blade Dance","Backflip"],"picked":"Malaise","floor":10},{"not_picked":["Blade Dance","Poisoned Stab"],"picked":"Escape Plan","floor":12},{"not_picked":["Tools of the Trade","Glass Knife"],"picked":"After Image","floor":16},{"not_picked":["Backflip","Bane"],"picked":"Prepared","floor":17},{"not_picked":["Backflip","Sucker Punch"],"picked":"Well Laid Plans","floor":17},{"not_picked":["Deflect","Catalyst"],"picked":"Dash","floor":17},{"not_picked":["Prepared","Terror"],"picked":"Sucker Punch","floor":17},{"not_picked":["Dagger Throw","Slice"],"picked":"Prepared","floor":17}],"player_experience":397949,"relics_obtained":[{"floor":12,"key":"Happy Flower"}],"event_choices":[{"damage_healed":23,"gold_gain":0,"player_choice":"Banana","damage_taken":0,"max_hp_gain":0,"max_hp_loss":0,"event_name":"Big Fish","floor":13,"gold_loss":0},{"damage_healed":0,"gold_gain":0,"player_choice":"Entered Light","damage_taken":14,"max_hp_gain":0,"max_hp_loss":0,"event_name":"Shining Light","floor":14,"gold_loss":0,"cards_upgraded":["Strike_G","Strike_G"]}],"is_beta":false,"boss_relics":[{"not_picked":["Sozu","White Beast Statue"],"picked":"Orrery"}],"items_purged_floors":[],"is_endless":false,"potions_floor_spawned":[3,4,8,10,12],"ascension_level":1}