{"gold_per_floor":[110,110,130,157,24,44,69,69,118,118,129,129,164,176,176,253,303,313,313,43,63,73,135,135,168,168,195,210,210,228,143,143,143],"floor_reached":33,"playtime":1192,"items_purged":[],"score":578,"play_id":"00372da0-371c-4921-b3c8-1e784fe13980","local_time":"20190409120041","is_ascension_mode":true,"campfire_choices":[{"data":"Feel No Pain","floor":8,"key":"SMITH"},{"data":"Clothesline","floor":10,"key":"SMITH"},{"data":"Uppercut","floor":12,"key":"SMITH"},{"data":"Inflame","floor":15,"key":"SMITH"},{"data":"Whirlwind","floor":24,"key":"SMITH"},{"floor":32,"key":"REST"}],"neow_cost":"NONE","seed_source_timestamp":228001064908010,"circlet_count":0,"master_deck":["AscendersBane","Strike_R","Strike_R","Strike_R","Strike_R","Strike_R","Defend_R","Defend_R","Defend_R","Defend_R","Bash+1","Sword Boomerang","Clothesline+1","Shrug It Off","Feel No Pain+1","Shrug It Off","Sword Boomerang","Uppercut+1","Inflame+1","Armaments","Fiend Fire+1","True Grit","Havoc","Whirlwind+1","Infernal Blade","Anger","Headbutt","Inflame","Cleave+1","Whirlwind","Shrug It Off"],"relics":["Burning Blood","Vajra","Blood Vial","Centennial Puzzle","Charon\u0027s Ashes","Tiny House","Paper Frog","Chemical X","Tiny Chest","Juzu Bracelet","Unceasing Top","Pantograph","StoneCalendar"],"potions_floor_usage":[11,23,23,27,33],"damage_taken":[{"damage":8,"enemies":"2 Louse","floor":1,"turns":4},{"damage":8,"enemies":"Jaw Worm","floor":3,"turns":4},{"damage":0,"enemies":"Small Slimes","floor":6,"turns":2},{"damage":18,"enemies":"3 Sentries","floor":7,"turns":12},{"damage":3,"enemies":"Looter","floor":11,"turns":2},{"damage":6,"enemies":"Gremlin Nob","floor":13,"turns":3},{"damage":7,"enemies":"2 Fungi Beasts","floor":14,"turns":3},{"damage":32,"enemies":"The Guardian","floor":16,"turns":11},{"damage":10,"enemies":"3 Byrds","floor":18,"turns":4},{"damage":6,"enemies":"Spheric Guardian","floor":21,"turns":4},{"damage":5,"enemies":"Snecko","floor":22,"turns":3},{"damage":0,"enemies":"Gremlin Leader","floor":23,"turns":3},{"damage":15,"enemies":"Book of Stabbing","floor":25,"turns":4},{"damage":49,"enemies":"Slavers","floor":27,"turns":4},{"damage":0,"enemies":"3 Cultists","floor":28,"turns":2},{"damage":11,"enemies":"Snake Plant","floor":30,"turns":4},{"damage":99,"enemies":"Collector","floor":33,"turns":7}],"seed_played":"-2521148312222078653","potions_obtained":[{"floor":1,"key":"Poison Potion"},{"floor":3,"key":"Energy Potion"},{"floor":11,"key":"Poison Potion"},{"floor":23,"key":"Explosive Potion"},{"floor":27,"key":"SpeedPotion"}],"is_trial":false,"path_per_floor":["M","?","M","T","$","M","E","R","T","R","M","R","E","M","R","B",null,"M","?","$","M","M","E","R","E","T","E","M","?","M","?","R","B"],"character_chosen":"IRONCLAD","items_purchased":["Shrug It Off","Feel No Pain","Chemical X","Whirlwind"],"campfire_rested":1,"item_purchase_floors":[5,5,20,20],"current_hp_per_floor":[73,73,71,71,71,77,65,65,65,65,70,70,72,73,73,49,79,77,77,77,79,82,87,87,78,78,37,45,45,42,42,68,0],"gold":143,"neow_bonus":"TEN_PERCENT_HP_BONUS","is_prod":false,"is_daily":false,"chose_seed":false,"campfire_upgraded":5,"win_rate":0,"timestamp":1554836441,"path_taken":["M","?","M","?","$","M","E","R","T","R","M","R","E","M","R","BOSS","M","?","$","M","M","E","R","E","T","E","M","?","M","?","R","BOSS"],"build_version":"2019-01-23","purchased_purges":0,"victory":false,"max_hp_per_floor":[82,82,82,82,82,82,82,82,82,82,82,82,82,82,82,82,87,87,87,87,87,87,87,87,87,87,87,87,87,87,87,87,87],"card_choices":[{"not_picked":["Seeing Red","Infernal Blade"],"picked":"Sword Boomerang","floor":1},{"not_picked":["Reckless Charge","Twin Strike"],"picked":"Clothesline","floor":3},{"not_picked":["Sword Boomerang","Searing Blow"],"picked":"Shrug It Off","floor":6},{"not_picked":["Warcry","Hemokinesis"],"picked":"Sword Boomerang","floor":7},{"not_picked":["True Grit","Second Wind"],"picked":"Uppercut","floor":11},{"not_picked":["Iron Wave","Clash"],"picked":"Inflame","floor":13},{"not_picked":["Thunderclap","Flex"],"picked":"Armaments","floor":14},{"not_picked":["Exhume","Reaper"],"picked":"Fiend Fire","floor":16},{"not_picked":["Headbutt","Thunderclap"],"picked":"True Grit","floor":17},{"not_picked":["Combust+1","Cleave"],"picked":"Havoc","floor":18},{"not_picked":["Heavy Blade","Perfected Strike+1"],"picked":"Infernal Blade","floor":21},{"not_picked":["Thunderclap","Rupture"],"picked":"Anger","floor":22},{"not_picked":["Rupture","Cleave"],"picked":"Headbutt","floor":23},{"not_picked":["Feel No Pain","Double Tap"],"picked":"Inflame","floor":25},{"not_picked":["Iron Wave","Thunderclap"],"picked":"Cleave+1","floor":27},{"not_picked":["Clothesline","Anger"],"picked":"Whirlwind","floor":28},{"not_picked":["Flex","Warcry"],"picked":"Shrug It Off","floor":30}],"player_experience":403230,"relics_obtained":[{"floor":4,"key":"Vajra"},{"floor":7,"key":"Blood Vial"},{"floor":9,"key":"Centennial Puzzle"},{"floor":13,"key":"Charon\u0027s Ashes"},{"floor":23,"key":"Tiny Chest"},{"floor":25,"key":"Juzu Bracelet"},{"floor":26,"key":"Unceasing Top"},{"floor":27,"key":"Pantograph"}],"event_choices":[{"damage_healed":0,"gold_gain":0,"player_choice":"Grow","damage_taken":0,"max_hp_gain":0,"max_hp_loss":0,"event_name":"Living Wall","floor":2,"gold_loss":0,"cards_upgraded":["Bash"]},{"damage_healed":0,"gold_gain":0,"player_choice":"Opened","damage_taken":0,"relics_obtained":["Paper Frog"],"max_hp_gain":0,"max_hp_loss":0,"event_name":"The Mausoleum","floor":19,"gold_loss":0},{"damage_healed":0,"gold_gain":0,"player_choice":"Ignored","damage_taken":0,"max_hp_gain":0,"max_hp_loss":0,"event_name":"Ghosts","floor":29,"gold_loss":0},{"damage_healed":0,"gold_gain":0,"player_choice":"Obtained Relic","damage_taken":0,"relics_obtained":["StoneCalendar"],"max_hp_gain":0,"max_hp_loss":0,"event_name":"Addict","floor":31,"gold_loss":85}],"is_beta":false,"boss_relics":[{"not_picked":["Black Blood","Mark of Pain"],"picked":"Tiny House"}],"items_purged_floors":[],"is_endless":false,"potions_floor_spawned":[1,3,11,18,22,23,27],"killed_by":"Collector","ascension_level":14}