{"gold_per_floor":[118,193,193,209,226,226,260,260,284,349,366,394,407,282,282,382,382,392,317,329,344,358,386,405,15,41,41],"floor_reached":27,"playtime":1284,"items_purged":["Strike_R","Strike_R"],"score":336,"play_id":"43baef15-5bb2-4563-bb95-f5fe3807db59","local_time":"20190426081910","is_ascension_mode":true,"campfire_choices":[{"data":"Armaments","floor":6,"key":"SMITH"},{"data":"Bash","floor":8,"key":"SMITH"},{"data":"Whirlwind","floor":15,"key":"SMITH"}],"neow_cost":"NONE","seed_source_timestamp":1417346339034600,"circlet_count":0,"master_deck":["Strike_R","Strike_R","Strike_R","Defend_R","Defend_R","Defend_R","Defend_R","Bash+1","Shrug It Off","Armaments+1","Battle Trance","Whirlwind+1","Ghostly Armor","Havoc","Demon Form","Heavy Blade","Shrug It Off","True Grit+1","Flame Barrier","Shrug It Off"],"relics":["Burning Blood","NeowsBlessing","NlothsMask","Potion Belt","Tiny Chest","Incense Burner","Fusion Hammer","Girya","Bottled Tornado","Regal Pillow"],"potions_floor_usage":[10,12,16,16,16,21,23,23,24],"damage_taken":[{"damage":0,"enemies":"Jaw Worm","floor":1,"turns":1},{"damage":0,"enemies":"2 Louse","floor":4,"turns":1},{"damage":0,"enemies":"Cultist","floor":5,"turns":1},{"damage":37,"enemies":"Lagavulin","floor":7,"turns":8},{"damage":21,"enemies":"Gremlin Nob","floor":10,"turns":4},{"damage":11,"enemies":"Exordium Thugs","floor":11,"turns":5},{"damage":22,"enemies":"Lagavulin","floor":12,"turns":8},{"damage":1,"enemies":"3 Louse","floor":13,"turns":3},{"damage":11,"enemies":"Hexaghost","floor":16,"turns":16},{"damage":16,"enemies":"Shell Parasite","floor":18,"turns":6},{"damage":17,"enemies":"2 Thieves","floor":20,"turns":4},{"damage":24,"enemies":"Shelled Parasite and Fungi","floor":21,"turns":6},{"damage":19,"enemies":"Sentry and Sphere","floor":22,"turns":6},{"damage":31,"enemies":"Book of Stabbing","floor":23,"turns":7},{"damage":11,"enemies":"Centurion and Healer","floor":24,"turns":7},{"damage":15,"enemies":"Shelled Parasite and Fungi","floor":27,"turns":3}],"seed_played":"-3220252435015202445","potions_obtained":[{"floor":1,"key":"Weak Potion"},{"floor":4,"key":"Block Potion"},{"floor":5,"key":"Regen Potion"},{"floor":10,"key":"Energy Potion"},{"floor":12,"key":"SpeedPotion"},{"floor":18,"key":"FearPotion"},{"floor":20,"key":"SkillPotion"}],"is_trial":false,"path_per_floor":["M","?","?","M","M","R","E","R","T","E","M","E","M","$","R","B",null,"M","$","M","M","M","E","M","$","T","M"],"character_chosen":"IRONCLAD","items_purchased":["Ancient Potion","Dexterity Potion","Bottled Tornado","Shrug It Off"],"campfire_rested":0,"item_purchase_floors":[14,14,25,25],"current_hp_per_floor":[80,69,69,75,80,80,49,49,49,34,29,13,18,18,18,13,80,70,70,59,41,28,18,13,13,13,0],"gold":41,"neow_bonus":"THREE_ENEMY_KILL","is_prod":false,"is_daily":false,"chose_seed":false,"campfire_upgraded":3,"win_rate":0,"timestamp":1556259550,"path_taken":["M","?","?","M","?","R","E","R","T","E","M","E","M","$","R","BOSS","M","$","M","M","M","E","M","$","T","M"],"build_version":"2019-01-23","purchased_purges":2,"victory":false,"max_hp_per_floor":[80,80,80,80,80,80,80,80,80,80,80,80,80,80,80,80,80,80,80,80,80,80,80,80,80,80,80],"card_choices":[{"not_picked":["Intimidate","Clash"],"picked":"Shrug It Off","floor":1},{"not_picked":["Warcry","Body Slam"],"picked":"Armaments","floor":4},{"not_picked":["Uppercut","Dropkick"],"picked":"Battle Trance","floor":5},{"not_picked":["Armaments","Bloodletting","Fire Breathing"],"picked":"SKIP","floor":7},{"not_picked":["Warcry","Impervious"],"picked":"Whirlwind","floor":10},{"not_picked":["Pommel Strike","Flex"],"picked":"Ghostly Armor","floor":11},{"not_picked":["Whirlwind","Hemokinesis"],"picked":"Havoc","floor":12},{"not_picked":["Anger","Wild Strike","Flex"],"picked":"SKIP","floor":13},{"not_picked":["Bludgeon","Impervious"],"picked":"Demon Form","floor":16},{"not_picked":["Feel No Pain+1","Carnage"],"picked":"Heavy Blade","floor":18},{"not_picked":["Twin Strike+1","Headbutt"],"picked":"Shrug It Off","floor":20},{"not_picked":["Uppercut","Searing Blow+1","Fire Breathing"],"picked":"SKIP","floor":21},{"not_picked":["Clash","Inflame","Reckless Charge"],"picked":"SKIP","floor":22},{"not_picked":["Dual Wield","Perfected Strike"],"picked":"True Grit+1","floor":23},{"not_picked":["Armaments","Clash"],"picked":"Flame Barrier","floor":24}],"player_experience":716831,"relics_obtained":[{"floor":7,"key":"Potion Belt"},{"floor":10,"key":"Tiny Chest"},{"floor":12,"key":"Incense Burner"},{"floor":23,"key":"Girya"},{"floor":26,"key":"Regal Pillow"}],"event_choices":[{"damage_healed":0,"gold_gain":75,"player_choice":"Gather Gold","damage_taken":11,"max_hp_gain":0,"max_hp_loss":0,"event_name":"World of Goop","floor":2,"gold_loss":0},{"damage_healed":0,"gold_gain":0,"player_choice":"Trade","damage_taken":0,"relics_obtained":["NlothsMask"],"max_hp_gain":0,"max_hp_loss":0,"event_name":"FaceTrader","floor":3,"gold_loss":0}],"is_beta":false,"boss_relics":[{"not_picked":["Eternal Feather","Tiny House"],"picked":"Fusion Hammer"}],"items_purged_floors":[19,25],"is_endless":false,"potions_floor_spawned":[1,4,5,10,12,18,20],"killed_by":"Shelled Parasite and Fungi","ascension_level":4}