{"gold_per_floor":[110,39,39,51,65,130,130,149,149,169,169,179,106,120,120,215,215,235,160,173,30,30,30],"floor_reached":23,"playtime":1020,"items_purged":["Regret"],"score":222,"play_id":"9cd63af7-2081-4309-9185-d31b23084725","local_time":"20190404190551","is_ascension_mode":true,"campfire_choices":[{"data":"Sunder","floor":7,"key":"SMITH"},{"data":"Defragment","floor":11,"key":"SMITH"},{"floor":15,"key":"REST"}],"neow_cost":"NONE","seed_source_timestamp":33999212013323,"circlet_count":0,"master_deck":["Strike_B","Strike_B","Strike_B","Strike_B","Defend_B","Defend_B","Defend_B","Defend_B","Zap+1","Dualcast","Conserve Battery","Defragment+1","Sunder+1","Defragment+1","Glacier","Conserve Battery","Self Repair","Sweeping Beam","Multi-Cast","Clumsy","Parasite","Ball Lightning+1","Hologram+1"],"relics":["Cracked Core","Tiny Chest","Mummified Hand","Calling Bell","Boot","Pantograph","Ice Cream","Bronze Scales","MutagenicStrength"],"potions_floor_usage":[6,16,23],"damage_taken":[{"damage":1,"enemies":"2 Louse","floor":1,"turns":2},{"damage":1,"enemies":"Cultist","floor":4,"turns":4},{"damage":7,"enemies":"Jaw Worm","floor":5,"turns":3},{"damage":20,"enemies":"3 Sentries","floor":6,"turns":6},{"damage":16,"enemies":"Lots of Slimes","floor":8,"turns":3},{"damage":2,"enemies":"Exordium Thugs","floor":10,"turns":4},{"damage":3,"enemies":"Large Slime","floor":12,"turns":5},{"damage":0,"enemies":"Exordium Wildlife","floor":14,"turns":2},{"damage":27,"enemies":"The Guardian","floor":16,"turns":10},{"damage":15,"enemies":"Chosen","floor":18,"turns":7},{"damage":6,"enemies":"Spheric Guardian","floor":20,"turns":3},{"damage":69,"enemies":"Gremlin Leader","floor":23,"turns":8}],"seed_played":"-6051321036077981036","potions_obtained":[{"floor":4,"key":"SkillPotion"},{"floor":8,"key":"LiquidBronze"},{"floor":16,"key":"Energy Potion"}],"is_trial":false,"path_per_floor":["M","$","?","M","M","E","R","M","T","M","R","M","?","M","R","B",null,"M","$","M","$","?","E"],"character_chosen":"DEFECT","items_purchased":["Defragment","Bronze Scales"],"campfire_rested":1,"item_purchase_floors":[2,21],"current_hp_per_floor":[74,74,74,73,66,46,46,30,30,28,28,25,25,32,54,34,75,67,67,68,68,68,0],"gold":30,"neow_bonus":"UPGRADE_CARD","is_prod":false,"is_daily":false,"chose_seed":false,"campfire_upgraded":2,"win_rate":0,"timestamp":1554397551,"path_taken":["M","$","?","?","M","E","R","M","T","M","R","M","?","?","R","BOSS","M","$","M","$","?","E"],"build_version":"2019-01-23","purchased_purges":1,"victory":false,"max_hp_per_floor":[75,75,75,75,75,75,75,75,75,75,75,75,75,75,75,75,75,75,75,75,75,75,75],"card_choices":[{"not_picked":["Leap","Turbo"],"picked":"Conserve Battery","floor":1},{"not_picked":["Aggregate","Leap"],"picked":"Sunder","floor":4},{"not_picked":["Redo","Reprogram","Streamline"],"picked":"SKIP","floor":5},{"not_picked":["Machine Learning","Go for the Eyes"],"picked":"Defragment","floor":6},{"not_picked":["Cold Snap","Stack"],"picked":"Glacier","floor":8},{"not_picked":["Cold Snap","Heatsinks"],"picked":"Conserve Battery","floor":10},{"not_picked":["Ball Lightning","Buffer"],"picked":"Self Repair","floor":12},{"not_picked":["Cold Snap","Go for the Eyes"],"picked":"Sweeping Beam","floor":14},{"not_picked":["Amplify","Hyperbeam"],"picked":"Multi-Cast","floor":16},{"not_picked":["Redo","Glacier"],"picked":"Ball Lightning+1","floor":18},{"not_picked":["Streamline","Gash+1"],"picked":"Hologram+1","floor":20}],"player_experience":234466,"relics_obtained":[{"floor":6,"key":"Tiny Chest"},{"floor":17,"key":"Boot"},{"floor":17,"key":"Pantograph"},{"floor":17,"key":"Ice Cream"}],"event_choices":[{"damage_healed":0,"gold_gain":0,"player_choice":"Upgraded","damage_taken":0,"max_hp_gain":0,"max_hp_loss":0,"event_name":"Upgrade Shrine","floor":3,"gold_loss":0,"cards_upgraded":["Defragment"]},{"damage_healed":0,"gold_gain":0,"player_choice":"Paid Gold","damage_taken":0,"relics_obtained":["Mummified Hand"],"max_hp_gain":0,"max_hp_loss":0,"event_name":"WeMeetAgain","floor":13,"gold_loss":73},{"damage_healed":0,"gold_gain":0,"player_choice":"Inject Mutagens","damage_taken":0,"relics_obtained":["MutagenicStrength"],"max_hp_gain":0,"max_hp_loss":0,"event_name":"Drug Dealer","floor":22,"gold_loss":0}],"is_beta":false,"boss_relics":[{"not_picked":["Runic Pyramid","Nuclear Battery"],"picked":"Calling Bell"}],"items_purged_floors":[19],"is_endless":false,"potions_floor_spawned":[4,8,16],"killed_by":"Gremlin Leader","ascension_level":3}