{"gold_per_floor":[112,32,107,257,17,52,72,99,122,47,47,76,76,102,102,177,177,190,205,205,205,222,222],"floor_reached":23,"playtime":731,"items_purged":["Doubt"],"score":403,"play_id":"4fef5e20-64d8-48b5-a294-fd74ba9ce66b","local_time":"20190430205037","is_ascension_mode":true,"campfire_choices":[{"floor":11,"key":"DIG"},{"floor":13,"key":"DIG"},{"floor":15,"key":"DIG"}],"neow_cost":"NONE","seed_source_timestamp":1503152334931620,"circlet_count":0,"master_deck":["AscendersBane","Strike_R","Strike_R","Strike_R","Defend_R","Defend_R","Defend_R","Defend_R","Bash","Clothesline","Metallicize","Shrug It Off","Anger+1","Body Slam+1","Clothesline+1","Fiend Fire+1","Dual Wield","True Grit","Bludgeon+1","Demon Form"],"relics":["Burning Blood","NeowsBlessing","Molten Egg 2","Red Skull","Shovel","Vajra","Smiling Mask","Omamori","Centennial Puzzle","Pen Nib","Runic Pyramid","Enchiridion"],"potions_floor_usage":[12,16,23],"damage_taken":[{"damage":0,"enemies":"2 Louse","floor":1,"turns":1},{"damage":0,"enemies":"Gremlin Nob","floor":6,"turns":1},{"damage":0,"enemies":"Jaw Worm","floor":7,"turns":1},{"damage":36,"enemies":"3 Sentries","floor":8,"turns":12},{"damage":11,"enemies":"Gremlin Nob","floor":12,"turns":5},{"damage":18,"enemies":"Hexaghost","floor":16,"turns":10},{"damage":32,"enemies":"3 Byrds","floor":18,"turns":6},{"damage":5,"enemies":"Chosen","floor":19,"turns":3},{"damage":5,"enemies":"Sentry and Sphere","floor":22,"turns":3},{"damage":25,"enemies":"Slavers","floor":23,"turns":1}],"seed_played":"2603849799837935535","potions_obtained":[{"floor":6,"key":"Dexterity Potion"},{"floor":7,"key":"PowerPotion"},{"floor":12,"key":"Weak Potion"},{"floor":18,"key":"Explosive Potion"},{"floor":22,"key":"AttackPotion"}],"is_trial":false,"path_per_floor":["M","$","?","?","$","E","M","E","T","$","R","E","R","T","R","B",null,"M","M","?","?","M","E"],"character_chosen":"IRONCLAD","items_purchased":["Metallicize","Molten Egg 2"],"campfire_rested":0,"item_purchase_floors":[2,5],"current_hp_per_floor":[74,74,74,74,74,75,75,45,45,45,45,40,40,40,40,28,63,37,38,17,17,18,0],"gold":222,"neow_bonus":"THREE_ENEMY_KILL","is_prod":false,"is_daily":false,"chose_seed":false,"campfire_upgraded":0,"win_rate":0,"timestamp":1556682637,"path_taken":["M","$","?","?","$","E","M","E","T","$","R","E","R","?","R","BOSS","M","M","?","?","M","E"],"build_version":"2019-01-23","purchased_purges":1,"victory":false,"max_hp_per_floor":[75,75,75,75,75,75,75,75,75,75,75,75,75,75,75,75,75,75,75,75,75,75,75],"card_choices":[{"not_picked":["Flex","Fire Breathing"],"picked":"Clothesline","floor":1},{"not_picked":["Burning Pact","Havoc"],"picked":"Shrug It Off","floor":6},{"not_picked":["Corruption","Thunderclap+1"],"picked":"Anger+1","floor":7},{"not_picked":["Armaments","Dark Embrace"],"picked":"Body Slam+1","floor":8},{"not_picked":["Corruption","Hemokinesis+1"],"picked":"Clothesline+1","floor":12},{"not_picked":["Exhume","Barricade"],"picked":"Fiend Fire+1","floor":16},{"not_picked":["Hemokinesis+1","Warcry"],"picked":"Dual Wield","floor":18},{"not_picked":["Anger+1","Havoc"],"picked":"True Grit","floor":19},{"not_picked":["Evolve","True Grit","Havoc"],"picked":"SKIP","floor":22}],"player_experience":368528,"relics_obtained":[{"floor":6,"key":"Red Skull"},{"floor":8,"key":"Shovel"},{"floor":9,"key":"Vajra"},{"floor":11,"key":"Smiling Mask"},{"floor":12,"key":"Omamori"},{"floor":13,"key":"Centennial Puzzle"},{"floor":15,"key":"Pen Nib"},{"floor":20,"key":"Enchiridion"}],"event_choices":[{"damage_healed":0,"gold_gain":75,"player_choice":"Gained Gold","damage_taken":0,"max_hp_gain":0,"max_hp_loss":0,"event_name":"Golden Wing","floor":3,"gold_loss":0},{"damage_healed":0,"gold_gain":150,"player_choice":"AGREE","damage_taken":0,"max_hp_gain":0,"max_hp_loss":0,"event_name":"Liars Game","floor":4,"gold_loss":0,"cards_obtained":["Doubt"]},{"damage_healed":0,"gold_gain":0,"player_choice":"Obtained Book","damage_taken":21,"max_hp_gain":0,"max_hp_loss":0,"event_name":"Cursed Tome","floor":20,"gold_loss":0},{"damage_healed":0,"gold_gain":0,"cards_transformed":["Strike_R","Strike_R"],"player_choice":"Became Test Subject","damage_taken":0,"max_hp_gain":0,"max_hp_loss":0,"event_name":"Drug Dealer","floor":21,"gold_loss":0,"cards_obtained":["Bludgeon","Demon Form"]}],"is_beta":false,"boss_relics":[{"not_picked":["Busted Crown","Tiny House"],"picked":"Runic Pyramid"}],"items_purged_floors":[10],"is_endless":false,"potions_floor_spawned":[6,7,12,18,22],"killed_by":"Slavers","ascension_level":15}