{"gold_per_floor":[217,62,73,87,87,115,115,115,185,200,214,226,261,261,261,261],"floor_reached":16,"playtime":505,"items_purged":["Strike_R"],"score":168,"play_id":"e94422fc-074b-4f74-a39b-00c30618d2ae","local_time":"20190404181629","is_ascension_mode":true,"campfire_choices":[{"floor":7,"key":"REST"},{"floor":15,"key":"REST"}],"neow_cost":"NONE","seed_source_timestamp":107640756457867,"circlet_count":0,"master_deck":["AscendersBane","Strike_R","Strike_R","Strike_R","Strike_R","Defend_R","Defend_R","Defend_R","Defend_R","Bash","Sword Boomerang","Whirlwind","Iron Wave","Cleave","Shockwave","Clothesline","Twin Strike","Offering","Havoc"],"relics":["Burning Blood","Ancient Tea Set","Red Skull","Boot","Bottled Flame","Magic Flower"],"potions_floor_usage":[16],"damage_taken":[{"damage":7,"enemies":"Small Slimes","floor":1,"turns":3},{"damage":9,"enemies":"Jaw Worm","floor":3,"turns":5},{"damage":1,"enemies":"Cultist","floor":4,"turns":3},{"damage":63,"enemies":"Lagavulin","floor":6,"turns":7},{"damage":3,"enemies":"Looter","floor":10,"turns":2},{"damage":9,"enemies":"2 Fungi Beasts","floor":11,"turns":2},{"damage":1,"enemies":"Blue Slaver","floor":12,"turns":3},{"damage":11,"enemies":"Gremlin Nob","floor":13,"turns":3},{"damage":78,"enemies":"The Guardian","floor":16,"turns":10}],"seed_played":"-4158908696149453087","potions_obtained":[{"floor":3,"key":"SmokeBomb"},{"floor":6,"key":"GamblersBrew"},{"floor":10,"key":"LiquidBronze"},{"floor":13,"key":"EssenceOfSteel"}],"is_trial":false,"path_per_floor":["M","$","M","M","?","E","R","?","T","M","M","M","E","?","R","B"],"character_chosen":"IRONCLAD","items_purchased":["Whirlwind"],"campfire_rested":2,"item_purchase_floors":[2],"current_hp_per_floor":[71,71,68,73,66,9,33,33,33,36,33,38,33,33,57,0],"gold":261,"neow_bonus":"HUNDRED_GOLD","is_prod":false,"is_daily":false,"chose_seed":false,"campfire_upgraded":0,"win_rate":0,"timestamp":1554426989,"path_taken":["M","$","M","M","?","E","R","?","T","M","M","?","E","?","R","BOSS"],"build_version":"2019-01-23","purchased_purges":1,"victory":false,"max_hp_per_floor":[80,80,80,80,80,80,80,80,80,80,80,80,80,80,80,80],"card_choices":[{"not_picked":["Rage","Warcry"],"picked":"Sword Boomerang","floor":1},{"not_picked":["Havoc","Dropkick"],"picked":"Iron Wave","floor":3},{"not_picked":["Sentinel","Sever Soul"],"picked":"Cleave","floor":4},{"not_picked":["Burning Pact","Rage"],"picked":"Shockwave","floor":6},{"not_picked":["Sword Boomerang","Rage"],"picked":"Clothesline","floor":10},{"not_picked":["Flex","True Grit"],"picked":"Twin Strike","floor":11},{"not_picked":["Warcry","Reckless Charge"],"picked":"Offering","floor":12},{"not_picked":["Wild Strike","Intimidate"],"picked":"Havoc","floor":13}],"player_experience":374022,"relics_obtained":[{"floor":6,"key":"Red Skull"},{"floor":9,"key":"Bottled Flame"},{"floor":13,"key":"Magic Flower"}],"event_choices":[{"damage_healed":0,"gold_gain":0,"player_choice":"Success","damage_taken":7,"relics_obtained":["Ancient Tea Set"],"max_hp_gain":0,"max_hp_loss":0,"event_name":"Scrap Ooze","floor":5,"gold_loss":0},{"damage_healed":0,"gold_gain":0,"player_choice":"Gave Potion","damage_taken":0,"relics_obtained":["Boot"],"max_hp_gain":0,"max_hp_loss":0,"event_name":"WeMeetAgain","floor":8,"gold_loss":0},{"damage_healed":0,"gold_gain":0,"player_choice":"Searched \u00271\u0027 times","damage_taken":0,"max_hp_gain":0,"max_hp_loss":0,"event_name":"Dead Adventurer","floor":14,"gold_loss":0}],"is_beta":false,"boss_relics":[],"items_purged_floors":[2],"is_endless":false,"potions_floor_spawned":[3,6,10,13],"killed_by":"The Guardian","ascension_level":10}