{"gold_per_floor":[119,69,80,90,50,64,98,112,112,112,128,128,203,222,222,222],"floor_reached":16,"playtime":934,"items_purged":[],"score":161,"play_id":"e261aba0-3007-417d-9e80-7cb21b856a59","local_time":"20190430080504","is_ascension_mode":true,"campfire_choices":[{"floor":10,"key":"REST"},{"data":"Disarm","floor":12,"key":"SMITH"},{"data":"Spot Weakness","floor":15,"key":"SMITH"}],"neow_cost":"CURSE","seed_source_timestamp":28959770944600,"circlet_count":0,"master_deck":["AscendersBane","Strike_R","Strike_R","Strike_R","Strike_R","Strike_R","Defend_R","Defend_R","Defend_R","Defend_R","Bash","Pummel","Battle Trance","Disarm+1","Carnage","Spot Weakness+1","Power Through","Shrug It Off","Shrug It Off","Immolate","Battle Trance"],"relics":["Burning Blood","Prayer Wheel","Sundial","Blue Candle"],"potions_floor_usage":[7,16],"damage_taken":[{"damage":9,"enemies":"Small Slimes","floor":1,"turns":4},{"damage":7,"enemies":"Jaw Worm","floor":3,"turns":3},{"damage":1,"enemies":"Cultist","floor":4,"turns":3},{"damage":8,"enemies":"Blue Slaver","floor":6,"turns":4},{"damage":27,"enemies":"3 Sentries","floor":7,"turns":9},{"damage":34,"enemies":"Exordium Thugs","floor":8,"turns":5},{"damage":2,"enemies":"Lots of Slimes","floor":11,"turns":2},{"damage":5,"enemies":"Blue Slaver","floor":14,"turns":4},{"damage":52,"enemies":"Slime Boss","floor":16,"turns":10}],"seed_played":"1282542183411272768","potions_obtained":[{"floor":3,"key":"AttackPotion"},{"floor":8,"key":"BloodPotion"}],"is_trial":false,"path_per_floor":["M","?","M","M","$","M","E","M","T","R","M","R","?","M","R","B"],"character_chosen":"IRONCLAD","items_purchased":["Power Through"],"campfire_rested":1,"item_purchase_floors":[5],"current_hp_per_floor":[69,69,68,73,73,71,50,22,22,46,50,50,39,40,40,0],"gold":222,"neow_bonus":"ONE_RARE_RELIC","is_prod":false,"is_daily":false,"chose_seed":false,"campfire_upgraded":2,"win_rate":0,"timestamp":1556604304,"path_taken":["M","?","M","M","$","M","E","M","T","R","M","R","?","M","R","BOSS"],"build_version":"2019-01-23","purchased_purges":0,"victory":false,"max_hp_per_floor":[80,80,80,80,80,80,80,80,80,80,80,80,80,80,80,80],"card_choices":[{"not_picked":["Carnage","Heavy Blade"],"picked":"Pummel","floor":1},{"not_picked":["Bloodletting","Thunderclap"],"picked":"Battle Trance","floor":1},{"not_picked":["Burning Pact","Wild Strike"],"picked":"Disarm","floor":3},{"not_picked":["Flex","Hemokinesis","Warcry"],"picked":"SKIP","floor":3},{"not_picked":["Cleave","Thunderclap"],"picked":"Carnage","floor":4},{"not_picked":["True Grit","Intimidate"],"picked":"Spot Weakness","floor":4},{"not_picked":["Pommel Strike","Flex"],"picked":"Shrug It Off","floor":6},{"not_picked":["Infernal Blade","Barricade"],"picked":"Shrug It Off","floor":6},{"not_picked":["Wild Strike","Anger","Body Slam"],"picked":"SKIP","floor":7},{"not_picked":["Perfected Strike","Warcry"],"picked":"Immolate","floor":8},{"not_picked":["Clash","Cleave","Wild Strike"],"picked":"SKIP","floor":8},{"not_picked":["Anger","Wild Strike","Pommel Strike"],"picked":"SKIP","floor":11},{"not_picked":["Fire Breathing","Armaments","Clash"],"picked":"SKIP","floor":11},{"not_picked":["Armaments","Shrug It Off"],"picked":"Battle Trance","floor":14},{"not_picked":["Anger","Body Slam","Pommel Strike"],"picked":"SKIP","floor":14}],"player_experience":879466,"relics_obtained":[{"floor":7,"key":"Sundial"},{"floor":9,"key":"Blue Candle"}],"event_choices":[{"cards_removed":["Decay"],"damage_healed":0,"gold_gain":0,"player_choice":"Card Removal","damage_taken":0,"max_hp_gain":0,"max_hp_loss":0,"event_name":"The Cleric","floor":2,"gold_loss":50},{"damage_healed":0,"gold_gain":75,"player_choice":"Gather Gold","damage_taken":11,"max_hp_gain":0,"max_hp_loss":0,"event_name":"World of Goop","floor":13,"gold_loss":0}],"is_beta":false,"boss_relics":[],"items_purged_floors":[],"is_endless":false,"potions_floor_spawned":[3,8],"killed_by":"Slime Boss","ascension_level":11}