{"gold_per_floor":[211,221,146,162,173,173,187,187,187,214,226,256,273,287,287,287],"floor_reached":16,"playtime":1299,"items_purged":["Strike_R"],"score":116,"play_id":"efe39d13-c19d-46eb-9213-9f556eaf0834","local_time":"20181201171029","is_ascension_mode":false,"campfire_choices":[{"data":"Metallicize","floor":6,"key":"SMITH"},{"data":"Body Slam","floor":8,"key":"SMITH"},{"data":"Entrench","floor":15,"key":"SMITH"}],"neow_cost":"NONE","seed_source_timestamp":97490467674160,"circlet_count":0,"master_deck":["Strike_R+1","Strike_R","Strike_R","Strike_R","Defend_R","Defend_R","Defend_R","Defend_R","Bash+1","Metallicize+1","Body Slam+1","Entrench+1","Body Slam"],"relics":["Burning Blood","Ancient Tea Set","Whetstone","Darkstone Periapt"],"potions_floor_usage":[5,7,10,11,13],"damage_taken":[{"damage":7,"enemies":"2 Louse","floor":1,"turns":3},{"damage":1,"enemies":"Cultist","floor":2,"turns":3},{"damage":9,"enemies":"Jaw Worm","floor":4,"turns":4},{"damage":18,"enemies":"Blue Slaver","floor":5,"turns":6},{"damage":2,"enemies":"Looter","floor":7,"turns":5},{"damage":11,"enemies":"Gremlin Nob","floor":10,"turns":4},{"damage":0,"enemies":"Large Slime","floor":11,"turns":6},{"damage":18,"enemies":"Lagavulin","floor":12,"turns":6},{"damage":5,"enemies":"Blue Slaver","floor":13,"turns":4},{"damage":7,"enemies":"Gremlin Gang","floor":14,"turns":8},{"damage":69,"enemies":"The Guardian","floor":16,"turns":17}],"seed_played":"3137625346755058423","potions_obtained":[{"floor":1,"key":"Strength Potion"},{"floor":5,"key":"Regen Potion"},{"floor":7,"key":"PowerPotion"},{"floor":10,"key":"SpeedPotion"},{"floor":12,"key":"Weak Potion"}],"is_trial":false,"path_per_floor":["M","M","$","M","M","R","M","R","T","E","M","E","M","M","R","B"],"character_chosen":"IRONCLAD","items_purchased":[],"campfire_rested":0,"item_purchase_floors":[],"current_hp_per_floor":[79,80,80,77,65,65,80,80,80,75,80,68,69,68,68,0],"gold":287,"neow_bonus":"HUNDRED_GOLD","is_prod":false,"is_daily":false,"chose_seed":false,"campfire_upgraded":3,"win_rate":0,"timestamp":1543680629,"path_taken":["M","M","$","M","M","R","M","R","T","E","M","E","M","M","R","BOSS"],"build_version":"2018-11-15","purchased_purges":1,"victory":false,"max_hp_per_floor":[80,80,80,80,80,80,80,80,80,80,80,80,80,80,80,80],"card_choices":[{"not_picked":["Sword Boomerang","Bloodletting","Warcry"],"picked":"SKIP","floor":1},{"not_picked":["Combust","Hemokinesis","Feel No Pain"],"picked":"SKIP","floor":2},{"not_picked":["Pummel","Headbutt","Seeing Red"],"picked":"SKIP","floor":4},{"not_picked":["Shrug It Off","Heavy Blade"],"picked":"Metallicize","floor":5},{"not_picked":["Headbutt","Clash"],"picked":"Body Slam","floor":7},{"not_picked":["Blood for Blood","Intimidate","Inflame"],"picked":"SKIP","floor":10},{"not_picked":["Pommel Strike","Cleave"],"picked":"Entrench","floor":11},{"not_picked":["Wild Strike","Burning Pact","Anger"],"picked":"SKIP","floor":12},{"not_picked":["Sword Boomerang","Flex"],"picked":"Body Slam","floor":13},{"not_picked":["Reaper","Searing Blow","Infernal Blade"],"picked":"SKIP","floor":14}],"player_experience":306973,"relics_obtained":[{"floor":9,"key":"Ancient Tea Set"},{"floor":10,"key":"Whetstone"},{"floor":12,"key":"Darkstone Periapt"}],"event_choices":[],"is_beta":false,"boss_relics":[],"items_purged_floors":[3],"is_endless":false,"potions_floor_spawned":[1,5,7,10,12],"killed_by":"The Guardian","ascension_level":0}