{"gold_per_floor":[119,119,130,147,160,160,18,18,43,8,40,52,71,71,71,167,167,177,188,188,208,85,85,116,116,163,63,79,79,79,94,94,94],"floor_reached":33,"playtime":1280,"items_purged":["Strike_R","Strike_R","Writhe"],"score":387,"play_id":"c682a364-7766-44ea-81d9-2e4be49a1976","local_time":"20190426233757","is_ascension_mode":true,"campfire_choices":[{"data":"Body Slam","floor":6.0,"key":"SMITH"},{"data":"True Grit","floor":8.0,"key":"SMITH"},{"data":"Dual Wield","floor":15.0,"key":"SMITH"},{"data":"Pommel Strike","floor":23.0,"key":"SMITH"},{"data":"Rampage","floor":29.0,"key":"SMITH"},{"floor":32.0,"key":"REST"}],"neow_cost":"PERCENT_DAMAGE","seed_source_timestamp":1173868325371908,"circlet_count":0,"master_deck":["Strike_R","Defend_R","Defend_R","Defend_R","Defend_R","Bash","Body Slam+1","Cleave","True Grit+1","Rampage+1","Sword Boomerang","Barricade","Shrug It Off","Inflame","Dual Wield+1","Impervious","Headbutt","Pommel Strike+1","True Grit"],"special_seed":0,"relics":["Burning Blood","Red Skull","Vajra","Sozu","MutagenicStrength","Strawberry","The Courier"],"potions_floor_usage":[],"damage_taken":[{"damage":9.0,"enemies":"2 Louse","floor":1.0,"turns":5.0},{"damage":1.0,"enemies":"Cultist","floor":3.0,"turns":4.0},{"damage":13.0,"enemies":"Jaw Worm","floor":4.0,"turns":5.0},{"damage":21.0,"enemies":"Gremlin Gang","floor":5.0,"turns":6.0},{"damage":20.0,"enemies":"Gremlin Nob","floor":11.0,"turns":4.0},{"damage":0.0,"enemies":"Large Slime","floor":12.0,"turns":5.0},{"damage":3.0,"enemies":"Looter","floor":13.0,"turns":3.0},{"damage":42.0,"enemies":"Hexaghost","floor":16.0,"turns":8.0},{"damage":3.0,"enemies":"2 Thieves","floor":18.0,"turns":3.0},{"damage":12.0,"enemies":"Chosen","floor":19.0,"turns":4.0},{"damage":28.0,"enemies":"Shelled Parasite and Fungi","floor":21.0,"turns":6.0},{"damage":15.0,"enemies":"Gremlin Leader","floor":24.0,"turns":7.0},{"damage":4.0,"enemies":"Cultist and Chosen","floor":28.0,"turns":4.0},{"damage":5.0,"enemies":"Snecko","floor":31.0,"turns":3.0},{"damage":73,"enemies":"Automaton","floor":33,"turns":8}],"seed_played":"-87541153586940121","potions_obtained":[{"floor":1.0,"key":"Fruit Juice"},{"floor":3.0,"key":"PowerPotion"},{"floor":11.0,"key":"AttackPotion"},{"floor":13.0,"key":"Ancient Potion"}],"is_trial":false,"path_per_floor":["M","?","M","M","M","R","$","R","T","?","E","M","M","$","R","B",null,"M","M","?","M","$","R","E","?","T","$","M","R","?","M","R","B"],"character_chosen":"IRONCLAD","items_purchased":["Barricade","Pommel Strike"],"campfire_rested":1,"item_purchase_floors":[7,22],"current_hp_per_floor":[53,53,58,51,36,36,36,36,36,57,43,49,52,52,52,16,68,71,65,65,43,43,43,41,41,41,41,43,43,34,35,62,0],"gold":94,"neow_bonus":"TRANSFORM_TWO_CARDS","is_prod":false,"is_daily":false,"chose_seed":false,"campfire_upgraded":5,"win_rate":0,"timestamp":1556289477,"path_taken":["M","?","?","M","M","R","$","R","T","?","E","M","M","?","R","BOSS","M","?","?","M","$","R","E","?","T","$","M","R","?","?","R","BOSS"],"build_version":"2019-01-23","purchased_purges":3,"victory":false,"max_hp_per_floor":[85,85,85,85,85,85,85,85,85,85,85,85,85,85,85,85,85,85,85,85,85,85,85,92,92,92,92,92,92,92,92,92,92],"card_choices":[{"not_picked":["Perfected Strike","Shrug It Off"],"picked":"Cleave","floor":1.0},{"not_picked":["Warcry","Iron Wave"],"picked":"True Grit","floor":3.0},{"not_picked":["Combust","Intimidate"],"picked":"Rampage","floor":4.0},{"not_picked":["Whirlwind","Seeing Red"],"picked":"Sword Boomerang","floor":5.0},{"not_picked":["Thunderclap","Dark Embrace"],"picked":"Shrug It Off","floor":11.0},{"not_picked":["Corruption","Reckless Charge"],"picked":"Inflame","floor":12.0},{"not_picked":["Thunderclap","Clothesline"],"picked":"Dual Wield","floor":13.0},{"not_picked":["Bludgeon","Barricade"],"picked":"Impervious","floor":16.0},{"not_picked":["Heavy Blade+1","Shrug It Off+1"],"picked":"Headbutt","floor":18.0},{"not_picked":["Sword Boomerang+1","Armaments","Blood for Blood+1"],"picked":"SKIP","floor":19.0},{"not_picked":["Feel No Pain","Perfected Strike+1","Anger"],"picked":"SKIP","floor":21.0},{"not_picked":["Immolate","Armaments"],"picked":"True Grit","floor":24.0},{"not_picked":["Thunderclap+1","True Grit","Clothesline"],"picked":"SKIP","floor":28.0},{"not_picked":["Pommel Strike","Armaments","Dark Embrace"],"picked":"SKIP","floor":31.0}],"player_experience":439000,"relics_obtained":[{"floor":9.0,"key":"Red Skull"},{"floor":11.0,"key":"Vajra"},{"floor":24.0,"key":"Strawberry"}],"event_choices":[{"cards_removed":["Rupture"],"damage_healed":0.0,"max_hp_gain":0.0,"max_hp_loss":0.0,"gold_gain":0.0,"event_name":"Purifier","player_choice":"Purged","floor":2.0,"gold_loss":0.0,"damage_taken":0.0},{"damage_healed":21.0,"max_hp_gain":0.0,"max_hp_loss":0.0,"gold_gain":0.0,"event_name":"The Cleric","player_choice":"Healed","floor":10.0,"gold_loss":35.0,"damage_taken":0.0},{"damage_healed":0.0,"max_hp_gain":0.0,"max_hp_loss":0.0,"gold_gain":0.0,"event_name":"Drug Dealer","player_choice":"Inject Mutagens","floor":20.0,"gold_loss":0.0,"damage_taken":0.0,"relics_obtained":["MutagenicStrength"]},{"damage_healed":0.0,"max_hp_gain":0.0,"max_hp_loss":0.0,"gold_gain":0.0,"event_name":"The Mausoleum","player_choice":"Opened","floor":25.0,"gold_loss":0.0,"damage_taken":0.0,"relics_obtained":["The Courier"],"cards_obtained":["Writhe"]},{"damage_healed":0.0,"max_hp_gain":0.0,"max_hp_loss":0.0,"gold_gain":0.0,"event_name":"Wheel of Change","player_choice":"Damaged","floor":30.0,"gold_loss":0.0,"damage_taken":9.0}],"is_beta":false,"boss_relics":[{"not_picked":["Orrery","Ectoplasm"],"picked":"Sozu"}],"items_purged_floors":[7,22,27],"is_endless":false,"potions_floor_spawned":[1,3,11,13,24,28,31],"killed_by":"Automaton","ascension_level":9}