{"gold_per_floor":[119,119,119,119,129,158,5,20,20,20],"floor_reached":10,"playtime":309,"items_purged":[],"score":83,"play_id":"4b68c51e-ead9-436a-9c70-942a49aa5b56","local_time":"20190112012950","is_ascension_mode":true,"campfire_choices":[],"neow_cost":"NONE","seed_source_timestamp":538966248781342,"circlet_count":0,"master_deck":["Defend_G","Defend_G","Defend_G","Defend_G","Defend_G","Strike_G","Strike_G","Strike_G+1","Strike_G","Survivor","Neutralize","Catalyst","Flying Knee","Dagger Spray+1","Footwork","Deadly Poison","Cloak And Dagger","Skewer"],"relics":["Coffee Dripper","Juzu Bracelet","Mango","Whetstone","Anchor"],"potions_floor_usage":[10],"damage_taken":[{"damage":9,"enemies":"Jaw Worm","floor":1,"turns":5},{"damage":0,"enemies":"2 Louse","floor":5,"turns":3},{"damage":58,"enemies":"Lagavulin","floor":6,"turns":11},{"damage":2,"enemies":"Small Slimes","floor":8,"turns":3},{"damage":4,"enemies":"3 Sentries","floor":10,"turns":3}],"seed_played":"2681887327984555323","potions_obtained":[{"floor":8,"key":"Block Potion"}],"is_trial":false,"path_per_floor":["M","?","?","T","M","E","$","M","T","E"],"character_chosen":"THE_SILENT","items_purchased":["Footwork","Deadly Poison","Cloak And Dagger"],"campfire_rested":0,"item_purchase_floors":[7,7,7],"current_hp_per_floor":[61,54,47,61,61,3,3,1,1,0],"gold":20,"neow_bonus":"BOSS_RELIC","is_prod":false,"is_daily":false,"chose_seed":false,"campfire_upgraded":0,"win_rate":0,"timestamp":1547256590,"path_taken":["M","?","?","?","M","E","$","M","T","E"],"build_version":"2019-01-10","purchased_purges":0,"victory":false,"max_hp_per_floor":[70,70,70,84,84,84,84,84,84,84],"card_choices":[{"not_picked":["Outmaneuver","Prepared"],"picked":"Catalyst","floor":1},{"not_picked":["Finisher","Dodge and Roll"],"picked":"Flying Knee","floor":5},{"not_picked":["Poisoned Stab","Dodge and Roll"],"picked":"Dagger Spray","floor":6},{"not_picked":["Quick Slash","Prepared"],"picked":"Skewer","floor":8}],"player_experience":56023,"relics_obtained":[{"floor":4,"key":"Mango"},{"floor":6,"key":"Whetstone"},{"floor":9,"key":"Anchor"}],"event_choices":[{"damage_healed":0,"gold_gain":0,"player_choice":"Success","damage_taken":7,"relics_obtained":["Juzu Bracelet"],"max_hp_gain":0,"max_hp_loss":0,"event_name":"Scrap Ooze","floor":2,"gold_loss":0},{"cards_removed":["Strike_G"],"damage_healed":0,"gold_gain":0,"player_choice":"Card Removal","damage_taken":7,"max_hp_gain":0,"max_hp_loss":0,"event_name":"Golden Wing","floor":3,"gold_loss":0}],"is_beta":false,"boss_relics":[],"items_purged_floors":[],"is_endless":false,"potions_floor_spawned":[8],"killed_by":"3 Sentries","ascension_level":5}