{"gold_per_floor":[116,131,144,144,162,194,194,208,279,279,294,319,350,365,365,467,467,478,491,491,507,154,183,183,183,183,213,213,244,258,258,258,258],"floor_reached":33,"playtime":2376,"items_purged":["Strike_R"],"score":317,"play_id":"14b41297-fc3c-46a2-af2b-bdef8179416c","local_time":"20190319142203","is_ascension_mode":false,"campfire_choices":[{"data":"Shockwave","floor":7,"key":"SMITH"},{"data":"Flame Barrier","floor":15,"key":"SMITH"},{"floor":24,"key":"REST"},{"floor":28,"key":"REST"},{"data":"Armaments","floor":32,"key":"SMITH"}],"neow_cost":"NONE","seed_source_timestamp":39969483891865,"circlet_count":0,"master_deck":["Defend_R","Defend_R","Defend_R","Defend_R","Bash+1","True Grit","Pummel","Clothesline+1","Feel No Pain","Shockwave+1","Armaments+1","Havoc","Reaper","Flame Barrier+1","Fiend Fire","Inflame","Metallicize","Sentinel","True Grit","Transmutation","Havoc","Reaper","Twin Strike+1","Headbutt+1"],"relics":["Burning Blood","Potion Belt","Mummified Hand","Bronze Scales","Unceasing Top","Empty Cage","Centennial Puzzle","Pocketwatch","Matryoshka","Vajra","Boot"],"potions_floor_usage":[8,13,23,23,27,33,33],"damage_taken":[{"damage":4,"enemies":"2 Louse","floor":1,"turns":3},{"damage":4,"enemies":"Cultist","floor":2,"turns":4},{"damage":5,"enemies":"Jaw Worm","floor":3,"turns":4},{"damage":10,"enemies":"Gremlin Gang","floor":5,"turns":7},{"damage":24,"enemies":"Gremlin Nob","floor":6,"turns":4},{"damage":38,"enemies":"Exordium Thugs","floor":8,"turns":7},{"damage":3,"enemies":"Large Slime","floor":11,"turns":5},{"damage":26,"enemies":"3 Sentries","floor":13,"turns":9},{"damage":1,"enemies":"Blue Slaver","floor":14,"turns":4},{"damage":37,"enemies":"Hexaghost","floor":16,"turns":13},{"damage":26,"enemies":"Spheric Guardian","floor":18,"turns":6},{"damage":7,"enemies":"3 Byrds","floor":19,"turns":5},{"damage":11,"enemies":"Centurion and Healer","floor":21,"turns":6},{"damage":47,"enemies":"Slavers","floor":23,"turns":6},{"damage":35,"enemies":"Gremlin Leader","floor":27,"turns":10},{"damage":38,"enemies":"Slavers","floor":29,"turns":5},{"damage":6,"enemies":"Snecko","floor":30,"turns":4},{"damage":77,"enemies":"Automaton","floor":33,"turns":14}],"seed_played":"-4297215946060978043","potions_obtained":[{"floor":5,"key":"Regen Potion"},{"floor":8,"key":"Regen Potion"},{"floor":11,"key":"Block Potion"},{"floor":13,"key":"Dexterity Potion"},{"floor":19,"key":"Swift Potion"},{"floor":27,"key":"Block Potion"},{"floor":29,"key":"Energy Potion"}],"is_trial":false,"path_per_floor":["M","M","M","?","M","E","R","M","T","?","M","T","E","M","R","B",null,"M","M","?","M","$","E","R","?","T","E","R","E","M","?","R","B"],"character_chosen":"IRONCLAD","items_purchased":["True Grit","Transmutation","Poison Potion"],"campfire_rested":2,"item_purchase_floors":[22,22,22],"current_hp_per_floor":[80,80,80,80,76,58,58,41,41,41,44,44,38,43,43,19,80,60,63,63,73,73,32,56,56,56,37,61,43,58,58,58,0],"gold":258,"neow_bonus":"UPGRADE_CARD","is_prod":false,"is_daily":false,"chose_seed":false,"campfire_upgraded":3,"win_rate":0,"timestamp":1553026923,"path_taken":["M","M","M","?","?","E","R","M","T","?","?","?","E","M","R","BOSS","M","M","?","M","$","E","R","?","T","E","R","E","M","?","R","BOSS"],"build_version":"2019-01-23","purchased_purges":1,"victory":false,"max_hp_per_floor":[80,80,80,80,80,80,80,80,80,80,80,80,80,80,80,80,80,80,80,80,80,80,80,80,80,80,80,80,80,80,80,80,80],"card_choices":[{"not_picked":["Anger","Perfected Strike"],"picked":"True Grit","floor":1},{"not_picked":["Clash","Corruption"],"picked":"Pummel","floor":2},{"not_picked":["Heavy Blade","Warcry"],"picked":"Clothesline","floor":3},{"not_picked":["Intimidate","Pummel"],"picked":"Feel No Pain","floor":5},{"not_picked":["Dark Embrace","Clothesline"],"picked":"Shockwave","floor":6},{"not_picked":["Second Wind","Flex"],"picked":"Armaments","floor":8},{"not_picked":["Twin Strike","Dual Wield"],"picked":"Havoc","floor":11},{"not_picked":["Carnage","Twin Strike"],"picked":"Reaper","floor":13},{"not_picked":["Cleave","Heavy Blade"],"picked":"Flame Barrier","floor":14},{"not_picked":["Juggernaut","Brutality"],"picked":"Fiend Fire","floor":16},{"not_picked":["Heavy Blade","Twin Strike"],"picked":"Inflame","floor":18},{"not_picked":["Corruption","Body Slam"],"picked":"Metallicize","floor":19},{"not_picked":["Blood for Blood","Perfected Strike"],"picked":"Sentinel","floor":21},{"not_picked":["Dual Wield","Warcry"],"picked":"Havoc","floor":23},{"not_picked":["Sword Boomerang","Pommel Strike"],"picked":"Reaper","floor":27},{"not_picked":["Cleave+1","Havoc"],"picked":"Twin Strike+1","floor":29},{"not_picked":["True Grit+1","Burning Pact"],"picked":"Headbutt+1","floor":30}],"player_experience":287034,"relics_obtained":[{"floor":6,"key":"Potion Belt"},{"floor":9,"key":"Mummified Hand"},{"floor":12,"key":"Bronze Scales"},{"floor":13,"key":"Unceasing Top"},{"floor":23,"key":"Pocketwatch"},{"floor":26,"key":"Matryoshka"},{"floor":27,"key":"Vajra"},{"floor":29,"key":"Boot"}],"event_choices":[{"damage_healed":0,"gold_gain":0,"player_choice":"Upgraded","damage_taken":0,"max_hp_gain":0,"max_hp_loss":0,"event_name":"Upgrade Shrine","floor":4,"gold_loss":0,"cards_upgraded":["Clothesline"]},{"cards_removed":["Strike_R"],"damage_healed":0,"gold_gain":0,"player_choice":"Purged","damage_taken":0,"max_hp_gain":0,"max_hp_loss":0,"event_name":"Purifier","floor":10,"gold_loss":0},{"damage_healed":0,"gold_gain":0,"player_choice":"Opened","damage_taken":0,"relics_obtained":["Centennial Puzzle"],"max_hp_gain":0,"max_hp_loss":0,"event_name":"The Mausoleum","floor":20,"gold_loss":0},{"damage_healed":0,"gold_gain":0,"player_choice":"Ignored","damage_taken":0,"max_hp_gain":0,"max_hp_loss":0,"event_name":"Vampires","floor":25,"gold_loss":0},{"cards_removed":["Strike_R"],"damage_healed":0,"gold_gain":0,"player_choice":"Purged","damage_taken":0,"max_hp_gain":0,"max_hp_loss":0,"event_name":"Purifier","floor":31,"gold_loss":0}],"is_beta":false,"boss_relics":[{"not_picked":["Coffee Dripper","Cursed Key"],"picked":"Empty Cage"}],"items_purged_floors":[22],"is_endless":false,"potions_floor_spawned":[5,8,11,13,19,27,29],"killed_by":"Automaton","ascension_level":0}