{"gold_per_floor":[115,115,7,22,22,22,47,47,47,60,74,74,84,61,61,159,159,174,99,26,26,3,3,29,29,29,55,83,0,12,24,36,144,156,186,198,229,241,253,265],"floor_reached":40,"playtime":1723,"items_purged":[],"score":480,"play_id":"7af1558e-e5fd-4ac6-ab3f-ebc51bbe3a50","local_time":"20190408200409","is_ascension_mode":true,"campfire_choices":[{"data":"Defragment","floor":6,"key":"SMITH"},{"floor":12,"key":"REST"},{"floor":15,"key":"REST"},{"data":"Rainbow","floor":23,"key":"SMITH"},{"data":"Consume","floor":25,"key":"SMITH"},{"floor":32,"key":"REST"}],"neow_cost":"NONE","seed_source_timestamp":37728119271624,"circlet_count":0,"master_deck":["Defend_B","Defend_B","Defend_B","Zap+1","Dualcast+1","Hologram","Defragment+1","FTL","Leap","Sweeping Beam","Electrodynamics","Ball Lightning+1","Steam","Conserve Battery","Tempest+1","Leap+1","Chill","Rainbow+1","FTL+1","Core Surge+1","Conserve Battery","Consume+1","Auto Shields","Coolheaded","All For One+1","Parasite","Writhe","Decay","Cold Snap+1","Ball Lightning+1","Secret Technique+1","The Bomb+1"],"relics":["Cracked Core","Matryoshka","Molten Egg 2","Torii","Astrolabe","Pen Nib","MawBank","Bottled Lightning","Calling Bell","Orichalcum","Toxic Egg 2","Thread and Needle"],"potions_floor_usage":[7,13,16,24,33],"damage_taken":[{"damage":4,"enemies":"2 Louse","floor":1,"turns":2},{"damage":0,"enemies":"Cultist","floor":4,"turns":3},{"damage":29,"enemies":"Gremlin Nob","floor":7,"turns":4},{"damage":12,"enemies":"Jaw Worm","floor":10,"turns":2},{"damage":18,"enemies":"Large Slime","floor":11,"turns":4},{"damage":0,"enemies":"Gremlin Gang","floor":13,"turns":1},{"damage":11,"enemies":"The Guardian","floor":16,"turns":10},{"damage":6,"enemies":"Shell Parasite","floor":18,"turns":5},{"damage":8,"enemies":"Book of Stabbing","floor":24,"turns":5},{"damage":0,"enemies":"Spheric Guardian","floor":27,"turns":4},{"damage":23,"enemies":"Snake Plant","floor":28,"turns":4},{"damage":16,"enemies":"Collector","floor":33,"turns":13},{"damage":1,"enemies":"3 Shapes","floor":35,"turns":5},{"damage":0,"enemies":"Orb Walker","floor":37,"turns":4},{"damage":81,"enemies":"Reptomancer","floor":40,"turns":7}],"seed_played":"-3075345048422088065","potions_obtained":[{"floor":4,"key":"EssenceOfSteel"},{"floor":10,"key":"Swift Potion"},{"floor":11,"key":"Explosive Potion"},{"floor":13,"key":"SkillPotion"},{"floor":28,"key":"EssenceOfSteel"},{"floor":33,"key":"Ancient Potion"}],"is_trial":false,"path_per_floor":["M","?","$","M","?","R","E","?","T","M","M","R","M","?","R","B",null,"M","?","$","?","$","R","E","R","T","M","M","?","$","?","R","B",null,"M","?","M","?","?","E"],"character_chosen":"DEFECT","items_purchased":["Defragment","FTL","Rainbow","Conserve Battery"],"campfire_rested":3,"item_purchase_floors":[3,3,20,22],"current_hp_per_floor":[71,71,71,71,71,71,42,42,42,30,12,34,34,34,56,45,75,69,69,69,69,69,69,61,61,61,61,38,38,38,38,60,44,75,74,74,74,69,69,0],"gold":265,"neow_bonus":"UPGRADE_CARD","is_prod":false,"is_daily":false,"chose_seed":false,"campfire_upgraded":3,"win_rate":0,"timestamp":1554746649,"path_taken":["M","?","$","?","?","R","E","?","T","M","?","R","M","?","R","BOSS","M","?","$","?","$","R","E","R","T","M","M","?","?","?","R","BOSS","M","?","M","?","?","E"],"build_version":"2019-01-23","purchased_purges":0,"victory":false,"max_hp_per_floor":[75,75,75,75,75,75,75,75,75,75,75,75,75,75,75,75,75,75,75,75,75,75,75,75,75,75,75,75,75,75,75,75,75,75,75,75,75,75,71,71],"card_choices":[{"not_picked":["Undo","Go for the Eyes"],"picked":"Hologram","floor":1},{"not_picked":["Compile Driver","Redo"],"picked":"Leap","floor":4},{"not_picked":["Aggregate","Streamline"],"picked":"Sweeping Beam","floor":7},{"not_picked":["Turbo","Fusion"],"picked":"Ball Lightning+1","floor":10},{"not_picked":["Hologram","BootSequence"],"picked":"Steam","floor":11},{"not_picked":["Undo","Compile Driver+1"],"picked":"Conserve Battery","floor":13},{"not_picked":["Amplify","Electrodynamics"],"picked":"Hyperbeam+1","floor":16},{"not_picked":["Recycle","Skim"],"picked":"Chill","floor":18},{"not_picked":["Steam","Beam Cell+1"],"picked":"Consume","floor":24},{"not_picked":["Turbo","Consume"],"picked":"Auto Shields","floor":27},{"not_picked":["Redo+1","Blizzard+1"],"picked":"Coolheaded","floor":28},{"not_picked":["Machine Learning","Amplify"],"picked":"All For One+1","floor":33},{"not_picked":["Stack+1","Compile Driver+1"],"picked":"Cold Snap+1","floor":35},{"not_picked":["Scrape+1","Darkness+1"],"picked":"Ball Lightning+1","floor":37},{"not_picked":["Secret Weapon+1","PanicButton+1"],"picked":"Secret Technique+1","floor":38},{"not_picked":["HandOfGreed+1","Panache"],"picked":"The Bomb+1","floor":38}],"player_experience":272959,"relics_obtained":[{"floor":7,"key":"Matryoshka"},{"floor":9,"key":"Molten Egg 2"},{"floor":9,"key":"Torii"},{"floor":24,"key":"Pen Nib"},{"floor":26,"key":"MawBank"},{"floor":26,"key":"Bottled Lightning"},{"floor":34,"key":"Orichalcum"},{"floor":34,"key":"Toxic Egg 2"},{"floor":34,"key":"Thread and Needle"}],"event_choices":[{"damage_healed":0,"gold_gain":0,"player_choice":"Upgraded","damage_taken":0,"max_hp_gain":0,"max_hp_loss":0,"event_name":"Upgrade Shrine","floor":2,"gold_loss":0,"cards_upgraded":["Dualcast"]},{"damage_healed":0,"gold_gain":0,"player_choice":"Leave","damage_taken":0,"max_hp_gain":0,"max_hp_loss":0,"event_name":"The Cleric","floor":5,"gold_loss":0},{"damage_healed":0,"gold_gain":0,"player_choice":"2 cards matched","damage_taken":0,"max_hp_gain":0,"max_hp_loss":0,"event_name":"Match and Keep!","floor":8,"gold_loss":0,"cards_obtained":["Electrodynamics","Shame"]},{"damage_healed":0,"gold_gain":0,"player_choice":"Left Gold","damage_taken":0,"max_hp_gain":0,"max_hp_loss":0,"event_name":"World of Goop","floor":14,"gold_loss":23},{"cards_removed":["Clumsy"],"damage_healed":0,"gold_gain":0,"player_choice":"Gave Gold","damage_taken":0,"max_hp_gain":0,"max_hp_loss":0,"event_name":"Beggar","floor":19,"gold_loss":75},{"damage_healed":0,"gold_gain":0,"cards_transformed":["Strike_B","Strike_B"],"player_choice":"Became Test Subject","damage_taken":0,"max_hp_gain":0,"max_hp_loss":0,"event_name":"Drug Dealer","floor":21,"gold_loss":0,"cards_obtained":["FTL","Core Surge"]},{"damage_healed":0,"gold_gain":0,"player_choice":"Paid Fearfully","damage_taken":0,"max_hp_gain":0,"max_hp_loss":0,"event_name":"Masked Bandits","floor":29,"gold_loss":95},{"cards_removed":["Strike_B"],"damage_healed":0,"gold_gain":0,"player_choice":"Elegance","damage_taken":0,"max_hp_gain":0,"max_hp_loss":0,"event_name":"Back to Basics","floor":31,"gold_loss":0},{"cards_removed":["Defend_B"],"damage_healed":0,"gold_gain":0,"player_choice":"Removed Skill","damage_taken":0,"max_hp_gain":0,"max_hp_loss":0,"event_name":"Falling","floor":36,"gold_loss":0},{"damage_healed":0,"gold_gain":0,"player_choice":"Memory 2","damage_taken":5,"max_hp_gain":0,"max_hp_loss":0,"event_name":"SensoryStone","floor":38,"gold_loss":0},{"damage_healed":0,"gold_gain":0,"player_choice":"Max HP","damage_taken":0,"max_hp_gain":0,"max_hp_loss":4,"event_name":"Winding Halls","floor":39,"gold_loss":0}],"is_beta":false,"boss_relics":[{"not_picked":["White Beast Statue","Runic Pyramid"],"picked":"Astrolabe"},{"not_picked":["Pandora\u0027s Box","Philosopher\u0027s Stone"],"picked":"Calling Bell"}],"items_purged_floors":[],"is_endless":false,"potions_floor_spawned":[4,10,11,13,28,33],"killed_by":"Reptomancer","ascension_level":4}