{"gold_per_floor":[110,110,125,125,144,178,178,204,204,204,216,227,245,259,259,354,404,417,437,456,456,468,494,494,512,512,512,530,530,549,205,205,205],"floor_reached":33,"playtime":1298,"items_purged":[],"score":383,"play_id":"8704bcde-b265-4ccf-97ec-5461929dabc9","local_time":"20190206114454","is_ascension_mode":false,"campfire_choices":[{"data":"Bash","floor":7,"key":"SMITH"},{"data":"Inflame","floor":15,"key":"SMITH"},{"data":"True Grit","floor":24,"key":"SMITH"},{"floor":27,"key":"RECALL"},{"floor":29,"key":"REST"},{"floor":32,"key":"REST"}],"neow_cost":"NONE","seed_source_timestamp":2387397723367439,"circlet_count":0,"master_deck":["Strike_R+1","Strike_R","Strike_R","Strike_R","Strike_R","Defend_R","Defend_R","Defend_R","Defend_R","Bash+1","Headbutt","True Grit+1","Inflame+1","Thunderclap+1","Pommel Strike+1","Perfected Strike+1","Feed+1","Perfected Strike+1","Twin Strike+1","Perfected Strike+1","Pommel Strike+1","Inflame+1","Shrug It Off+1","Perfected Strike+1"],"relics":["Burning Blood","NeowsBlessing","WarpedTongs","Du-Vu Doll","Molten Egg 2","Tiny House","Nloth\u0027s Gift","Frozen Egg 2","FossilizedHelix"],"potions_floor_usage":[8,12,13,23,23,23,25],"damage_taken":[{"damage":0,"enemies":"Cultist","floor":1,"turns":1},{"damage":0,"enemies":"2 Louse","floor":3,"turns":1},{"damage":2,"enemies":"Small Slimes","floor":5,"turns":1},{"damage":36,"enemies":"Lagavulin","floor":6,"turns":7},{"damage":30,"enemies":"3 Sentries","floor":8,"turns":7},{"damage":5,"enemies":"Red Slaver","floor":11,"turns":4},{"damage":5,"enemies":"Lots of Slimes","floor":12,"turns":4},{"damage":0,"enemies":"Gremlin Gang","floor":13,"turns":4},{"damage":0,"enemies":"Large Slime","floor":14,"turns":4},{"damage":0,"enemies":"Slime Boss","floor":16,"turns":7},{"damage":39,"enemies":"2 Thieves","floor":18,"turns":4},{"damage":12,"enemies":"Shell Parasite","floor":19,"turns":2},{"damage":21,"enemies":"3 Cultists","floor":20,"turns":4},{"damage":11,"enemies":"Centurion and Healer","floor":22,"turns":7},{"damage":12,"enemies":"Book of Stabbing","floor":23,"turns":2},{"damage":7,"enemies":"Snake Plant","floor":25,"turns":2},{"damage":12,"enemies":"Shelled Parasite and Fungi","floor":28,"turns":3},{"damage":10,"enemies":"Cultist and Chosen","floor":30,"turns":4},{"damage":83,"enemies":"Collector","floor":33,"turns":7}],"seed_played":"3319246193259810354","potions_obtained":[{"floor":5,"key":"Strength Potion"},{"floor":8,"key":"SteroidPotion"},{"floor":11,"key":"Fire Potion"},{"floor":14,"key":"Ancient Potion"},{"floor":16,"key":"FearPotion"},{"floor":17,"key":"Fire Potion"},{"floor":22,"key":"SkillPotion"},{"floor":23,"key":"Weak Potion"}],"is_trial":false,"path_per_floor":["M","$","M","?","M","E","R","E","T","?","M","M","M","M","R","B",null,"M","M","M","?","M","E","R","M","T","R","M","R","M","$","R","B"],"character_chosen":"IRONCLAD","items_purchased":["Perfected Strike+1","FossilizedHelix"],"campfire_rested":2,"item_purchase_floors":[31,31],"current_hp_per_floor":[80,80,80,80,80,50,50,26,26,26,27,28,34,40,40,46,85,56,50,39,39,38,32,32,31,31,31,25,54,50,50,79,0],"gold":205,"neow_bonus":"THREE_ENEMY_KILL","is_prod":false,"is_daily":false,"chose_seed":false,"campfire_upgraded":3,"win_rate":0,"timestamp":1549482294,"path_taken":["M","?","M","?","?","E","R","E","T","?","M","M","M","M","R","BOSS","M","M","?","?","M","E","R","?","T","R","?","R","M","$","R","BOSS"],"build_version":"2019-01-23","purchased_purges":0,"victory":false,"max_hp_per_floor":[80,80,80,80,80,80,80,80,80,80,80,80,80,80,80,80,85,89,89,93,93,97,97,97,97,97,97,97,97,97,97,97,97],"card_choices":[{"not_picked":["Armaments","Ghostly Armor","Iron Wave"],"picked":"SKIP","floor":1},{"not_picked":["Infernal Blade","Entrench","Clothesline"],"picked":"SKIP","floor":3},{"not_picked":["Whirlwind","Carnage"],"picked":"Headbutt","floor":5},{"not_picked":["Sentinel","Brutality","Twin Strike"],"picked":"SKIP","floor":6},{"not_picked":["Wild Strike","Thunderclap"],"picked":"True Grit","floor":8},{"not_picked":["Feel No Pain","Thunderclap+1"],"picked":"Inflame","floor":11},{"not_picked":["Body Slam+1","Perfected Strike+1"],"picked":"Thunderclap+1","floor":12},{"not_picked":["Evolve","Heavy Blade+1"],"picked":"Pommel Strike+1","floor":13},{"not_picked":["Second Wind","Thunderclap+1"],"picked":"Perfected Strike+1","floor":14},{"not_picked":["Juggernaut","Dark Embrace"],"picked":"Feed+1","floor":16},{"not_picked":["Flex","True Grit"],"picked":"Perfected Strike+1","floor":17},{"not_picked":["Corruption+1","Wild Strike+1"],"picked":"Twin Strike+1","floor":18},{"not_picked":["Sword Boomerang+1","Seeing Red+1","Evolve"],"picked":"SKIP","floor":19},{"not_picked":["Thunderclap+1","Twin Strike+1"],"picked":"Perfected Strike+1","floor":20},{"not_picked":["Cleave+1","Wild Strike+1","Flex"],"picked":"SKIP","floor":22},{"not_picked":["Limit Break","Anger+1"],"picked":"Pommel Strike+1","floor":23},{"not_picked":["Cleave+1","Hemokinesis+1"],"picked":"Inflame+1","floor":25},{"not_picked":["Hemokinesis+1","Evolve+1"],"picked":"Shrug It Off+1","floor":28},{"not_picked":["True Grit","Shrug It Off","Spot Weakness"],"picked":"SKIP","floor":30}],"player_experience":416023,"relics_obtained":[{"floor":6,"key":"Du-Vu Doll"},{"floor":8,"key":"Molten Egg 2"},{"floor":9,"key":"The Courier"},{"floor":23,"key":"Frozen Egg 2"}],"event_choices":[{"damage_healed":0,"gold_gain":0,"player_choice":"Rummage","damage_taken":0,"relics_obtained":["WarpedTongs"],"max_hp_gain":0,"max_hp_loss":0,"event_name":"Accursed Blacksmith","floor":4,"gold_loss":0,"cards_obtained":["Pain"]},{"cards_removed":["Pain"],"damage_healed":0,"gold_gain":0,"player_choice":"Card Removal","damage_taken":0,"max_hp_gain":0,"max_hp_loss":0,"event_name":"Wheel of Change","floor":10,"gold_loss":0},{"damage_healed":0,"gold_gain":0,"player_choice":"Traded Relic","damage_taken":0,"relics_obtained":["Nloth\u0027s Gift"],"max_hp_gain":0,"max_hp_loss":0,"event_name":"N\u0027loth","floor":21,"relics_lost":["The Courier"],"gold_loss":0}],"is_beta":false,"boss_relics":[{"not_picked":["Runic Dome","Empty Cage"],"picked":"Tiny House"}],"items_purged_floors":[],"is_endless":false,"potions_floor_spawned":[5,8,11,14,16,18,22,23],"killed_by":"Collector","ascension_level":0}