{"gold_per_floor":[117,117,137,198,209,209,271,271,271,16,43,18,35,53,53,153,153,166,315,325,375,390,390,390],"floor_reached":24,"playtime":4173,"items_purged":["Strike_R"],"score":240,"play_id":"65474d07-25ff-49f7-9cda-dc2e08b03e6b","local_time":"20190426075709","is_ascension_mode":true,"campfire_choices":[{"data":"Flame Barrier","floor":6,"key":"SMITH"},{"data":"True Grit","floor":8,"key":"SMITH"},{"floor":15,"key":"DIG"},{"floor":23,"key":"DIG"}],"neow_cost":"NONE","seed_source_timestamp":1378831986279800,"circlet_count":0,"master_deck":["Strike_R","Strike_R","Strike_R","Strike_R","Defend_R","Defend_R","Defend_R","Defend_R","Bash","Corruption","Flame Barrier+1","True Grit+1","Inflame","Uppercut","Disarm","Dual Wield","Demon Form","J.A.X."],"relics":["Burning Blood","NeowsBlessing","SsserpentHead","Gambling Chip","Vajra","Shovel","Peace Pipe","Busted Crown","Pear"],"potions_floor_usage":[16,16,16,24],"damage_taken":[{"damage":0,"enemies":"Cultist","floor":1,"turns":1},{"damage":0,"enemies":"Small Slimes","floor":3,"turns":1},{"damage":0,"enemies":"2 Louse","floor":4,"turns":1},{"damage":21,"enemies":"Large Slime","floor":5,"turns":9},{"damage":5,"enemies":"Red Slaver","floor":7,"turns":6},{"damage":29,"enemies":"Lagavulin","floor":11,"turns":8},{"damage":15,"enemies":"Gremlin Gang","floor":13,"turns":8},{"damage":22,"enemies":"Large Slime","floor":14,"turns":9},{"damage":6,"enemies":"The Guardian","floor":16,"turns":14},{"damage":2,"enemies":"Chosen","floor":18,"turns":5},{"damage":16,"enemies":"Spheric Guardian","floor":20,"turns":5},{"damage":20,"enemies":"Snecko","floor":22,"turns":6},{"damage":68,"enemies":"Slavers","floor":24,"turns":5}],"seed_played":"2171157724532231814","potions_obtained":[{"floor":1,"key":"Dexterity Potion"},{"floor":4,"key":"GamblersBrew"},{"floor":5,"key":"Dexterity Potion"},{"floor":11,"key":"AttackPotion"},{"floor":22,"key":"LiquidBronze"}],"is_trial":false,"path_per_floor":["M","?","M","M","M","R","M","R","T","$","E","$","M","M","R","B",null,"M","?","M","?","M","R","E"],"character_chosen":"IRONCLAD","items_purchased":["Vajra","Inflame","Uppercut"],"campfire_rested":0,"item_purchase_floors":[10,10,10],"current_hp_per_floor":[80,80,80,80,65,65,66,66,66,66,43,43,34,18,18,18,80,80,80,70,70,56,66,0],"gold":390,"neow_bonus":"THREE_ENEMY_KILL","is_prod":false,"is_daily":false,"chose_seed":false,"campfire_upgraded":2,"win_rate":0,"timestamp":1556258229,"path_taken":["M","?","M","?","M","R","?","R","T","$","E","?","M","M","R","BOSS","M","?","M","?","M","R","E"],"build_version":"2019-01-23","purchased_purges":1,"victory":false,"max_hp_per_floor":[80,80,80,80,80,80,80,80,80,80,80,80,80,80,80,80,80,80,80,80,80,80,90,90],"card_choices":[{"not_picked":["Thunderclap","Clothesline"],"picked":"Corruption","floor":1},{"not_picked":["Ghostly Armor","Blood for Blood"],"picked":"Flame Barrier","floor":3},{"not_picked":["Havoc","Sword Boomerang"],"picked":"True Grit","floor":4},{"not_picked":["Twin Strike","Blood for Blood","Perfected Strike"],"picked":"SKIP","floor":5},{"not_picked":["Carnage","Blood for Blood","Wild Strike"],"picked":"SKIP","floor":7},{"not_picked":["Headbutt","Warcry","Clothesline"],"picked":"SKIP","floor":11},{"not_picked":["Armaments","Thunderclap"],"picked":"Disarm","floor":13},{"not_picked":["Iron Wave","Body Slam"],"picked":"Dual Wield","floor":14},{"not_picked":["Brutality","Exhume"],"picked":"Demon Form","floor":16},{"not_picked":["Body Slam"],"picked":"SKIP","floor":18},{"not_picked":["Armaments"],"picked":"SKIP","floor":20},{"not_picked":["Anger"],"picked":"SKIP","floor":22}],"player_experience":712648,"relics_obtained":[{"floor":9,"key":"Gambling Chip"},{"floor":11,"key":"Shovel"},{"floor":15,"key":"Peace Pipe"},{"floor":23,"key":"Pear"}],"event_choices":[{"damage_healed":0,"gold_gain":0,"player_choice":"Trade","damage_taken":0,"relics_obtained":["SsserpentHead"],"max_hp_gain":0,"max_hp_loss":0,"event_name":"FaceTrader","floor":2,"gold_loss":0},{"damage_healed":0,"gold_gain":99,"player_choice":"Stole From Cult","damage_taken":0,"max_hp_gain":0,"max_hp_loss":0,"event_name":"Nest","floor":19,"gold_loss":0},{"damage_healed":0,"gold_gain":0,"player_choice":"Obtain J.A.X.","damage_taken":0,"max_hp_gain":0,"max_hp_loss":0,"event_name":"Drug Dealer","floor":21,"gold_loss":0,"cards_obtained":["J.A.X."]}],"is_beta":false,"boss_relics":[{"not_picked":["Black Star","Tiny House"],"picked":"Busted Crown"}],"items_purged_floors":[12],"is_endless":false,"potions_floor_spawned":[1,4,5,11,22],"killed_by":"Slavers","ascension_level":4}