{"gold_per_floor":[113,124,199,10,23,23,198,225,249,274,32,92,103,103,103,103],"floor_reached":16,"playtime":955,"items_purged":["Writhe"],"score":201,"play_id":"330a5a0a-57d2-484d-807d-582e183dc984","local_time":"20190311203240","is_ascension_mode":true,"campfire_choices":[{"data":"Inflame","floor":6,"key":"SMITH"},{"floor":15,"key":"REST"}],"neow_cost":"CURSE","seed_source_timestamp":7472427217425,"circlet_count":0,"master_deck":["AscendersBane","Strike_R","Strike_R","Strike_R","Strike_R","Strike_R","Defend_R","Defend_R","Defend_R","Defend_R","Bash","Whirlwind","Inflame+1","Flame Barrier","Clothesline","Doubt","Shrug It Off","Limit Break"],"relics":["Burning Blood","Potion Belt","Omamori","Bottled Lightning","Shuriken","Tiny Chest"],"potions_floor_usage":[8,12,16],"damage_taken":[{"damage":1,"enemies":"Cultist","floor":1,"turns":4},{"damage":11,"enemies":"Small Slimes","floor":2,"turns":4},{"damage":8,"enemies":"Jaw Worm","floor":5,"turns":5},{"damage":28,"enemies":"Gremlin Nob","floor":8,"turns":4},{"damage":30,"enemies":"3 Sentries","floor":10,"turns":5},{"damage":18,"enemies":"Gremlin Nob","floor":12,"turns":4},{"damage":1,"enemies":"Large Slime","floor":13,"turns":8},{"damage":42,"enemies":"Hexaghost","floor":16,"turns":9}],"seed_played":"-6309249782189306324","potions_obtained":[{"floor":5,"key":"Strength Potion"},{"floor":8,"key":"SpeedPotion"},{"floor":10,"key":"Poison Potion"},{"floor":12,"key":"SkillPotion"}],"is_trial":false,"path_per_floor":["M","M","?","$","M","R","?","E","T","E","$","E","M","?","R","B"],"character_chosen":"IRONCLAD","items_purchased":["Inflame","Flame Barrier","Shuriken"],"campfire_rested":1,"item_purchase_floors":[4,4,11],"current_hp_per_floor":[87,82,71,71,69,69,69,47,47,23,23,11,16,16,42,0],"gold":103,"neow_bonus":"TWENTY_PERCENT_HP_BONUS","is_prod":false,"is_daily":false,"chose_seed":false,"campfire_upgraded":1,"win_rate":0,"timestamp":1552336360,"path_taken":["M","M","?","$","M","R","?","E","T","E","$","E","?","?","R","BOSS"],"build_version":"2019-01-23","purchased_purges":1,"victory":false,"max_hp_per_floor":[89,89,89,89,89,89,89,89,89,89,89,89,89,89,89,89],"card_choices":[{"not_picked":["Perfected Strike","Rage","Second Wind"],"picked":"SKIP","floor":1},{"not_picked":["Intimidate","Infernal Blade"],"picked":"Whirlwind","floor":2},{"not_picked":["Uppercut","Metallicize","Clothesline"],"picked":"SKIP","floor":5},{"not_picked":["Uppercut","Metallicize"],"picked":"Clothesline","floor":5},{"not_picked":["Flex","Entrench","Clash"],"picked":"SKIP","floor":8},{"not_picked":["Anger","Iron Wave","Heavy Blade"],"picked":"SKIP","floor":10},{"not_picked":["Havoc","Clash"],"picked":"Shrug It Off","floor":12},{"not_picked":["Wild Strike","Body Slam"],"picked":"Limit Break","floor":13}],"player_experience":1549880,"relics_obtained":[{"floor":8,"key":"Potion Belt"},{"floor":9,"key":"Omamori"},{"floor":10,"key":"Bottled Lightning"},{"floor":12,"key":"Tiny Chest"}],"event_choices":[{"damage_healed":0,"gold_gain":75,"player_choice":"Gather Gold","damage_taken":11,"max_hp_gain":0,"max_hp_loss":0,"event_name":"World of Goop","floor":3,"gold_loss":0},{"damage_healed":0,"gold_gain":175,"player_choice":"AGREE","damage_taken":0,"max_hp_gain":0,"max_hp_loss":0,"event_name":"Liars Game","floor":7,"gold_loss":0,"cards_obtained":["Doubt"]},{"damage_healed":0,"gold_gain":0,"player_choice":"Searched \u00271\u0027 times","damage_taken":0,"max_hp_gain":0,"max_hp_loss":0,"event_name":"Dead Adventurer","floor":14,"gold_loss":0}],"is_beta":false,"boss_relics":[],"items_purged_floors":[4],"is_endless":false,"potions_floor_spawned":[5,8,10,12],"killed_by":"Hexaghost","ascension_level":14}