{"gold_per_floor":[119,129,129,144,161,161,180,510,558,558,558,558,592,607,607,709,709,728,641,226,240,160,160,191,191,214,231,231,241,253,263,263,363,363,374,389,389,402,422,422,440,440,440,451,451,463,30,63,63,63],"floor_reached":51,"playtime":3589,"items_purged":["Strike_R","Strike_R","Strike_R"],"score":788,"play_id":"cb0a5d9d-d8ef-4a33-bb30-9fe3b3c42f6a","local_time":"20190124153735","is_ascension_mode":false,"campfire_choices":[{"data":"Bash","floor":6,"key":"SMITH"},{"data":"Searing Blow","floor":10,"key":"SMITH"},{"data":"Searing Blow+1","floor":12,"key":"SMITH"},{"data":"Searing Blow+2","floor":15,"key":"SMITH"},{"data":"Searing Blow+3","floor":23,"key":"SMITH"},{"data":"Searing Blow+4","floor":25,"key":"SMITH"},{"data":"Searing Blow+5","floor":28,"key":"SMITH"},{"data":"Searing Blow+6","floor":32,"key":"SMITH"},{"data":"Enlightenment","floor":40,"key":"SMITH"},{"data":"Searing Blow+7","floor":42,"key":"SMITH"},{"data":"Searing Blow+8","floor":45,"key":"SMITH"},{"data":"Beam Cell","floor":49,"key":"SMITH"}],"neow_cost":"NONE","seed_source_timestamp":1275841414348150,"circlet_count":0,"master_deck":["Defend_R","Defend_R","Defend_R","Defend_R","Bash+1","Iron Wave","Shrug It Off","Searing Blow+9","Clothesline","Spot Weakness","Beam Cell+1","True Grit+1","Cloak And Dagger+1","Enlightenment+1","Metallicize+1","Conserve Battery","Searing Blow+9","Metallicize","After Image"],"relics":["Burning Blood","Bag of Preparation","Old Coin","PreservedInsect","The Courier","Runic Pyramid","Anchor","Singing Bowl","PrismaticShard","Lantern","Dream Catcher","Eternal Feather","Mercury Hourglass","DollysMirror","Art of War","Magic Flower"],"potions_floor_usage":[5,16,31,50,50],"damage_taken":[{"damage":0,"enemies":"Small Slimes","floor":1,"turns":3},{"damage":6,"enemies":"Cultist","floor":2,"turns":3},{"damage":0,"enemies":"2 Louse","floor":4,"turns":2},{"damage":0,"enemies":"Gremlin Gang","floor":5,"turns":4},{"damage":8,"enemies":"Looter","floor":7,"turns":3},{"damage":24,"enemies":"Gremlin Nob","floor":8,"turns":5},{"damage":26,"enemies":"Lagavulin","floor":13,"turns":5},{"damage":5,"enemies":"Lots of Slimes","floor":14,"turns":6},{"damage":35,"enemies":"Hexaghost","floor":16,"turns":11},{"damage":7,"enemies":"Chosen","floor":18,"turns":4},{"damage":15,"enemies":"Shell Parasite","floor":21,"turns":7},{"damage":17,"enemies":"Book of Stabbing","floor":24,"turns":4},{"damage":14,"enemies":"Sentry and Sphere","floor":27,"turns":5},{"damage":0,"enemies":"Centurion and Healer","floor":29,"turns":3},{"damage":0,"enemies":"Snake Plant","floor":30,"turns":1},{"damage":11,"enemies":"Snecko","floor":31,"turns":3},{"damage":50,"enemies":"Automaton","floor":33,"turns":10},{"damage":0,"enemies":"Orb Walker","floor":35,"turns":2},{"damage":0,"enemies":"3 Shapes","floor":36,"turns":5},{"damage":12,"enemies":"Sphere and 2 Shapes","floor":38,"turns":5},{"damage":21,"enemies":"Writhing Mass","floor":39,"turns":6},{"damage":0,"enemies":"Spire Growth","floor":41,"turns":4},{"damage":15,"enemies":"Jaw Worm Horde","floor":44,"turns":5},{"damage":1,"enemies":"Maw","floor":46,"turns":6},{"damage":0,"enemies":"Nemesis","floor":48,"turns":1},{"damage":13,"enemies":"Time Eater","floor":50,"turns":8}],"seed_played":"7154717089219069368","potions_obtained":[{"floor":4,"key":"Explosive Potion"},{"floor":8,"key":"Dexterity Potion"},{"floor":13,"key":"Strength Potion"},{"floor":14,"key":"BloodPotion"},{"floor":18,"key":"Regen Potion"},{"floor":33,"key":"Explosive Potion"}],"is_trial":false,"path_per_floor":["M","M","?","M","M","R","M","E","T","R","?","R","E","M","R","B",null,"M","?","$","M","$","R","E","R","T","M","R","M","M","M","R","B",null,"M","M","?","M","M","R","M","R","T","M","R","M","$","E","R","B",null],"character_chosen":"IRONCLAD","items_purchased":["Singing Bowl","PrismaticShard","DollysMirror","Art of War","Metallicize"],"campfire_rested":0,"item_purchase_floors":[20,20,47,47,47],"current_hp_per_floor":[80,80,80,80,80,80,78,60,60,60,60,60,40,41,41,12,80,79,79,79,72,72,72,63,63,63,57,57,63,69,72,72,30,88,88,88,88,84,71,80,86,92,92,85,94,96,96,96,96,96],"gold":63,"neow_bonus":"RANDOM_COMMON_RELIC","is_prod":false,"is_daily":false,"chose_seed":false,"campfire_upgraded":12,"win_rate":0,"timestamp":1548373055,"path_taken":["M","M","?","?","M","R","M","E","T","R","?","R","E","?","R","BOSS","M","?","$","?","?","R","E","R","T","M","R","M","M","M","R","BOSS","M","M","?","M","M","R","M","R","T","M","R","M","$","E","R","BOSS"],"build_version":"2019-01-10","purchased_purges":3,"victory":true,"max_hp_per_floor":[80,80,80,80,80,80,80,80,80,80,80,80,80,80,80,80,80,80,80,80,82,82,82,84,84,84,86,86,86,86,86,86,88,88,88,88,88,90,92,92,92,92,92,94,94,96,96,96,96,96],"card_choices":[{"not_picked":["Clash","Fire Breathing"],"picked":"True Grit","floor":1},{"not_picked":["Iron Wave","Perfected Strike","Power Through"],"picked":"SKIP","floor":2},{"not_picked":["Blood for Blood","Second Wind"],"picked":"Shrug It Off","floor":4},{"not_picked":["Heavy Blade","Sever Soul","Perfected Strike"],"picked":"SKIP","floor":5},{"not_picked":["Dropkick","Metallicize"],"picked":"Searing Blow","floor":7},{"not_picked":["Sentinel","Clash","Seeing Red"],"picked":"SKIP","floor":8},{"not_picked":["Heavy Blade","Second Wind","Shrug It Off"],"picked":"SKIP","floor":13},{"not_picked":["Fiend Fire","Warcry"],"picked":"Spot Weakness","floor":14},{"not_picked":["Flex","Thunderclap","Anger+1"],"picked":"SKIP","floor":18},{"not_picked":["Unload","Turbo","Endless Agony"],"picked":"Singing Bowl","floor":21},{"not_picked":["Reprogram","Dark Embrace","Catalyst+1"],"picked":"Singing Bowl","floor":24},{"not_picked":["Bouncing Flask","Combust","Skim+1"],"picked":"Singing Bowl","floor":27},{"not_picked":["Turbo","Flame Barrier"],"picked":"Beam Cell","floor":29},{"not_picked":["Bouncing Flask","Backflip"],"picked":"True Grit+1","floor":30},{"not_picked":["Redo+1","Cloak And Dagger"],"picked":"Cloak And Dagger+1","floor":31},{"not_picked":["Corpse Explosion","Violence","Fission"],"picked":"Singing Bowl","floor":33},{"not_picked":["Seeing Red+1","Anger+1"],"picked":"Enlightenment","floor":35},{"not_picked":["Underhanded Strike","Sucker Punch"],"picked":"Metallicize+1","floor":36},{"not_picked":["Defragment+1","Combust","Barrage"],"picked":"Singing Bowl","floor":38},{"not_picked":["Perfected Strike+1","Setup","Setup+1"],"picked":"Singing Bowl","floor":39},{"not_picked":["Go for the Eyes+1","Rebound"],"picked":"Conserve Battery","floor":41},{"not_picked":["Cleave","Cleave","Rebound+1"],"picked":"Singing Bowl","floor":44},{"not_picked":["Backflip","Coolheaded","The Bomb"],"picked":"Singing Bowl","floor":46},{"not_picked":["Warcry+1","Thunderclap"],"picked":"After Image","floor":48}],"player_experience":360712,"relics_obtained":[{"floor":8,"key":"Old Coin"},{"floor":9,"key":"PreservedInsect"},{"floor":13,"key":"The Courier"},{"floor":24,"key":"Lantern"},{"floor":26,"key":"Dream Catcher"},{"floor":43,"key":"Mercury Hourglass"},{"floor":48,"key":"Magic Flower"}],"event_choices":[{"cards_removed":["Strike_R"],"damage_healed":0,"gold_gain":0,"player_choice":"Took Card","damage_taken":0,"max_hp_gain":0,"max_hp_loss":0,"event_name":"NoteForYourself","floor":3,"gold_loss":0,"cards_obtained":["Iron Wave"]},{"damage_healed":0,"gold_gain":0,"cards_transformed":["Strike_R"],"player_choice":"Transformed","damage_taken":0,"max_hp_gain":0,"max_hp_loss":0,"event_name":"Transmorgrifier","floor":11,"gold_loss":0,"cards_obtained":["Clothesline"]},{"damage_healed":0,"gold_gain":0,"player_choice":"Paid Gold","damage_taken":0,"relics_obtained":["Anchor"],"max_hp_gain":0,"max_hp_loss":0,"event_name":"WeMeetAgain","floor":19,"gold_loss":87},{"cards_removed":["True Grit"],"damage_healed":0,"gold_gain":0,"player_choice":"Removed Skill","damage_taken":0,"max_hp_gain":0,"max_hp_loss":0,"event_name":"Falling","floor":37,"gold_loss":0}],"is_beta":false,"boss_relics":[{"not_picked":["Fusion Hammer","Calling Bell"],"picked":"Runic Pyramid"},{"not_picked":["Runic Cube","Snecko Eye"],"picked":"Eternal Feather"}],"items_purged_floors":[20,22,47],"is_endless":false,"potions_floor_spawned":[4,8,13,14,18,21,27,33,41,44,48],"ascension_level":0}