{"gold_per_floor":[112,112,8,8,23,23,54,54,81,98,112,112,112,112,112,242,242,266,266,260,1,1,32,32,46,70,70,160,494,494,514,514,642,642,662,509,530,490,490],"floor_reached":39,"playtime":1159,"items_purged":["Strike_R","Strike_R","Defend_R"],"score":415,"play_id":"f95c0709-73e0-4a0a-9e2d-5de5f5d662c5","local_time":"20181025194230","is_ascension_mode":false,"campfire_choices":[{"data":"Corruption","floor":6,"key":"SMITH"},{"data":"Bash","floor":8,"key":"SMITH"},{"data":"Clash","floor":13,"key":"SMITH"},{"data":"Clash","floor":15,"key":"SMITH"},{"floor":24,"key":"REST"},{"floor":27,"key":"REST"},{"floor":30,"key":"REST"},{"floor":32,"key":"REST"}],"neow_cost":"NONE","seed_source_timestamp":185981204765153,"circlet_count":0,"master_deck":["Strike_R","Strike_R+1","Defend_R+1","Defend_R","Defend_R","Bash+1","Corruption+1","Clash+1","Clash+1","Demon Form","Clash","Armaments+1","Dual Wield"],"relics":["Burning Blood","Smiling Mask","Bronze Scales","Strawberry","Torii","Golden Idol","Busted Crown","Membership Card","Kunai","Bag of Marbles","Art of War","Old Coin","Empty Cage","Sling"],"potions_floor_usage":[16,29,33,33],"damage_taken":[{"damage":5,"enemies":"Small Slimes","floor":1,"turns":3},{"damage":6,"enemies":"Jaw Worm","floor":5,"turns":3},{"damage":22,"enemies":"Gremlin Nob","floor":7,"turns":4},{"damage":0,"enemies":"2 Louse","floor":10,"turns":2},{"damage":7,"enemies":"Large Slime","floor":11,"turns":4},{"damage":29,"enemies":"Slime Boss","floor":16,"turns":9},{"damage":12,"enemies":"Spheric Guardian","floor":18,"turns":4},{"damage":11,"enemies":"2 Thieves","floor":20,"turns":4},{"damage":68,"enemies":"Book of Stabbing","floor":23,"turns":5},{"damage":1,"enemies":"Centurion and Healer","floor":25,"turns":4},{"damage":14,"enemies":"Gremlin Leader","floor":29,"turns":6},{"damage":15,"enemies":"Snake Plant","floor":31,"turns":3},{"damage":17,"enemies":"Champ","floor":33,"turns":10},{"damage":37,"enemies":"3 Shapes","floor":35,"turns":12},{"damage":26,"enemies":"Orb Walker","floor":37,"turns":4}],"seed_played":"-8470244076035570471","potions_obtained":[{"floor":5,"key":"Ancient Potion"},{"floor":11,"key":"Block Potion"},{"floor":25,"key":"Weak Potion"},{"floor":31,"key":"EssenceOfSteel"},{"floor":38,"key":"EssenceOfSteel"},{"floor":38,"key":"GamblersBrew"},{"floor":38,"key":"Weak Potion"}],"is_trial":false,"path_per_floor":["M","?","$","?","M","R","E","R","T","M","M","?","R","?","R","B",null,"M","?","M","$","T","E","R","M","T","R","?","E","R","M","R","B",null,"M","$","M","?"],"character_chosen":"IRONCLAD","items_purchased":["Clash","Membership Card","Sling"],"campfire_rested":4,"item_purchase_floors":[3,21,36],"current_hp_per_floor":[80,64,64,69,69,69,53,53,60,66,65,65,65,42,42,19,92,86,86,81,81,81,19,46,51,51,78,51,43,70,61,88,77,92,61,61,41,41,0],"gold":490,"neow_bonus":"RANDOM_COMMON_RELIC","is_prod":false,"is_daily":false,"chose_seed":false,"campfire_upgraded":4,"win_rate":0,"timestamp":1540521750,"path_taken":["M","?","$","?","M","R","E","R","T","M","M","?","R","?","R","BOSS","M","?","?","$","?","E","R","M","T","R","?","E","R","M","R","BOSS","M","$","?","?","M"],"build_version":"2018-10-25","purchased_purges":3,"victory":false,"max_hp_per_floor":[80,80,80,85,85,85,85,85,92,92,92,92,92,92,92,92,92,92,92,92,92,92,92,92,92,92,92,92,92,92,92,92,92,92,92,92,92,92,92],"card_choices":[{"not_picked":["Heavy Blade","Anger"],"picked":"Corruption","floor":1},{"not_picked":["Pummel","Dual Wield"],"picked":"Clash","floor":5},{"not_picked":["Searing Blow","Blood for Blood","Sword Boomerang"],"picked":"SKIP","floor":7},{"not_picked":["Body Slam","Clothesline","Heavy Blade"],"picked":"SKIP","floor":10},{"not_picked":["Wild Strike","Anger","Fire Breathing"],"picked":"SKIP","floor":11},{"not_picked":["Berserk","Barricade"],"picked":"Demon Form","floor":16},{"not_picked":[],"picked":"Clash","floor":18},{"not_picked":[],"picked":"Armaments+1","floor":20},{"not_picked":["Headbutt"],"picked":"SKIP","floor":23},{"not_picked":["Clothesline+1"],"picked":"SKIP","floor":25},{"not_picked":["Warcry"],"picked":"SKIP","floor":29},{"not_picked":["Inflame"],"picked":"SKIP","floor":31},{"not_picked":["Havoc"],"picked":"SKIP","floor":35},{"not_picked":[],"picked":"Dual Wield","floor":37}],"player_experience":316964,"relics_obtained":[{"floor":7,"key":"Bronze Scales"},{"floor":9,"key":"Strawberry"},{"floor":22,"key":"Kunai"},{"floor":23,"key":"Bag of Marbles"},{"floor":26,"key":"Art of War"},{"floor":29,"key":"Old Coin"}],"event_choices":[{"damage_healed":0,"gold_gain":0,"player_choice":"Entered Light","damage_taken":16,"max_hp_gain":0,"max_hp_loss":0,"event_name":"Shining Light","floor":2,"gold_loss":0,"cards_upgraded":["Defend_R","Strike_R"]},{"damage_healed":0,"gold_gain":0,"player_choice":"Donut","damage_taken":0,"max_hp_gain":5,"max_hp_loss":0,"event_name":"Big Fish","floor":4,"gold_loss":0},{"damage_healed":0,"gold_gain":30,"player_choice":"Searched \u00273\u0027 times","damage_taken":0,"relics_obtained":["Torii"],"max_hp_gain":0,"max_hp_loss":0,"event_name":"Dead Adventurer","floor":12,"gold_loss":0},{"damage_healed":0,"gold_gain":0,"player_choice":"Take Damage","damage_taken":23,"relics_obtained":["Golden Idol"],"max_hp_gain":0,"max_hp_loss":0,"event_name":"Golden Idol","floor":14,"gold_loss":0},{"damage_healed":0,"gold_gain":0,"player_choice":"Ignored","damage_taken":0,"max_hp_gain":0,"max_hp_loss":0,"event_name":"Vampires","floor":19,"gold_loss":0},{"damage_healed":0,"gold_gain":90,"player_choice":"GOLD CARD ","damage_taken":27,"max_hp_gain":0,"max_hp_loss":0,"event_name":"Knowing Skull","floor":28,"potions_obtained":[],"gold_loss":0,"cards_obtained":["Forethought"]},{"damage_healed":0,"gold_gain":0,"player_choice":"Bought 3 Potions","damage_taken":0,"max_hp_gain":0,"max_hp_loss":0,"event_name":"The Woman in Blue","floor":38,"gold_loss":0}],"is_beta":false,"boss_relics":[{"not_picked":["Pandora\u0027s Box","Runic Pyramid"],"picked":"Busted Crown"},{"not_picked":["Velvet Choker","Snecko Eye"],"picked":"Empty Cage"}],"items_purged_floors":[3,21,36],"is_endless":false,"potions_floor_spawned":[5,11,25,31],"killed_by":"4 Shapes","ascension_level":0}