{"gold_per_floor":[14,26,36,36,53,53,86,105,105,105,124,143,143,170,170,275,275,258,7,7,107,107,107,25,25,25,43,56,56,56,0,0,101,101,114,114,130,148,148],"floor_reached":39,"playtime":2466,"items_purged":[],"score":475,"play_id":"44b25a58-6077-40cf-8189-4a5396fc0b08","local_time":"20190321111423","is_ascension_mode":true,"campfire_choices":[{"data":"Bash","floor":6,"key":"SMITH"},{"data":"Metallicize","floor":10,"key":"SMITH"},{"floor":13,"key":"REST"},{"data":"Feel No Pain","floor":15,"key":"SMITH"},{"data":"Uppercut","floor":23,"key":"SMITH"},{"floor":29,"key":"REST"},{"floor":32,"key":"REST"}],"neow_cost":"NO_GOLD","seed_source_timestamp":130321883811228,"circlet_count":0,"master_deck":["Strike_R","Strike_R","Strike_R","Strike_R","Defend_R","Defend_R","Defend_R","Defend_R","Bash+1","Iron Wave","Twin Strike","Feel No Pain+1","Armaments","Reckless Charge","Metallicize+1","Ghostly Armor+1","Rampage+1","Havoc+1","Limit Break+1","Clothesline","Master of Strategy+1","Uppercut+1","Sword Boomerang","Metallicize","Whirlwind","Second Wind+1","Fiend Fire","Warcry+1","Madness+1","Madness+1","Shockwave+1","Headbutt"],"relics":["Burning Blood","Shuriken","Toxic Egg 2","Matryoshka","Lizard Tail","Thread and Needle","Question Card","Omamori","Pear","Juzu Bracelet","Kunai","Mark of Pain"],"potions_floor_usage":[11,12,21,21,21,28,33],"damage_taken":[{"damage":10,"enemies":"Cultist","floor":1,"turns":5},{"damage":14,"enemies":"Jaw Worm","floor":2,"turns":5},{"damage":10,"enemies":"Small Slimes","floor":3,"turns":3},{"damage":11,"enemies":"Blue Slaver","floor":5,"turns":3},{"damage":24,"enemies":"3 Sentries","floor":7,"turns":13},{"damage":6,"enemies":"Looter","floor":8,"turns":3},{"damage":6,"enemies":"Lots of Slimes","floor":11,"turns":5},{"damage":8,"enemies":"Exordium Wildlife","floor":12,"turns":4},{"damage":25,"enemies":"Gremlin Nob","floor":14,"turns":4},{"damage":27,"enemies":"Slime Boss","floor":16,"turns":10},{"damage":18,"enemies":"2 Thieves","floor":18,"turns":4},{"damage":45,"enemies":"Colosseum Slavers","floor":21,"turns":8},{"damage":11,"enemies":"Colosseum Nobs","floor":21,"turns":6},{"damage":26,"enemies":"3 Byrds","floor":27,"turns":9},{"damage":13,"enemies":"3 Cultists","floor":28,"turns":5},{"damage":113,"enemies":"Automaton","floor":33,"turns":15},{"damage":51,"enemies":"3 Darklings","floor":35,"turns":8},{"damage":15,"enemies":"Orb Walker","floor":37,"turns":5},{"damage":29,"enemies":"Spire Growth","floor":38,"turns":7},{"damage":37,"enemies":"Transient","floor":39,"turns":3}],"seed_played":"6089035790336204095","potions_obtained":[{"floor":2,"key":"AttackPotion"},{"floor":7,"key":"Explosive Potion"},{"floor":8,"key":"GamblersBrew"},{"floor":11,"key":"LiquidBronze"},{"floor":14,"key":"Fire Potion"},{"floor":18,"key":"EssenceOfSteel"},{"floor":28,"key":"Weak Potion"}],"is_trial":false,"path_per_floor":["M","M","M","?","M","R","E","M","T","R","M","M","R","E","R","B",null,"M","$","?","?","?","R","$","?","T","M","M","R","T","?","R","B",null,"M","?","M","M","M"],"character_chosen":"IRONCLAD","items_purchased":["Master of Strategy+1","Uppercut","Metallicize","SteroidPotion"],"campfire_rested":3,"item_purchase_floors":[19,19,24,24],"current_hp_per_floor":[92,84,80,80,75,75,57,57,57,57,57,55,83,64,64,43,96,84,84,84,40,40,40,40,40,50,30,23,54,54,54,85,40,106,61,48,39,16,0],"gold":148,"neow_bonus":"TWENTY_PERCENT_HP_BONUS","is_prod":false,"is_daily":false,"chose_seed":false,"campfire_upgraded":4,"win_rate":0,"timestamp":1553188463,"path_taken":["M","M","?","?","M","R","E","M","T","R","?","M","R","E","R","BOSS","M","$","?","?","?","R","$","?","T","M","?","R","?","?","R","BOSS","M","?","M","M","M"],"build_version":"2019-01-23","purchased_purges":0,"victory":false,"max_hp_per_floor":[96,96,96,96,96,96,96,96,96,96,96,96,96,96,96,96,96,96,96,96,96,96,96,96,96,106,106,106,106,106,106,106,106,106,106,106,106,106,106],"card_choices":[{"not_picked":["Headbutt","Flex"],"picked":"Iron Wave","floor":1},{"not_picked":["Clash","Cleave"],"picked":"Twin Strike","floor":2},{"not_picked":["Twin Strike","Body Slam"],"picked":"Feel No Pain","floor":3},{"not_picked":["Sword Boomerang","Clash"],"picked":"Armaments","floor":5},{"not_picked":["Wild Strike","Twin Strike"],"picked":"Reckless Charge","floor":7},{"not_picked":["Twin Strike","Clothesline"],"picked":"Metallicize","floor":8},{"not_picked":["Heavy Blade","Thunderclap"],"picked":"Ghostly Armor+1","floor":11},{"not_picked":["Pommel Strike","Warcry+1"],"picked":"Rampage","floor":12},{"not_picked":["Clothesline","Burning Pact+1"],"picked":"Havoc+1","floor":14},{"not_picked":["Double Tap+1","Feed"],"picked":"Limit Break+1","floor":16},{"not_picked":["Rampage","Sword Boomerang+1"],"picked":"Clothesline","floor":18},{"not_picked":["Heavy Blade","Barricade"],"picked":"Sword Boomerang","floor":21},{"not_picked":["Body Slam","Sever Soul","Clothesline"],"picked":"Whirlwind","floor":27},{"not_picked":["Cleave","Corruption","Iron Wave+1"],"picked":"Second Wind+1","floor":28},{"not_picked":["Dark Embrace","Immolate","Impervious+1"],"picked":"Fiend Fire","floor":33},{"not_picked":["Blood for Blood","Clash","Sword Boomerang"],"picked":"Warcry+1","floor":35},{"not_picked":["Entrench+1","Clash+1","True Grit+1"],"picked":"Shockwave+1","floor":37},{"not_picked":["Wild Strike+1","Heavy Blade+1","Spot Weakness+1"],"picked":"Headbutt","floor":38}],"player_experience":304209,"relics_obtained":[{"floor":7,"key":"Shuriken"},{"floor":9,"key":"Toxic Egg 2"},{"floor":14,"key":"Matryoshka"},{"floor":21,"key":"Thread and Needle"},{"floor":21,"key":"Question Card"},{"floor":26,"key":"Omamori"},{"floor":26,"key":"Pear"},{"floor":30,"key":"Juzu Bracelet"},{"floor":30,"key":"Kunai"}],"event_choices":[{"cards_removed":["Strike_R"],"damage_healed":0,"gold_gain":0,"player_choice":"Offered Basic","damage_taken":0,"max_hp_gain":0,"max_hp_loss":0,"event_name":"Bonfire Elementals","floor":4,"gold_loss":0},{"damage_healed":0,"gold_gain":0,"player_choice":"Ignored","damage_taken":0,"max_hp_gain":0,"max_hp_loss":0,"event_name":"Vampires","floor":20,"gold_loss":0},{"damage_healed":0,"gold_gain":0,"player_choice":"Fight","damage_taken":0,"max_hp_gain":0,"max_hp_loss":0,"event_name":"Colosseum","floor":21,"gold_loss":0},{"damage_healed":0,"gold_gain":0,"player_choice":"Fought Nobs","damage_taken":0,"max_hp_gain":0,"max_hp_loss":0,"event_name":"Colosseum","floor":21,"gold_loss":0},{"damage_healed":0,"gold_gain":0,"player_choice":"Ignored","damage_taken":0,"max_hp_gain":0,"max_hp_loss":0,"event_name":"Ghosts","floor":22,"gold_loss":0},{"damage_healed":0,"gold_gain":0,"player_choice":"Upgraded","damage_taken":0,"max_hp_gain":0,"max_hp_loss":0,"event_name":"Upgrade Shrine","floor":25,"gold_loss":0,"cards_upgraded":["Rampage"]},{"damage_healed":0,"gold_gain":0,"player_choice":"Paid Fearfully","damage_taken":0,"max_hp_gain":0,"max_hp_loss":0,"event_name":"Masked Bandits","floor":31,"gold_loss":56},{"damage_healed":0,"gold_gain":0,"player_choice":"Embrace Madness","damage_taken":13,"max_hp_gain":0,"max_hp_loss":0,"event_name":"Winding Halls","floor":36,"gold_loss":0,"cards_obtained":["Madness","Madness"]}],"is_beta":false,"boss_relics":[{"not_picked":["Fusion Hammer","Runic Dome"],"picked":"Lizard Tail"},{"not_picked":["Eternal Feather","Calling Bell"],"picked":"Mark of Pain"}],"items_purged_floors":[],"is_endless":false,"potions_floor_spawned":[2,7,8,11,14,18,28],"killed_by":"Transient","ascension_level":3}