{"gold_per_floor":[113,125,300,41,52,52,83,99,123,154,229,259,259,274,274,379,379,393,55,65,65,85,85,115,115,115,133,133,133,163,179,179,274,274,284,296,306,306,138,138,168,168,221,221,221,248,84,99,99,99],"floor_reached":51,"playtime":3379,"items_purged":["Doubt","Strike_G"],"score":927,"play_id":"1cc6d023-5e37-409b-a20e-f45aa4b36dd3","local_time":"20180810215207","is_ascension_mode":true,"campfire_choices":[{"data":"Neutralize","floor":6,"key":"SMITH"},{"data":"Malaise","floor":13,"key":"SMITH"},{"data":"After Image","floor":15,"key":"SMITH"},{"data":"Apotheosis","floor":23,"key":"SMITH"},{"data":"A Thousand Cuts","floor":25,"key":"SMITH"},{"floor":28,"key":"REST"},{"data":"Night Terror","floor":32,"key":"SMITH"},{"data":"Footwork","floor":40,"key":"SMITH"},{"data":"Caltrops","floor":42,"key":"SMITH"},{"floor":44,"key":"REST"},{"floor":49,"key":"REST"}],"neow_cost":"","seed_source_timestamp":203878315651202,"circlet_count":0,"master_deck":["Defend_G","Defend_G","Defend_G","Defend_G","Defend_G","Strike_G+1","Survivor","Neutralize+1","Flying Knee","Blur","Footwork+1","Malaise+1","Flying Knee+1","Slice","After Image+1","Dagger Throw","Backflip","A Thousand Cuts+1","Apotheosis+1","Caltrops+1","Acrobatics","Flying Knee","Backflip","Flying Knee","Night Terror+1","Venomology","All Out Attack+1","Malaise+1","Well Laid Plans+1","Backflip+1","Crippling Poison+1","Footwork+1","Backflip+1","Well Laid Plans","Noxious Fumes+1","Secret Weapon","Secret Weapon","Secret Technique","Footwork","Blur","Flying Knee","Leg Sweep+1","Caltrops+1"],"relics":["Ring of the Snake","Lantern","Oddly Smooth Stone","Happy Flower","Mango","Runic Dome","Letter Opener","Gremlin Horn","Question Card","Astrolabe","Prayer Wheel","Blood Vial","Whetstone","Matryoshka"],"potions_floor_usage":[12,12,16,22,24,37,37,41,46,46,48,48,48,50,50,50],"damage_taken":[{"damage":0,"enemies":"Jaw Worm","floor":1,"turns":4},{"damage":0,"enemies":"2 Louse","floor":2,"turns":2},{"damage":0,"enemies":"Cultist","floor":5,"turns":5},{"damage":12,"enemies":"Lagavulin","floor":7,"turns":18},{"damage":9,"enemies":"2 Fungi Beasts","floor":8,"turns":5},{"damage":18,"enemies":"3 Sentries","floor":10,"turns":12},{"damage":0,"enemies":"Gremlin Nob","floor":12,"turns":5},{"damage":5,"enemies":"Exordium Wildlife","floor":14,"turns":4},{"damage":37,"enemies":"Hexaghost","floor":16,"turns":20},{"damage":0,"enemies":"Shell Parasite","floor":18,"turns":8},{"damage":0,"enemies":"Chosen","floor":20,"turns":6},{"damage":5,"enemies":"Snake Plant","floor":22,"turns":5},{"damage":27,"enemies":"Slavers","floor":24,"turns":6},{"damage":4,"enemies":"Centurion and Healer","floor":27,"turns":6},{"damage":0,"enemies":"Book of Stabbing","floor":30,"turns":7},{"damage":0,"enemies":"3 Cultists","floor":31,"turns":5},{"damage":16,"enemies":"Automaton","floor":33,"turns":10},{"damage":4,"enemies":"Orb Walker","floor":35,"turns":4},{"damage":0,"enemies":"3 Shapes","floor":36,"turns":4},{"damage":0,"enemies":"Maw","floor":37,"turns":9},{"damage":8,"floor":38,"turns":10},{"damage":2,"enemies":"2 Orb Walkers","floor":41,"turns":6},{"damage":0,"enemies":"Giant Head","floor":46,"turns":10},{"damage":7,"enemies":"3 Darklings","floor":48,"turns":5},{"damage":24,"enemies":"Donu and Deca","floor":50,"turns":12}],"seed_played":"-2480723687949075824","potions_obtained":[{"floor":2,"key":"FairyPotion"},{"floor":5,"key":"EssenceOfSteel"},{"floor":8,"key":"FearPotion"},{"floor":14,"key":"Regen Potion"},{"floor":16,"key":"SkillPotion"},{"floor":22,"key":"Fire Potion"},{"floor":24,"key":"SpeedPotion"},{"floor":33,"key":"SpeedPotion"},{"floor":41,"key":"Strength Potion"},{"floor":46,"key":"AttackPotion"}],"is_trial":false,"path_per_floor":["M","M","?","$","M","R","E","M","T","E","?","E","R","M","R","B",null,"M","$","M","?","M","R","E","R","T","M","R","?","E","M","R","B",null,"M","M","M","?","$","R","E","R","T","R","?","E","$","M","R","B"],"character_chosen":"THE_SILENT","items_purchased":["Footwork","Malaise","Apotheosis","Caltrops","Acrobatics","Well Laid Plans","Footwork","Blur","Flying Knee"],"campfire_rested":3,"item_purchase_floors":[4,4,19,19,19,39,47,47,47],"current_hp_per_floor":[70,70,70,70,70,70,58,49,49,31,20,34,34,29,29,7,84,84,84,84,84,79,79,52,52,52,48,73,73,73,73,73,57,84,80,80,80,72,72,72,70,70,70,84,74,76,76,71,84,60],"gold":99,"neow_bonus":"","is_prod":false,"is_daily":false,"chose_seed":false,"campfire_upgraded":8,"win_rate":0,"timestamp":1533963127,"path_taken":["M","M","?","$","M","R","E","M","T","E","?","E","R","M","R","BOSS","M","$","M","?","M","R","E","R","T","M","R","?","E","M","R","BOSS","M","M","M","?","$","R","E","R","T","R","?","E","$","M","R","BOSS"],"build_version":"2018-08-09","purchased_purges":2,"victory":true,"max_hp_per_floor":[70,70,70,70,70,70,70,70,70,70,70,84,84,84,84,84,84,84,84,84,84,84,84,84,84,84,84,84,84,84,84,84,84,84,84,84,84,84,84,84,84,84,84,84,84,84,84,84,84,84],"card_choices":[{"not_picked":["Dagger Spray","Bane"],"picked":"Flying Knee","floor":1},{"not_picked":["Blade Dance","Poisoned Stab"],"picked":"Blur","floor":2},{"not_picked":["Deflect","Prepared","Deadly Poison"],"picked":"SKIP","floor":5},{"not_picked":["Predator","Escape Plan"],"picked":"Flying Knee","floor":7},{"not_picked":["Prepared","Predator"],"picked":"Slice","floor":8},{"not_picked":["Blade Dance","Acrobatics"],"picked":"After Image","floor":10},{"not_picked":["PiercingWail","Distraction"],"picked":"Dagger Throw","floor":12},{"not_picked":["Quick Slash","Dagger Throw"],"picked":"Backflip","floor":14},{"not_picked":["After Image","Unload"],"picked":"A Thousand Cuts","floor":16},{"not_picked":["Bane","Well Laid Plans"],"picked":"Bouncing Flask","floor":18},{"not_picked":["Slice","Dagger Throw+1"],"picked":"Flying Knee","floor":20},{"not_picked":["Expertise+1","Calculated Gamble"],"picked":"Backflip","floor":22},{"not_picked":["Masterful Stab","Bane","Dagger Throw"],"picked":"SKIP","floor":24},{"not_picked":["Slice+1","Poisoned Stab"],"picked":"Flying Knee","floor":27},{"not_picked":["Skewer+1","Crippling Poison","Reflex"],"picked":"SKIP","floor":30},{"not_picked":["Quick Slash","Underhanded Strike+1","Catalyst","Flying Knee"],"picked":"SKIP","floor":31},{"not_picked":["Die Die Die","Adrenaline","Bullet Time"],"picked":"Venomology","floor":33},{"not_picked":["Calculated Gamble","Dagger Throw+1","Deflect+1"],"picked":"Backflip+1","floor":35},{"not_picked":["Flying Knee","Outmaneuver","PiercingWail+1"],"picked":"Crippling Poison+1","floor":36},{"not_picked":["Sucker Punch+1","Terror","Blur"],"picked":"Footwork+1","floor":37},{"not_picked":["Blade Dance+1","Quick Slash","Prepared"],"picked":"Backflip+1","floor":38},{"not_picked":["Acrobatics","Dagger Throw","Deadly Poison+1"],"picked":"Noxious Fumes+1","floor":41},{"not_picked":["Blind","Swift Strike","Deep Breath"],"picked":"Secret Weapon","floor":45},{"not_picked":["Good Instincts","Swift Strike","Dramatic Entrance"],"picked":"Secret Weapon","floor":45},{"not_picked":["Good Instincts","Enlightenment","Thinking Ahead"],"picked":"Secret Technique","floor":45},{"not_picked":["Underhanded Strike","Deadly Poison","Quick Slash+1","All Out Attack"],"picked":"SKIP","floor":46},{"not_picked":["Deflect","Backflip","Quick Slash"],"picked":"Leg Sweep+1","floor":48},{"not_picked":["Prepared+1","Backflip+1","Deflect"],"picked":"Caltrops+1","floor":48}],"player_experience":17587,"relics_obtained":[{"floor":7,"key":"Lantern"},{"floor":9,"key":"Oddly Smooth Stone"},{"floor":10,"key":"Happy Flower"},{"floor":12,"key":"Mango"},{"floor":24,"key":"Letter Opener"},{"floor":26,"key":"Gremlin Horn"},{"floor":30,"key":"Question Card"},{"floor":38,"key":"Prayer Wheel"},{"floor":41,"key":"Blood Vial"},{"floor":43,"key":"Whetstone"},{"floor":46,"key":"Matryoshka"}],"event_choices":[{"event_name":"Liars Game","player_choice":"agreed","floor":3,"damage_taken":0},{"event_name":"World of Goop","player_choice":"Gather Gold","floor":11,"damage_taken":0},{"event_name":"Bonfire Elementals","player_choice":"UNCOMMON","floor":21,"damage_taken":0},{"event_name":"The Library","player_choice":"Read","floor":29,"damage_taken":0},{"event_name":"MindBloom","player_choice":"Fight","floor":38,"damage_taken":0},{"event_name":"SensoryStone","player_choice":"Memory 3","floor":45,"damage_taken":0}],"is_beta":false,"boss_relics":[{"not_picked":["Ectoplasm","Lizard Tail"],"picked":"Runic Dome"},{"not_picked":["Velvet Choker","Snecko Eye"],"picked":"Astrolabe"}],"items_purged_floors":[4,39],"is_endless":false,"potions_floor_spawned":[2,5,8,14,16,22,24,33,41,46,48],"ascension_level":1}