{"gold_per_floor":[117,40,40,2,18,18,18,18,45,57,82,94,130,142,154,296,308,334,346,273,285,321,333,345,14,38,38,58,58,58,78,78,78],"floor_reached":33,"playtime":1104,"items_purged":["Strike_B"],"score":231,"play_id":"ff8f113a-0a7a-46c8-ac6d-f8283f4d1147","local_time":"20181127220351","is_ascension_mode":false,"campfire_choices":[{"data":"Zap","floor":6,"key":"SMITH"},{"data":"Melter","floor":10,"key":"SMITH"},{"floor":15,"key":"REST"},{"floor":24,"key":"REST"},{"data":"Hello World","floor":27,"key":"SMITH"},{"data":"Enlightenment","floor":30,"key":"SMITH"},{"floor":32,"key":"REST"}],"neow_cost":"NONE","seed_source_timestamp":347615190248079,"circlet_count":0,"master_deck":["Strike_B","Strike_B","Strike_B","Defend_B","Defend_B","Defend_B+1","Zap+1","Dualcast","Melter+1","Capacitor","Reinforced Body","Leap","Tempest+1","Seek","Hologram","Redo+1","Hello World+1","Warcry","Enlightenment+1","Pommel Strike+1"],"relics":["Cracked Core","Bronze Scales","Matryoshka","MawBank","Blood Vial","Golden Idol","Torii","Nuclear Battery","MutagenicStrength","PreservedInsect","War Paint","PrismaticShard","Vajra"],"potions_floor_usage":[11,13,16,31],"damage_taken":[{"damage":1,"enemies":"Cultist","floor":1,"turns":3},{"damage":0,"enemies":"2 Louse","floor":5,"turns":2},{"damage":7,"enemies":"Jaw Worm","floor":11,"turns":3},{"damage":16,"enemies":"Large Slime","floor":13,"turns":5},{"damage":24,"enemies":"Slime Boss","floor":16,"turns":9},{"damage":11,"enemies":"3 Byrds","floor":18,"turns":4},{"damage":13,"enemies":"Shell Parasite","floor":22,"turns":5},{"damage":14,"enemies":"Snake Plant","floor":28,"turns":3},{"damage":10,"enemies":"Chosen and Byrds","floor":31,"turns":3},{"damage":76,"enemies":"Collector","floor":33,"turns":5}],"seed_played":"1372595105347573259","potions_obtained":[{"floor":5,"key":"Energy Potion"},{"floor":11,"key":"Energy Potion"},{"floor":13,"key":"SteroidPotion"},{"floor":28,"key":"PowerPotion"}],"is_trial":false,"path_per_floor":["M","$","?","$","M","R","?","T","T","R","M","?","M","?","R","B",null,"M","?","?","?","M","T","R","$","T","R","M","?","R","M","R","B"],"character_chosen":"DEFECT","items_purchased":["Capacitor","Reinforced Body","Hello World","PrismaticShard"],"campfire_rested":3,"item_purchase_floors":[2,4,25,25],"current_hp_per_floor":[74,74,74,74,74,74,74,74,74,74,68,50,36,33,55,33,75,64,64,64,64,53,53,75,75,75,75,61,61,61,53,75,0],"gold":78,"neow_bonus":"RANDOM_COMMON_RELIC","is_prod":false,"is_daily":false,"chose_seed":false,"campfire_upgraded":4,"win_rate":0,"timestamp":1543385031,"path_taken":["M","$","?","$","?","R","?","?","T","R","M","?","M","?","R","BOSS","M","?","?","?","?","?","R","$","T","R","M","?","R","M","R","BOSS"],"build_version":"2018-11-15","purchased_purges":1,"victory":false,"max_hp_per_floor":[75,75,75,75,75,75,75,75,75,75,75,75,75,75,75,75,75,75,75,75,75,75,75,75,75,75,75,75,75,75,75,75,75],"card_choices":[{"not_picked":["Beam Cell","FTL"],"picked":"Melter","floor":1},{"not_picked":["Steam","Capacitor"],"picked":"Leap","floor":5},{"not_picked":["Gash","Loop","Turbo"],"picked":"SKIP","floor":11},{"not_picked":["Rebound","Darkness"],"picked":"Tempest","floor":13},{"not_picked":["Biased Cognition","Creative AI"],"picked":"Seek","floor":16},{"not_picked":["Reinforced Body","Loop+1"],"picked":"Hologram","floor":18},{"not_picked":["Heatsinks","Undo"],"picked":"Redo","floor":22},{"not_picked":["Cloak And Dagger","Genetic Algorithm"],"picked":"Warcry","floor":28},{"not_picked":["Expertise","Storm"],"picked":"Pommel Strike+1","floor":31}],"player_experience":98027,"relics_obtained":[{"floor":8,"key":"Matryoshka"},{"floor":9,"key":"MawBank"},{"floor":9,"key":"Blood Vial"},{"floor":23,"key":"War Paint"},{"floor":26,"key":"Vajra"}],"event_choices":[{"cards_removed":["Defend_B"],"damage_healed":0,"gold_gain":0,"player_choice":"Offered Basic","damage_taken":0,"max_hp_gain":0,"max_hp_loss":0,"event_name":"Bonfire Elementals","floor":3,"gold_loss":0},{"damage_healed":0,"gold_gain":0,"player_choice":"Leave","damage_taken":0,"max_hp_gain":0,"max_hp_loss":0,"event_name":"The Cleric","floor":7,"gold_loss":0},{"damage_healed":0,"gold_gain":0,"player_choice":"Take Damage","damage_taken":18,"relics_obtained":["Golden Idol"],"max_hp_gain":0,"max_hp_loss":0,"event_name":"Golden Idol","floor":12,"gold_loss":0},{"damage_healed":0,"gold_gain":0,"player_choice":"Success","damage_taken":3,"relics_obtained":["Torii"],"max_hp_gain":0,"max_hp_loss":0,"event_name":"Scrap Ooze","floor":14,"gold_loss":0},{"damage_healed":0,"gold_gain":0,"player_choice":"Inject Mutagens","damage_taken":0,"relics_obtained":["MutagenicStrength"],"max_hp_gain":0,"max_hp_loss":0,"event_name":"Drug Dealer","floor":19,"gold_loss":0},{"damage_healed":0,"gold_gain":0,"player_choice":"Obtained Relic","damage_taken":0,"relics_obtained":["PreservedInsect"],"max_hp_gain":0,"max_hp_loss":0,"event_name":"Addict","floor":20,"gold_loss":85},{"damage_healed":0,"gold_gain":0,"player_choice":"Upgraded","damage_taken":0,"max_hp_gain":0,"max_hp_loss":0,"event_name":"Upgrade Shrine","floor":21,"gold_loss":0,"cards_upgraded":["Tempest"]},{"damage_healed":0,"gold_gain":0,"player_choice":"1 cards matched","damage_taken":0,"max_hp_gain":0,"max_hp_loss":0,"event_name":"Match and Keep!","floor":29,"gold_loss":0,"cards_obtained":["Enlightenment"]}],"is_beta":false,"boss_relics":[{"not_picked":["Runic Pyramid","Eternal Feather"],"picked":"Nuclear Battery"}],"items_purged_floors":[25],"is_endless":false,"potions_floor_spawned":[5,11,13,28],"killed_by":"Collector","ascension_level":0}