{"gold_per_floor":[117,128,88,100,112,139,139,155,155,167,178,178,178,178,178,302,302,287,307,307,328,342,342,342],"floor_reached":24,"playtime":1747,"items_purged":[],"score":202,"play_id":"9b286252-9498-42fe-b5fb-7ecd7f38f811","local_time":"20181210182321","is_ascension_mode":false,"campfire_choices":[{"floor":7,"key":"REST"},{"data":"Creative AI","floor":15,"key":"SMITH"},{"floor":23,"key":"REST"}],"neow_cost":"NONE","seed_source_timestamp":503529494915016,"circlet_count":0,"master_deck":["Strike_B","Strike_B","Strike_B","Defend_B","Defend_B","Defend_B","Defend_B","Zap","Dualcast","Ball Lightning","Chill","Gash","Capacitor","Beam Cell","Beam Cell","Creative AI+1","Conserve Battery","Barrage","Injury","Rainbow","Redo","Defragment+1","Melter","Loop+1","Genetic Algorithm","Chill","Self Repair+1","Melter","Rebound+1","Self Repair+1"],"relics":["Cracked Core","Mercury Hourglass","Frozen Egg 2","Bag of Preparation","Golden Idol","DataDisk","Orrery"],"potions_floor_usage":[6,6,16,16],"damage_taken":[{"damage":4,"enemies":"2 Louse","floor":1,"turns":3},{"damage":0,"enemies":"Cultist","floor":2,"turns":3},{"damage":3,"enemies":"Small Slimes","floor":4,"turns":2},{"damage":3,"enemies":"Looter","floor":5,"turns":3},{"damage":12,"enemies":"Lagavulin","floor":6,"turns":6},{"damage":6,"enemies":"Exordium Wildlife","floor":8,"turns":4},{"damage":0,"enemies":"Lots of Slimes","floor":10,"turns":2},{"damage":0,"enemies":"Looter","floor":11,"turns":2},{"damage":41,"enemies":"Hexaghost","floor":16,"turns":7},{"damage":23,"enemies":"2 Thieves","floor":18,"turns":5},{"damage":26,"enemies":"Shell Parasite","floor":19,"turns":6},{"damage":10,"enemies":"Centurion and Healer","floor":21,"turns":6},{"damage":17,"enemies":"Sentry and Sphere","floor":22,"turns":6},{"damage":35,"enemies":"Snake Plant","floor":24,"turns":4}],"seed_played":"2477931497765362640","potions_obtained":[{"floor":3,"key":"SkillPotion"},{"floor":3,"key":"Poison Potion"},{"floor":3,"key":"EssenceOfSteel"},{"floor":5,"key":"Regen Potion"},{"floor":10,"key":"Explosive Potion"},{"floor":11,"key":"Energy Potion"},{"floor":16,"key":"SpeedPotion"},{"floor":19,"key":"Strength Potion"}],"is_trial":false,"path_per_floor":["M","M","?","M","M","E","R","M","T","M","M","?","?","T","R","B",null,"M","M","?","M","M","R","M"],"character_chosen":"DEFECT","items_purchased":[],"campfire_rested":2,"item_purchase_floors":[],"current_hp_per_floor":[71,71,71,68,65,53,75,69,69,69,69,69,69,69,69,40,75,52,26,26,26,9,31,0],"gold":342,"neow_bonus":"THREE_CARDS","is_prod":false,"is_daily":false,"chose_seed":false,"campfire_upgraded":1,"win_rate":0,"timestamp":1544495001,"path_taken":["M","M","?","?","M","E","R","M","T","M","M","?","?","?","R","BOSS","M","M","?","M","?","R","M"],"build_version":"2018-12-06","purchased_purges":0,"victory":false,"max_hp_per_floor":[75,75,75,75,75,75,75,75,75,75,75,75,75,75,75,75,75,75,75,75,75,75,75,75],"card_choices":[{"not_picked":["Hello World","Barrage"],"picked":"Ball Lightning","floor":0},{"not_picked":["Coolheaded","Conserve Battery"],"picked":"Chill","floor":1},{"not_picked":["Barrage","Compile Driver"],"picked":"Gash","floor":2},{"not_picked":["Steam","Turbo"],"picked":"Capacitor","floor":4},{"not_picked":["Steam Power","Scrape"],"picked":"Beam Cell","floor":5},{"not_picked":["Recycle","Sweeping Beam"],"picked":"Beam Cell","floor":6},{"not_picked":["Aggregate","Stack"],"picked":"Creative AI","floor":8},{"not_picked":["Hologram","Sweeping Beam"],"picked":"Conserve Battery","floor":10},{"not_picked":["Coolheaded","Steam"],"picked":"Barrage","floor":11},{"not_picked":["All For One","Biased Cognition+1"],"picked":"Rainbow","floor":16},{"not_picked":["FTL","Compile Driver"],"picked":"Redo","floor":17},{"not_picked":["Leap","Streamline"],"picked":"Defragment+1","floor":17},{"not_picked":["Coolheaded","Cold Snap"],"picked":"Melter","floor":17},{"not_picked":["Melter","Gash"],"picked":"Loop+1","floor":17},{"not_picked":["Recycle","Capacitor+1"],"picked":"Genetic Algorithm","floor":17},{"not_picked":["Steam+1","Stack"],"picked":"Chill","floor":18},{"not_picked":["Steam","Go for the Eyes+1"],"picked":"Self Repair+1","floor":19},{"not_picked":["Leap","Go for the Eyes"],"picked":"Rebound+1","floor":21},{"not_picked":["Steam Power","Thunder Strike"],"picked":"Self Repair+1","floor":22}],"player_experience":207416,"relics_obtained":[{"floor":6,"key":"Mercury Hourglass"},{"floor":9,"key":"Frozen Egg 2"},{"floor":14,"key":"DataDisk"}],"event_choices":[{"damage_healed":0,"gold_gain":0,"player_choice":"Bought 3 Potions","damage_taken":0,"max_hp_gain":0,"max_hp_loss":0,"event_name":"The Woman in Blue","floor":3,"gold_loss":0},{"damage_healed":0,"gold_gain":0,"player_choice":"Searched \u00271\u0027 times","damage_taken":0,"relics_obtained":["Bag of Preparation"],"max_hp_gain":0,"max_hp_loss":0,"event_name":"Dead Adventurer","floor":12,"gold_loss":0},{"damage_healed":0,"gold_gain":0,"player_choice":"Take Wound","damage_taken":0,"relics_obtained":["Golden Idol"],"max_hp_gain":0,"max_hp_loss":0,"event_name":"Golden Idol","floor":13,"gold_loss":0,"cards_obtained":["Injury"]},{"damage_healed":0,"gold_gain":0,"cards_transformed":["Strike_B"],"player_choice":"Transformed","damage_taken":0,"max_hp_gain":0,"max_hp_loss":0,"event_name":"Transmorgrifier","floor":20,"gold_loss":0,"cards_obtained":["Melter"]}],"is_beta":false,"boss_relics":[{"not_picked":["Black Star","Velvet Choker"],"picked":"Orrery"}],"items_purged_floors":[],"is_endless":false,"potions_floor_spawned":[5,10,11,16,19],"killed_by":"Snake Plant","ascension_level":0}