{"gold_per_floor":[113,63,63,77,152,185,185,206,230,268,289,289,289,320,320,450,450,463,78,98,98,114,114,138,138,138,90,90,113,148,172,172,295,295,320,320,445,468,481,161,181,194,194,194,37,37,80,99,99,99,99,99,53,97,97],"floor_reached":55,"playtime":2985,"items_purged":["Defend_R","Defend_R","Defend_R"],"score":988,"play_id":"9a063fec-fd13-4ad3-858f-3072f4a51500","local_time":"20190331171902","is_ascension_mode":true,"campfire_choices":[{"data":"Armaments","floor":7,"key":"SMITH"},{"floor":12,"key":"RECALL"},{"floor":15,"key":"REST"},{"floor":23,"key":"REST"},{"floor":28,"key":"REST"},{"floor":32,"key":"REST"},{"floor":44,"key":"REST"},{"data":"Perfected Strike","floor":46,"key":"SMITH"},{"floor":49,"key":"REST"},{"data":"Impervious","floor":52,"key":"SMITH"}],"neow_cost":"NONE","seed_source_timestamp":1455711594517904,"circlet_count":0,"master_deck":["Strike_R","Strike_R+1","Strike_R+1","Strike_R","Defend_R","Bash","Armaments+1","True Grit","Shrug It Off","Shrug It Off","Perfected Strike","Perfected Strike+1","Feed","Bloodletting+1","Perfected Strike","Headbutt","Shrug It Off","Headbutt+1","Wild Strike+1","Shrug It Off+1","Perfected Strike","Impervious+1","Enlightenment"],"relics":["Burning Blood","NeowsBlessing","Golden Idol","Pen Nib","Red Skull","Orichalcum","Whetstone","Busted Crown","Ginger","Anchor","Vajra","Pocketwatch","Orrery","Ice Cream","Membership Card","Bronze Scales","Singing Bowl","Magic Flower","Happy Flower"],"potions_floor_usage":[10,14,14,16,18,24,30,30,33,39,50,50,50],"damage_taken":[{"damage":0,"enemies":"Small Slimes","floor":1,"turns":2},{"damage":0,"enemies":"Cultist","floor":4,"turns":1},{"damage":0,"enemies":"Gremlin Nob","floor":6,"turns":1},{"damage":0,"enemies":"Jaw Worm","floor":8,"turns":4},{"damage":42,"enemies":"Lagavulin","floor":10,"turns":8},{"damage":5,"enemies":"Blue Slaver","floor":11,"turns":3},{"damage":13,"enemies":"Gremlin Nob","floor":14,"turns":3},{"damage":51,"enemies":"Hexaghost","floor":16,"turns":10},{"damage":16,"enemies":"Spheric Guardian","floor":18,"turns":5},{"damage":14,"enemies":"3 Byrds","floor":20,"turns":7},{"damage":31,"enemies":"Sentry and Sphere","floor":22,"turns":6},{"damage":13,"enemies":"Centurion and Healer","floor":24,"turns":4},{"damage":50,"enemies":"Slavers","floor":30,"turns":4},{"damage":2,"enemies":"Snecko","floor":31,"turns":3},{"damage":61,"enemies":"Collector","floor":33,"turns":7},{"damage":1,"enemies":"Orb Walker","floor":35,"turns":2},{"damage":3,"enemies":"Mind Bloom Boss Battle","floor":37,"turns":4},{"damage":3,"enemies":"3 Shapes","floor":38,"turns":4},{"damage":4,"enemies":"Transient","floor":39,"turns":5},{"damage":30,"enemies":"Spire Growth","floor":41,"turns":4},{"damage":21,"enemies":"Writhing Mass","floor":42,"turns":4},{"damage":38,"enemies":"Reptomancer","floor":47,"turns":5},{"damage":6,"enemies":"4 Shapes","floor":48,"turns":5},{"damage":103,"enemies":"Donu and Deca","floor":50,"turns":10},{"damage":72,"enemies":"Shield and Spear","floor":54,"turns":6},{"damage":56,"enemies":"The Heart","floor":55,"turns":2}],"seed_played":"6015560832834559383","potions_obtained":[{"floor":8,"key":"Swift Potion"},{"floor":10,"key":"Swift Potion"},{"floor":13,"key":"SkillPotion"},{"floor":13,"key":"Energy Potion"},{"floor":13,"key":"BloodPotion"},{"floor":14,"key":"BloodPotion"},{"floor":16,"key":"Swift Potion"},{"floor":22,"key":"Energy Potion"},{"floor":24,"key":"BloodPotion"},{"floor":31,"key":"AttackPotion"},{"floor":33,"key":"Dexterity Potion"},{"floor":37,"key":"Explosive Potion"},{"floor":41,"key":"Strength Potion"},{"floor":47,"key":"Ancient Potion"}],"is_trial":false,"path_per_floor":["M","?","?","M","?","E","R","M","T","E","M","R","?","E","R","B",null,"M","$","M","?","M","R","M","?","T","$","R","T","E","M","R","B",null,"M","?","?","M","M","$","M","M","T","R","$","R","E","M","R","B",null,"R","$","E","B"],"character_chosen":"IRONCLAD","items_purchased":["Ginger","Energy Potion","Membership Card","Bronze Scales","Perfected Strike","Impervious","Enlightenment"],"campfire_rested":6,"item_purchase_floors":[19,27,40,40,45,45,53],"current_hp_per_floor":[80,80,60,66,58,64,64,70,70,34,35,35,35,28,52,15,64,58,58,50,50,25,50,46,46,46,46,72,72,39,43,70,15,71,76,76,82,85,87,87,63,48,48,75,75,75,49,54,84,11,82,82,82,21,0],"gold":97,"neow_bonus":"THREE_ENEMY_KILL","is_prod":false,"is_daily":false,"chose_seed":false,"campfire_upgraded":3,"win_rate":0,"timestamp":1554020342,"path_taken":["M","?","?","M","?","E","R","M","T","E","?","R","?","E","R","BOSS","M","$","M","?","M","R","M","?","T","$","R","?","E","M","R","BOSS","M","?","?","M","M","$","M","M","T","R","$","R","E","M","R","BOSS","R","$","E","BOSS"],"build_version":"2019-01-23","purchased_purges":3,"victory":false,"max_hp_per_floor":[80,80,80,80,80,80,80,80,80,80,80,80,80,80,80,80,80,84,84,84,84,84,84,87,87,87,87,87,87,90,90,90,90,90,90,90,93,93,93,93,93,93,93,93,93,93,99,101,101,105,105,105,105,107,107],"card_choices":[{"not_picked":["Havoc","Evolve"],"picked":"Armaments","floor":1},{"not_picked":["Sword Boomerang","Corruption"],"picked":"True Grit","floor":4},{"not_picked":["Burning Pact","Rupture"],"picked":"Shrug It Off","floor":6},{"not_picked":["Heavy Blade","Entrench"],"picked":"Shrug It Off","floor":8},{"not_picked":["Rupture","True Grit"],"picked":"Perfected Strike","floor":10},{"not_picked":["Double Tap","Wild Strike"],"picked":"Perfected Strike","floor":11},{"not_picked":["Havoc","Searing Blow","Rupture"],"picked":"SKIP","floor":14},{"not_picked":["Barricade","Bludgeon"],"picked":"Feed","floor":16},{"not_picked":[],"picked":"Bloodletting+1","floor":18},{"not_picked":["Anger+1"],"picked":"SKIP","floor":20},{"not_picked":["Fire Breathing"],"picked":"SKIP","floor":22},{"not_picked":[],"picked":"Headbutt","floor":24},{"not_picked":[],"picked":"Shrug It Off","floor":30},{"not_picked":["True Grit"],"picked":"SKIP","floor":31},{"not_picked":[],"picked":"Headbutt+1","floor":34},{"not_picked":["Metallicize"],"picked":"SKIP","floor":35},{"not_picked":[],"picked":"Wild Strike+1","floor":37},{"not_picked":[],"picked":"Shrug It Off+1","floor":38},{"not_picked":["Clash+1"],"picked":"SKIP","floor":39},{"not_picked":["Combust"],"picked":"SKIP","floor":41},{"not_picked":["Corruption"],"picked":"SKIP","floor":42},{"not_picked":["Iron Wave+1"],"picked":"Singing Bowl","floor":47},{"not_picked":["Infernal Blade+1"],"picked":"Singing Bowl","floor":48},{"not_picked":["Bloodletting"],"picked":"Singing Bowl","floor":54}],"player_experience":215557,"relics_obtained":[{"floor":6,"key":"Pen Nib"},{"floor":9,"key":"Red Skull"},{"floor":10,"key":"Orichalcum"},{"floor":14,"key":"Whetstone"},{"floor":29,"key":"Vajra"},{"floor":30,"key":"Pocketwatch"},{"floor":37,"key":"Ice Cream"},{"floor":43,"key":"Singing Bowl"},{"floor":47,"key":"Magic Flower"},{"floor":54,"key":"Happy Flower"}],"event_choices":[{"cards_removed":["Strike_R"],"damage_healed":0,"gold_gain":0,"player_choice":"Card Removal","damage_taken":0,"max_hp_gain":0,"max_hp_loss":0,"event_name":"The Cleric","floor":2,"gold_loss":50},{"damage_healed":0,"gold_gain":0,"player_choice":"Take Damage","damage_taken":20,"relics_obtained":["Golden Idol"],"max_hp_gain":0,"max_hp_loss":0,"event_name":"Golden Idol","floor":3,"gold_loss":0},{"damage_healed":0,"gold_gain":75,"player_choice":"Touch","damage_taken":8,"max_hp_gain":0,"max_hp_loss":0,"event_name":"FaceTrader","floor":5,"gold_loss":0},{"damage_healed":0,"gold_gain":0,"player_choice":"Got Potions","damage_taken":0,"max_hp_gain":0,"max_hp_loss":0,"event_name":"Lab","floor":13,"gold_loss":0},{"damage_healed":0,"gold_gain":0,"player_choice":"Read","damage_taken":0,"max_hp_gain":0,"max_hp_loss":0,"event_name":"The Library","floor":21,"gold_loss":0,"cards_obtained":["Perfected Strike"]},{"damage_healed":0,"gold_gain":0,"player_choice":"Opened","damage_taken":0,"relics_obtained":["Anchor"],"max_hp_gain":0,"max_hp_loss":0,"event_name":"The Mausoleum","floor":25,"gold_loss":0},{"damage_healed":0,"gold_gain":0,"player_choice":"Memory 1","damage_taken":0,"max_hp_gain":0,"max_hp_loss":0,"event_name":"SensoryStone","floor":36,"gold_loss":0},{"damage_healed":0,"gold_gain":0,"player_choice":"Fight","damage_taken":0,"max_hp_gain":0,"max_hp_loss":0,"event_name":"MindBloom","floor":37,"gold_loss":0}],"is_beta":false,"boss_relics":[{"not_picked":["Philosopher\u0027s Stone","Ectoplasm"],"picked":"Busted Crown"},{"not_picked":["Lizard Tail","Astrolabe"],"picked":"Orrery"}],"items_purged_floors":[19,40,45],"is_endless":false,"potions_floor_spawned":[8,10,14,16,22,24,31,33,37,41,47],"killed_by":"The Heart","ascension_level":5}