{"gold_per_floor":[113,113,127,101,101,136,136,111,111,146,159,176,192,219,219,318,318,329,342,352,367,67,92,102,128,128,144,144],"floor_reached":28,"playtime":1337,"items_purged":["Strike_R"],"score":516,"play_id":"7fc0193e-565d-4393-b6b4-fa40f7e545ec","local_time":"20190419161550","is_ascension_mode":true,"campfire_choices":[{"data":"Combust","floor":7,"key":"SMITH"},{"data":"Anger","floor":15,"key":"SMITH"}],"neow_cost":"NONE","seed_source_timestamp":535657466703223,"circlet_count":0,"master_deck":["AscendersBane","Strike_R","Strike_R","Strike_R","Strike_R","Defend_R+1","Defend_R+1","Defend_R","Defend_R","Bash+1","Wild Strike+1","Corruption","Shrug It Off+1","Combust+1","Thunderclap","Disarm","Anger+1","Metallicize","Feed","Thunderclap","Armaments","Feel No Pain+1","Immolate","Metallicize","Shrug It Off","Shockwave","Shrug It Off+1","Clumsy","Shrug It Off"],"relics":["Burning Blood","NeowsBlessing","Champion Belt","Self Forming Clay","Bronze Scales","Ornamental Fan","Cursed Key","Oddly Smooth Stone","War Paint","Potion Belt"],"potions_floor_usage":[14,23,25,28],"damage_taken":[{"damage":0,"enemies":"Small Slimes","floor":1,"turns":1},{"damage":0,"enemies":"Jaw Worm","floor":3,"turns":1},{"damage":0,"enemies":"Lagavulin","floor":6,"turns":1},{"damage":19,"enemies":"Gremlin Nob","floor":10,"turns":4},{"damage":1,"enemies":"2 Louse","floor":11,"turns":3},{"damage":10,"enemies":"Large Slime","floor":12,"turns":3},{"damage":5,"enemies":"Looter","floor":13,"turns":3},{"damage":16,"enemies":"3 Sentries","floor":14,"turns":3},{"damage":15,"enemies":"Slime Boss","floor":16,"turns":8},{"damage":3,"enemies":"2 Thieves","floor":18,"turns":3},{"damage":9,"enemies":"Spheric Guardian","floor":19,"turns":4},{"damage":21,"enemies":"Shelled Parasite and Fungi","floor":20,"turns":5},{"damage":8,"enemies":"Snake Plant","floor":21,"turns":4},{"damage":34,"enemies":"Gremlin Leader","floor":23,"turns":6},{"damage":0,"enemies":"Snecko","floor":24,"turns":8},{"damage":9,"enemies":"Book of Stabbing","floor":25,"turns":6},{"damage":12,"enemies":"Chosen and Byrds","floor":27,"turns":4},{"damage":26,"enemies":"Slavers","floor":28,"turns":5}],"seed_played":"4704826451686995622","potions_obtained":[{"floor":6,"key":"LiquidBronze"},{"floor":10,"key":"Explosive Potion"},{"floor":14,"key":"Block Potion"},{"floor":21,"key":"PowerPotion"},{"floor":27,"key":"Strength Potion"}],"is_trial":false,"path_per_floor":["M","?","M","$","?","E","R","$","T","E","M","M","M","E","R","B",null,"M","M","M","M","$","E","M","E","T","M","E"],"character_chosen":"IRONCLAD","items_purchased":["Shrug It Off","Thunderclap","Immolate","Metallicize"],"campfire_rested":0,"item_purchase_floors":[4,8,22,22],"current_hp_per_floor":[78,62,68,68,68,74,74,74,74,61,66,62,63,53,53,44,71,74,71,59,57,57,29,35,32,32,26,0],"gold":144,"neow_bonus":"THREE_ENEMY_KILL","is_prod":false,"is_daily":false,"chose_seed":false,"campfire_upgraded":2,"win_rate":0,"timestamp":1555715750,"path_taken":["M","?","M","$","?","E","R","$","T","E","M","M","?","E","R","BOSS","M","M","M","M","$","E","M","E","T","M","E"],"build_version":"2019-01-23","purchased_purges":1,"victory":false,"max_hp_per_floor":[80,80,80,80,80,80,80,80,80,80,80,80,80,80,80,80,80,80,80,83,83,83,83,83,83,83,83,83],"card_choices":[{"not_picked":["Perfected Strike","Searing Blow"],"picked":"Wild Strike","floor":1},{"not_picked":["Iron Wave","Perfected Strike"],"picked":"Corruption","floor":3},{"not_picked":["Sword Boomerang","Rage"],"picked":"Combust","floor":6},{"not_picked":["Burning Pact","Fire Breathing","Warcry"],"picked":"SKIP","floor":10},{"not_picked":["Sword Boomerang","Corruption","Headbutt"],"picked":"SKIP","floor":11},{"not_picked":["Headbutt","True Grit"],"picked":"Disarm","floor":12},{"not_picked":["Clothesline","Corruption"],"picked":"Anger","floor":13},{"not_picked":["Infernal Blade","Perfected Strike"],"picked":"Metallicize","floor":14},{"not_picked":["Reaper","Impervious"],"picked":"Feed","floor":16},{"not_picked":["Rampage","Clothesline"],"picked":"Thunderclap","floor":18},{"not_picked":["True Grit","Carnage"],"picked":"Armaments","floor":19},{"not_picked":["Cleave","Carnage","Clothesline"],"picked":"SKIP","floor":20},{"not_picked":["Blood for Blood","Hemokinesis"],"picked":"Feel No Pain+1","floor":21},{"not_picked":["Dual Wield","Battle Trance"],"picked":"Shrug It Off","floor":23},{"not_picked":["Clash","Warcry+1"],"picked":"Shockwave","floor":24},{"not_picked":["Body Slam","Pummel"],"picked":"Shrug It Off+1","floor":25},{"not_picked":["Limit Break","Thunderclap"],"picked":"Shrug It Off","floor":27}],"player_experience":274377,"relics_obtained":[{"floor":6,"key":"Champion Belt"},{"floor":9,"key":"Self Forming Clay"},{"floor":10,"key":"Bronze Scales"},{"floor":14,"key":"Ornamental Fan"},{"floor":23,"key":"Oddly Smooth Stone"},{"floor":25,"key":"War Paint"},{"floor":26,"key":"Potion Belt"}],"event_choices":[{"damage_healed":0,"gold_gain":0,"player_choice":"Entered Light","damage_taken":16,"max_hp_gain":0,"max_hp_loss":0,"event_name":"Shining Light","floor":2,"gold_loss":0,"cards_upgraded":["Defend_R","Bash"]},{"damage_healed":0,"gold_gain":0,"player_choice":"Grow","damage_taken":0,"max_hp_gain":0,"max_hp_loss":0,"event_name":"Living Wall","floor":5,"gold_loss":0,"cards_upgraded":["Wild Strike"]}],"is_beta":false,"boss_relics":[{"not_picked":["Calling Bell","Ectoplasm"],"picked":"Cursed Key"}],"items_purged_floors":[22],"is_endless":false,"potions_floor_spawned":[6,10,12,14,18,20,21,27],"killed_by":"Slavers","ascension_level":12}