{"gold_per_floor":[111,125,140,2,102,136,136,155,155,169,203,203,234,264,264,264],"floor_reached":16,"playtime":558,"items_purged":[],"score":150,"play_id":"56be56e4-2d23-4ee9-b8f0-a323b6f01c83","local_time":"20190109184537","is_ascension_mode":true,"campfire_choices":[{"data":"Flex","floor":7,"key":"SMITH"},{"data":"Infernal Blade","floor":12,"key":"SMITH"},{"data":"Bludgeon","floor":15,"key":"SMITH"}],"neow_cost":"NONE","seed_source_timestamp":341646460340788,"circlet_count":0,"master_deck":["Strike_R","Strike_R","Strike_R","Strike_R","Strike_R","Defend_R","Defend_R","Defend_R","Defend_R","Bash","Disarm","Carnage","Pommel Strike","Infernal Blade+1","Pommel Strike","Flex+1","Heavy Blade","Thunderclap","Dropkick","Bludgeon+1"],"relics":["Eternal Feather","Lantern","Sundial","WingedGreaves","Smiling Mask","Matryoshka"],"potions_floor_usage":[11,16,16],"damage_taken":[{"damage":8,"enemies":"2 Louse","floor":1,"turns":3},{"damage":3,"enemies":"Cultist","floor":2,"turns":4},{"damage":0,"enemies":"Small Slimes","floor":3,"turns":3},{"damage":21,"enemies":"Gremlin Nob","floor":6,"turns":3},{"damage":8,"enemies":"Blue Slaver","floor":8,"turns":2},{"damage":0,"enemies":"2 Fungi Beasts","floor":10,"turns":2},{"damage":8,"enemies":"3 Sentries","floor":11,"turns":6},{"damage":18,"enemies":"Gremlin Nob","floor":13,"turns":3},{"damage":26,"enemies":"Lagavulin","floor":14,"turns":6},{"damage":24,"enemies":"Slime Boss","floor":16,"turns":5}],"seed_played":"-2820830472037593659","potions_obtained":[{"floor":3,"key":"GamblersBrew"},{"floor":6,"key":"Swift Potion"},{"floor":8,"key":"Poison Potion"},{"floor":10,"key":"AttackPotion"},{"floor":13,"key":"LiquidBronze"}],"is_trial":false,"path_per_floor":["M","M","M","$","?","E","R","M","T","M","E","R","E","E","R","B"],"character_chosen":"IRONCLAD","items_purchased":["Infernal Blade","Pommel Strike","PowerPotion"],"campfire_rested":0,"item_purchase_floors":[4,4,4],"current_hp_per_floor":[72,69,69,69,69,48,57,49,49,49,41,50,32,6,18,0],"gold":264,"neow_bonus":"BOSS_RELIC","is_prod":false,"is_daily":false,"chose_seed":false,"campfire_upgraded":3,"win_rate":0,"timestamp":1547059537,"path_taken":["M","M","M","$","?","E","R","M","T","M","E","R","E","E","R","BOSS"],"build_version":"2019-01-03v4","purchased_purges":0,"victory":false,"max_hp_per_floor":[80,80,80,80,80,80,80,80,80,80,80,80,80,80,80,80],"card_choices":[{"not_picked":["Clothesline","Havoc"],"picked":"Disarm","floor":1},{"not_picked":["Anger","True Grit"],"picked":"Carnage","floor":2},{"not_picked":["Dark Embrace","Combust"],"picked":"Pommel Strike","floor":3},{"not_picked":["Reckless Charge","Iron Wave"],"picked":"Flex","floor":6},{"not_picked":["Carnage","Iron Wave"],"picked":"Heavy Blade","floor":8},{"not_picked":["Fire Breathing","Cleave"],"picked":"Thunderclap","floor":10},{"not_picked":["Fire Breathing","Reaper"],"picked":"Dropkick","floor":11},{"not_picked":["Evolve","Havoc"],"picked":"Bludgeon","floor":13},{"not_picked":["Intimidate","Corruption","Sever Soul"],"picked":"SKIP","floor":14}],"player_experience":30171,"relics_obtained":[{"floor":6,"key":"Lantern"},{"floor":9,"key":"Sundial"},{"floor":11,"key":"WingedGreaves"},{"floor":13,"key":"Smiling Mask"},{"floor":14,"key":"Matryoshka"}],"event_choices":[{"damage_healed":0,"gold_gain":100,"player_choice":"Gold","damage_taken":0,"max_hp_gain":0,"max_hp_loss":0,"event_name":"Wheel of Change","floor":5,"gold_loss":0}],"is_beta":false,"boss_relics":[],"items_purged_floors":[],"is_endless":false,"potions_floor_spawned":[3,6,8,10,13],"killed_by":"Slime Boss","ascension_level":3}