{"gold_per_floor":[119,69,87,87,12,38,56,56,107,125,155,185,201,48,48,150,150,170,170,183,30,41,41,60,60,60,75,137,137,137,150,150,249,249,265,265,9,109,127,160,175,195,243,271,271,287,287,287,287,287],"floor_reached":51,"playtime":2793,"items_purged":["Strike_B","Strike_B"],"score":850,"play_id":"a6f2b6de-5db1-4c3f-a343-19e83adbaf31","local_time":"20190421202234","is_ascension_mode":true,"campfire_choices":[{"data":"FTL","floor":8,"key":"SMITH"},{"floor":15,"key":"REST"},{"data":"Beam Cell","floor":23,"key":"SMITH"},{"floor":25,"key":"REST"},{"floor":32,"key":"REST"},{"data":"Reinforced Body","floor":47,"key":"SMITH"},{"floor":49,"key":"REST"}],"neow_cost":"PERCENT_DAMAGE","seed_source_timestamp":592556866375142,"circlet_count":0,"master_deck":["Defend_B","Defend_B+1","Defend_B+1","Zap+1","Dualcast","Cold Snap","Gash","Gash","FTL+1","Beam Cell+1","Gash","Gash","Gash","Echo Form","Reinforced Body+1","Coolheaded","Hologram","Steam+1","Core Surge","Skim+1","Reboot","BootSequence","Scrape+1","Bandage Up"],"relics":["Cracked Core","Regal Pillow","War Paint","DataDisk","Odd Mushroom","Sozu","PreservedInsect","StoneCalendar","Tiny Chest","Bag of Marbles","Black Star","Ornamental Fan","Nunchaku","Bottled Tornado","Blue Candle","Orichalcum","Sundial","Molten Egg 2"],"potions_floor_usage":[6,11,18],"damage_taken":[{"damage":0,"enemies":"2 Louse","floor":1,"turns":2},{"damage":0,"enemies":"Small Slimes","floor":3,"turns":3},{"damage":13,"enemies":"3 Sentries","floor":6,"turns":6},{"damage":0,"enemies":"Jaw Worm","floor":7,"turns":3},{"damage":2,"enemies":"Looter","floor":10,"turns":2},{"damage":4,"enemies":"Gremlin Nob","floor":11,"turns":3},{"damage":10,"enemies":"The Mushroom Lair","floor":12,"turns":3},{"damage":0,"enemies":"Large Slime","floor":13,"turns":4},{"damage":0,"enemies":"Slime Boss","floor":16,"turns":6},{"damage":4,"enemies":"Shell Parasite","floor":18,"turns":3},{"damage":0,"enemies":"Spheric Guardian","floor":20,"turns":3},{"damage":27,"enemies":"Snake Plant","floor":22,"turns":5},{"damage":15,"enemies":"Centurion and Healer","floor":24,"turns":5},{"damage":12,"enemies":"Snecko","floor":27,"turns":5},{"damage":14,"enemies":"Slavers","floor":28,"turns":4},{"damage":10,"enemies":"Snake Plant","floor":31,"turns":4},{"damage":28,"enemies":"Collector","floor":33,"turns":6},{"damage":12,"enemies":"Orb Walker","floor":35,"turns":4},{"damage":7,"enemies":"Mind Bloom Boss Battle","floor":38,"turns":6},{"damage":5,"enemies":"3 Shapes","floor":39,"turns":4},{"damage":0,"enemies":"Giant Head","floor":40,"turns":6},{"damage":0,"enemies":"Maw","floor":41,"turns":5},{"damage":0,"enemies":"Writhing Mass","floor":42,"turns":4},{"damage":3,"enemies":"Nemesis","floor":44,"turns":5},{"damage":0,"enemies":"4 Shapes","floor":46,"turns":4},{"damage":22,"enemies":"Donu and Deca","floor":50,"turns":8}],"seed_played":"7266648270269550440","potions_obtained":[{"floor":3,"key":"Fire Potion"},{"floor":10,"key":"Strength Potion"},{"floor":12,"key":"Block Potion"}],"is_trial":false,"path_per_floor":["M","?","M","?","$","E","M","R","T","M","E","?","M","$","R","B",null,"M","?","M","$","M","R","M","R","T","M","E","?","T","M","R","B",null,"M","?","$","?","M","E","M","M","T","E","?","M","R","?","R","B",null],"character_chosen":"DEFECT","items_purchased":["Gash","PreservedInsect","Ornamental Fan"],"campfire_rested":4,"item_purchase_floors":[14,21,37],"current_hp_per_floor":[54,54,54,54,54,41,41,41,41,39,35,25,25,25,62,62,75,71,71,71,71,44,44,29,66,66,54,40,40,40,30,67,39,75,63,63,63,56,51,51,51,51,51,48,48,52,52,52,75,53],"gold":287,"neow_bonus":"REMOVE_TWO","is_prod":false,"is_daily":false,"chose_seed":false,"campfire_upgraded":3,"win_rate":0,"timestamp":1555874554,"path_taken":["M","?","M","?","$","E","M","R","T","M","E","?","M","$","R","BOSS","M","?","M","$","M","R","M","R","T","M","E","?","?","M","R","BOSS","M","?","$","?","?","E","?","M","T","E","?","M","R","?","R","BOSS"],"build_version":"2019-01-23","purchased_purges":2,"victory":true,"max_hp_per_floor":[75,75,75,75,75,75,75,75,75,75,75,75,75,75,75,75,75,75,75,75,75,75,75,75,75,75,75,75,75,75,75,75,75,75,75,75,75,75,75,75,75,75,75,75,75,75,75,75,75,75],"card_choices":[{"not_picked":["Redo","Capacitor"],"picked":"Cold Snap","floor":1},{"not_picked":["Coolheaded","Force Field"],"picked":"Gash","floor":3},{"not_picked":["Compile Driver","Undo"],"picked":"Gash","floor":6},{"not_picked":["Rip and Tear","Ball Lightning"],"picked":"FTL","floor":7},{"not_picked":["Steam","Sweeping Beam","Redo"],"picked":"SKIP","floor":10},{"not_picked":["Hologram","Rainbow"],"picked":"Beam Cell","floor":11},{"not_picked":["Chaos","Rebound"],"picked":"Gash","floor":12},{"not_picked":["Beam Cell","Go for the Eyes"],"picked":"Gash","floor":13},{"not_picked":["Hyperbeam","Biased Cognition"],"picked":"Echo Form","floor":16},{"not_picked":["Cold Snap","Melter"],"picked":"Reinforced Body","floor":18},{"not_picked":["Genetic Algorithm","Stack+1"],"picked":"Coolheaded","floor":20},{"not_picked":["Rebound","Redo+1"],"picked":"Hologram","floor":22},{"not_picked":["Doom and Gloom","Redo"],"picked":"Steam+1","floor":24},{"not_picked":["Compile Driver","Tempest"],"picked":"Core Surge","floor":27},{"not_picked":["Go for the Eyes","Tempest","Fusion"],"picked":"SKIP","floor":28},{"not_picked":["Skim+1","Hello World","Ball Lightning"],"picked":"SKIP","floor":31},{"not_picked":["Hello World","Ball Lightning"],"picked":"Skim+1","floor":31},{"not_picked":["Fission","Multi-Cast"],"picked":"Reboot","floor":33},{"not_picked":["Hello World","Aggregate"],"picked":"BootSequence","floor":35},{"not_picked":["Ball Lightning+1","Coolheaded","Beam Cell"],"picked":"SKIP","floor":39},{"not_picked":["Streamline+1","Rainbow","Double Energy"],"picked":"SKIP","floor":40},{"not_picked":["Doom and Gloom","Go for the Eyes+1","Darkness"],"picked":"SKIP","floor":41},{"not_picked":["Compile Driver","Barrage+1","Static Discharge+1"],"picked":"SKIP","floor":42},{"not_picked":["Fusion+1","Hologram+1"],"picked":"Scrape+1","floor":44},{"not_picked":["Discovery","Good Instincts"],"picked":"Bandage Up","floor":45},{"not_picked":["Lockon+1","Beam Cell+1","Genetic Algorithm"],"picked":"SKIP","floor":46}],"player_experience":1812312,"relics_obtained":[{"floor":6,"key":"Regal Pillow"},{"floor":9,"key":"War Paint"},{"floor":11,"key":"DataDisk"},{"floor":12,"key":"Odd Mushroom"},{"floor":26,"key":"StoneCalendar"},{"floor":28,"key":"Tiny Chest"},{"floor":30,"key":"Bag of Marbles"},{"floor":38,"key":"Nunchaku"},{"floor":40,"key":"Bottled Tornado"},{"floor":40,"key":"Blue Candle"},{"floor":43,"key":"Orichalcum"},{"floor":44,"key":"Sundial"},{"floor":44,"key":"Molten Egg 2"}],"event_choices":[{"cards_removed":["Defend_B"],"damage_healed":0,"gold_gain":0,"player_choice":"Card Removal","damage_taken":0,"max_hp_gain":0,"max_hp_loss":0,"event_name":"The Cleric","floor":2,"gold_loss":50},{"damage_healed":0,"gold_gain":0,"player_choice":"Grow","damage_taken":0,"max_hp_gain":0,"max_hp_loss":0,"event_name":"Living Wall","floor":4,"gold_loss":0,"cards_upgraded":["Zap"]},{"damage_healed":0,"gold_gain":0,"player_choice":"Fought Mushrooms","damage_taken":0,"max_hp_gain":0,"max_hp_loss":0,"event_name":"Mushrooms","floor":12,"gold_loss":0},{"damage_healed":0,"gold_gain":0,"player_choice":"Ignored","damage_taken":0,"max_hp_gain":0,"max_hp_loss":0,"event_name":"Cursed Tome","floor":19,"gold_loss":0},{"damage_healed":0,"gold_gain":0,"player_choice":"Ignored","damage_taken":0,"max_hp_gain":0,"max_hp_loss":0,"event_name":"Ghosts","floor":29,"gold_loss":0},{"damage_healed":0,"gold_gain":0,"player_choice":"Ignored","damage_taken":0,"max_hp_gain":0,"max_hp_loss":0,"event_name":"Tomb of Lord Red Mask","floor":36,"gold_loss":0},{"damage_healed":0,"gold_gain":0,"player_choice":"Fight","damage_taken":0,"max_hp_gain":0,"max_hp_loss":0,"event_name":"MindBloom","floor":38,"gold_loss":0},{"damage_healed":0,"gold_gain":0,"player_choice":"Memory 1","damage_taken":0,"max_hp_gain":0,"max_hp_loss":0,"event_name":"SensoryStone","floor":45,"gold_loss":0},{"damage_healed":0,"gold_gain":0,"player_choice":"Got Potions","damage_taken":0,"max_hp_gain":0,"max_hp_loss":0,"event_name":"Lab","floor":48,"gold_loss":0}],"is_beta":false,"boss_relics":[{"not_picked":["White Beast Statue","Philosopher\u0027s Stone"],"picked":"Sozu"},{"not_picked":["Orrery","Calling Bell"],"picked":"Black Star"}],"items_purged_floors":[5,14],"is_endless":false,"potions_floor_spawned":[3,10,12,22,27,33,35,41,44,46],"ascension_level":1}