{"gold_per_floor":[117,133,133,47,99,99,142,142,142,166,166,210,210,224,224,317,317,333,333,36,61,61,61,76,1,1,1,15,15,15,38,38,127,127,140,140,163,219,238,238,281,281,281,281,281,297,338,115,115,115],"floor_reached":50,"playtime":2514,"items_purged":["Strike_B","Defend_B"],"score":1187,"play_id":"ebaa0296-fece-4485-940b-d169b0a70420","local_time":"20190430200905","is_ascension_mode":true,"campfire_choices":[{"data":"Defragment","floor":8,"key":"SMITH"},{"data":"Storm","floor":11,"key":"SMITH"},{"data":"Storm","floor":13,"key":"SMITH"},{"data":"Sunder","floor":15,"key":"SMITH"},{"data":"Storm","floor":23,"key":"SMITH"},{"data":"Hello World","floor":29,"key":"SMITH"},{"data":"Echo Form","floor":32,"key":"SMITH"},{"floor":40,"key":"REST"},{"data":"Buffer","floor":42,"key":"SMITH"},{"floor":45,"key":"REST"},{"floor":49,"key":"REST"}],"neow_cost":"NONE","seed_source_timestamp":3274977657050300,"circlet_count":0,"master_deck":["AscendersBane","Strike_B+1","Defend_B","Defend_B","Zap","Dualcast","Self Repair","Cold Snap","Sunder+1","Defragment+1","Storm+1","Storm+1","Loop","Cold Snap","Echo Form+1","Steam","Turbo","Storm+1","Storm+1","Hello World+1","Force Field","BootSequence","Electrodynamics","White Noise","Mind Blast+1","Buffer+1","White Noise+1","Self Repair"],"relics":["Cracked Core","Orichalcum","Golden Idol","DataDisk","Blue Candle","Nuclear Battery","DollysMirror","Kunai","Lizard Tail","Mango","Vajra","Whetstone","MawBank"],"potions_floor_usage":[7,14,16,47,50,50],"damage_taken":[{"damage":1,"enemies":"2 Louse","floor":1,"turns":2},{"damage":1,"enemies":"Jaw Worm","floor":2,"turns":4},{"damage":9,"enemies":"Lagavulin","floor":7,"turns":8},{"damage":5,"enemies":"Small Slimes","floor":10,"turns":3},{"damage":17,"enemies":"3 Sentries","floor":12,"turns":5},{"damage":2,"enemies":"Looter","floor":14,"turns":2},{"damage":0,"enemies":"Slime Boss","floor":16,"turns":4},{"damage":0,"enemies":"Chosen","floor":18,"turns":3},{"damage":15,"enemies":"Shell Parasite","floor":21,"turns":2},{"damage":15,"enemies":"Centurion and Healer","floor":24,"turns":3},{"damage":18,"enemies":"Snake Plant","floor":28,"turns":2},{"damage":0,"enemies":"Snecko","floor":31,"turns":2},{"damage":10,"enemies":"Automaton","floor":33,"turns":6},{"damage":9,"enemies":"3 Darklings","floor":35,"turns":2},{"damage":0,"enemies":"3 Shapes","floor":37,"turns":3},{"damage":17,"enemies":"2 Orb Walkers","floor":38,"turns":2},{"damage":2,"enemies":"Maw","floor":39,"turns":4},{"damage":26,"enemies":"Reptomancer","floor":41,"turns":4},{"damage":12,"enemies":"4 Shapes","floor":46,"turns":3},{"damage":0,"enemies":"Nemesis","floor":47,"turns":3},{"damage":186,"enemies":"Awakened One","floor":50,"turns":6}],"seed_played":"460203261325517767","potions_obtained":[{"floor":1,"key":"Weak Potion"},{"floor":10,"key":"Weak Potion"},{"floor":14,"key":"Fire Potion"},{"floor":16,"key":"Strength Potion"},{"floor":21,"key":"Strength Potion"},{"floor":39,"key":"Regen Potion"},{"floor":41,"key":"Block Potion"}],"is_trial":false,"path_per_floor":["M","M","?","$","?","?","E","R","T","M","R","E","R","M","R","B",null,"M","?","$","M","?","R","M","$","T","$","M","R","?","M","R","B",null,"M","?","M","?","M","R","E","R","T","?","R","M","E","$","R","B"],"character_chosen":"DEFECT","items_purchased":["Defragment","Storm","DollysMirror","Swift Potion","Self Repair"],"campfire_rested":3,"item_purchase_floors":[4,20,20,48,48],"current_hp_per_floor":[63,69,69,69,69,45,43,43,43,45,45,35,35,33,33,40,63,63,63,63,55,55,55,40,40,40,40,22,22,22,22,22,19,58,49,49,49,46,51,76,57,57,57,57,82,70,70,70,85,0],"gold":115,"neow_bonus":"RANDOM_COMMON_RELIC","is_prod":false,"is_daily":false,"chose_seed":false,"campfire_upgraded":8,"win_rate":0,"timestamp":1556651345,"path_taken":["M","M","?","$","?","?","E","R","T","M","R","E","R","M","R","BOSS","M","?","$","M","?","R","?","$","T","?","?","R","?","M","R","BOSS","M","?","M","?","M","R","E","R","T","?","R","?","E","$","R","BOSS"],"build_version":"2019-01-23","purchased_purges":2,"victory":false,"max_hp_per_floor":[71,71,71,71,71,71,71,71,71,71,71,71,71,71,71,71,71,71,71,71,71,71,71,71,71,71,71,71,71,71,71,71,71,71,71,71,71,85,85,85,85,85,85,85,85,85,85,85,85,85],"card_choices":[{"not_picked":["Fusion","Turbo"],"picked":"Self Repair","floor":1},{"not_picked":["Redo","Go for the Eyes"],"picked":"Cold Snap","floor":2},{"not_picked":["Leap","Gash"],"picked":"Storm","floor":7},{"not_picked":["Compile Driver","Barrage"],"picked":"Storm","floor":10},{"not_picked":["Go for the Eyes","Skim"],"picked":"Loop","floor":12},{"not_picked":["Steam","Redo"],"picked":"Cold Snap","floor":14},{"not_picked":["All For One","Reboot"],"picked":"Echo Form","floor":16},{"not_picked":["Redo","Chaos","Rebound"],"picked":"SKIP","floor":18},{"not_picked":["Sunder","Rebound"],"picked":"Hello World","floor":21},{"not_picked":["Self Repair","Beam Cell"],"picked":"Force Field","floor":24},{"not_picked":["Turbo","Ball Lightning"],"picked":"BootSequence","floor":28},{"not_picked":["Hologram","Compile Driver","Melter"],"picked":"SKIP","floor":31},{"not_picked":["Biased Cognition","Rainbow"],"picked":"Electrodynamics","floor":33},{"not_picked":["Streamline","Hologram"],"picked":"White Noise","floor":35},{"not_picked":["Finesse","Flash of Steel"],"picked":"Mind Blast","floor":36},{"not_picked":["Barrage","Ball Lightning","Hologram+1"],"picked":"SKIP","floor":37},{"not_picked":["Beam Cell","Meteor Strike","Sweeping Beam"],"picked":"SKIP","floor":39},{"not_picked":["Ball Lightning+1","Go for the Eyes"],"picked":"Buffer","floor":41},{"not_picked":["Steam","Leap"],"picked":"White Noise+1","floor":46},{"not_picked":["Steam Power","Lockon+1","Chaos+1"],"picked":"SKIP","floor":47},{"not_picked":["Steam Power","Lockon+1","Chaos+1"],"picked":"SKIP","floor":47}],"player_experience":268832,"relics_obtained":[{"floor":7,"key":"DataDisk"},{"floor":12,"key":"Blue Candle"},{"floor":26,"key":"Kunai"},{"floor":38,"key":"Mango"},{"floor":41,"key":"Vajra"},{"floor":43,"key":"Whetstone"},{"floor":47,"key":"MawBank"}],"event_choices":[{"damage_healed":0,"gold_gain":0,"cards_transformed":["Defend_B"],"player_choice":"Change","damage_taken":0,"max_hp_gain":0,"max_hp_loss":0,"event_name":"Living Wall","floor":3,"gold_loss":0,"cards_obtained":["Sunder"]},{"damage_healed":0,"gold_gain":52,"player_choice":"Gained Gold","damage_taken":0,"max_hp_gain":0,"max_hp_loss":0,"event_name":"Golden Wing","floor":5,"gold_loss":0},{"damage_healed":0,"gold_gain":0,"player_choice":"Take Damage","damage_taken":24,"relics_obtained":["Golden Idol"],"max_hp_gain":0,"max_hp_loss":0,"event_name":"Golden Idol","floor":6,"gold_loss":0},{"damage_healed":0,"gold_gain":0,"cards_transformed":["Strike_B","Strike_B"],"player_choice":"Became Test Subject","damage_taken":0,"max_hp_gain":0,"max_hp_loss":0,"event_name":"Drug Dealer","floor":19,"gold_loss":0,"cards_obtained":["Steam","Turbo"]},{"damage_healed":0,"gold_gain":0,"player_choice":"Ignored","damage_taken":0,"max_hp_gain":0,"max_hp_loss":0,"event_name":"N\u0027loth","floor":22,"gold_loss":0},{"damage_healed":0,"gold_gain":0,"player_choice":"Ignored","damage_taken":0,"max_hp_gain":0,"max_hp_loss":0,"event_name":"Cursed Tome","floor":30,"gold_loss":0},{"damage_healed":0,"gold_gain":0,"player_choice":"Memory 1","damage_taken":0,"max_hp_gain":0,"max_hp_loss":0,"event_name":"SensoryStone","floor":36,"gold_loss":0},{"damage_healed":0,"gold_gain":0,"player_choice":"Fight","damage_taken":0,"max_hp_gain":0,"max_hp_loss":0,"event_name":"Mysterious Sphere","floor":38,"gold_loss":0},{"damage_healed":0,"gold_gain":0,"player_choice":"Ignored","damage_taken":0,"max_hp_gain":0,"max_hp_loss":0,"event_name":"Tomb of Lord Red Mask","floor":44,"gold_loss":0}],"is_beta":false,"boss_relics":[{"not_picked":["Calling Bell","Ectoplasm"],"picked":"Nuclear Battery"},{"not_picked":["FrozenCore","Pandora\u0027s Box"],"picked":"Lizard Tail"}],"items_purged_floors":[25,48],"is_endless":false,"potions_floor_spawned":[1,10,14,16,21,33,35,39,41,46],"killed_by":"Awakened One","ascension_level":20}