{"gold_per_floor":[360,379,392,9,29,29,61,48,75,24,50,0,0,12,12,108,108,122,133,160,259,169,169,187,203,227,227,243,275,275,275,275,275],"floor_reached":33,"playtime":1698,"items_purged":["Regret","Defend_R"],"score":405,"play_id":"f2027aeb-308a-49a1-8b40-60c6737b6092","local_time":"20190414113717","is_ascension_mode":true,"campfire_choices":[{"data":"Perfected Strike","floor":6,"key":"SMITH"},{"data":"Shockwave","floor":15,"key":"SMITH"},{"floor":23,"key":"REST"},{"data":"Double Tap","floor":27,"key":"SMITH"},{"floor":32,"key":"REST"}],"neow_cost":"CURSE","seed_source_timestamp":93461393768853,"circlet_count":0,"master_deck":["Strike_R+1","Strike_R+1","Strike_R+1","Strike_R+1","Strike_R+1","Defend_R+1","Defend_R+1","Defend_R+1","Bash+1","Battle Trance+1","Perfected Strike+1","Twin Strike+1","Shockwave+1","Shrug It Off","Shrug It Off","Double Tap+1","Whirlwind","Evolve","Headbutt","Twin Strike"],"relics":["Burning Blood","Membership Card","Blood Vial","Juzu Bracelet","War Paint","Regal Pillow","Shuriken","Sozu","Red Mask","Whetstone","Bag of Marbles"],"potions_floor_usage":[7,7,16,19],"damage_taken":[{"damage":3,"enemies":"2 Louse","floor":1,"turns":4},{"damage":3,"enemies":"Cultist","floor":2,"turns":4},{"damage":25,"enemies":"Jaw Worm","floor":3,"turns":4},{"damage":7,"enemies":"3 Louse","floor":5,"turns":3},{"damage":0,"enemies":"Lagavulin","floor":7,"turns":4},{"damage":8,"enemies":"Gremlin Nob","floor":11,"turns":3},{"damage":15,"enemies":"Exordium Thugs","floor":14,"turns":3},{"damage":16,"enemies":"The Guardian","floor":16,"turns":10},{"damage":0,"enemies":"Chosen","floor":18,"turns":2},{"damage":6,"enemies":"2 Thieves","floor":19,"turns":3},{"damage":40,"enemies":"Masked Bandits","floor":20,"turns":4},{"damage":28,"enemies":"Shelled Parasite and Fungi","floor":24,"turns":4},{"damage":18,"enemies":"Snake Plant","floor":25,"turns":3},{"damage":7,"enemies":"Snecko","floor":28,"turns":5},{"damage":26,"enemies":"Book of Stabbing","floor":29,"turns":5},{"damage":78,"enemies":"Collector","floor":33,"turns":7}],"seed_played":"3069086313102614530","potions_obtained":[{"floor":3,"key":"Block Potion"},{"floor":5,"key":"PowerPotion"},{"floor":14,"key":"Fire Potion"},{"floor":16,"key":"PowerPotion"}],"is_trial":false,"path_per_floor":["M","M","M","$","M","R","E","$","T","?","E","$","?","M","R","B",null,"M","M","?","?","?","R","M","M","T","R","M","E","?","?","R","B"],"character_chosen":"IRONCLAD","items_purchased":["Membership Card","Twin Strike","Blood Vial","Shrug It Off"],"campfire_rested":2,"item_purchase_floors":[4,4,4,8],"current_hp_per_floor":[75,78,59,59,60,60,68,68,68,68,68,68,68,61,61,53,73,80,80,46,46,46,80,58,48,48,48,49,31,31,16,56,0],"gold":275,"neow_bonus":"TWO_FIFTY_GOLD","is_prod":false,"is_daily":false,"chose_seed":false,"campfire_upgraded":3,"win_rate":0,"timestamp":1555209437,"path_taken":["M","M","M","$","M","R","E","$","T","?","E","?","?","M","R","BOSS","M","M","?","?","?","R","M","M","T","R","M","E","?","?","R","BOSS"],"build_version":"2019-01-23","purchased_purges":2,"victory":false,"max_hp_per_floor":[80,80,80,80,80,80,80,80,80,80,80,80,80,80,80,80,80,80,80,80,80,80,80,80,80,80,80,80,80,80,85,85,85],"card_choices":[{"not_picked":["Havoc","Fire Breathing"],"picked":"Cleave","floor":1},{"not_picked":["Shrug It Off","Rage"],"picked":"Battle Trance","floor":2},{"not_picked":["Clash","Warcry"],"picked":"Perfected Strike","floor":3},{"not_picked":["Iron Wave","Body Slam"],"picked":"Shockwave","floor":5},{"not_picked":["Fiend Fire","Fire Breathing","Body Slam"],"picked":"SKIP","floor":7},{"not_picked":["Cleave","Flex","Entrench"],"picked":"SKIP","floor":11},{"not_picked":["Rage","Heavy Blade"],"picked":"Shrug It Off","floor":14},{"not_picked":["Fiend Fire","Dark Embrace"],"picked":"Double Tap","floor":16},{"not_picked":["Bloodletting","Second Wind"],"picked":"Whirlwind","floor":18},{"not_picked":["Feel No Pain","Sword Boomerang"],"picked":"Evolve","floor":19},{"not_picked":["Sever Soul","Sword Boomerang"],"picked":"Headbutt","floor":20},{"not_picked":["Sword Boomerang+1","Clothesline","Shrug It Off"],"picked":"SKIP","floor":24},{"not_picked":["Whirlwind","Rupture","Sword Boomerang"],"picked":"SKIP","floor":25},{"not_picked":["Clothesline","Power Through"],"picked":"Twin Strike","floor":28},{"not_picked":["Searing Blow+1","Iron Wave","Flex"],"picked":"SKIP","floor":29}],"player_experience":331039,"relics_obtained":[{"floor":7,"key":"Juzu Bracelet"},{"floor":9,"key":"War Paint"},{"floor":11,"key":"Shuriken"},{"floor":20,"key":"Red Mask"},{"floor":26,"key":"Whetstone"},{"floor":29,"key":"Bag of Marbles"}],"event_choices":[{"damage_healed":0,"gold_gain":0,"player_choice":"Paid Gold","damage_taken":0,"relics_obtained":["Regal Pillow"],"max_hp_gain":0,"max_hp_loss":0,"event_name":"WeMeetAgain","floor":10,"gold_loss":51},{"damage_healed":0,"gold_gain":0,"player_choice":"Grow","damage_taken":0,"max_hp_gain":0,"max_hp_loss":0,"event_name":"Living Wall","floor":13,"gold_loss":0,"cards_upgraded":["Battle Trance"]},{"damage_healed":0,"gold_gain":0,"player_choice":"Fought Bandits","damage_taken":0,"max_hp_gain":0,"max_hp_loss":0,"event_name":"Masked Bandits","floor":20,"gold_loss":0},{"damage_healed":0,"gold_gain":99,"player_choice":"Stole From Cult","damage_taken":0,"max_hp_gain":0,"max_hp_loss":0,"event_name":"Nest","floor":21,"gold_loss":0},{"cards_removed":["Cleave"],"damage_healed":0,"gold_gain":0,"player_choice":"Upgrade and Remove","damage_taken":0,"max_hp_gain":0,"max_hp_loss":0,"event_name":"Designer","floor":22,"gold_loss":90,"cards_upgraded":["Strike_R"]},{"damage_healed":0,"gold_gain":0,"player_choice":"Simplicity","damage_taken":0,"max_hp_gain":0,"max_hp_loss":0,"event_name":"Back to Basics","floor":30,"gold_loss":0,"cards_upgraded":["Strike_R","Strike_R","Strike_R","Strike_R","Defend_R"]},{"damage_healed":0,"gold_gain":0,"player_choice":"Shed Blood","damage_taken":20,"max_hp_gain":5,"max_hp_loss":0,"event_name":"Forgotten Altar","floor":31,"gold_loss":0}],"is_beta":false,"boss_relics":[{"not_picked":["Runic Dome","Ectoplasm"],"picked":"Sozu"}],"items_purged_floors":[4,12],"is_endless":false,"potions_floor_spawned":[3,5,14,16,18,24,28],"killed_by":"Collector","ascension_level":7}