{"gold_per_floor":[115,30,30,42,58,58,91,91,91,102,119,119,119],"floor_reached":13,"playtime":297,"items_purged":[],"score":153,"play_id":"c1ee8cd0-1bfa-4a04-a208-6d9e24bf81af","local_time":"20190506131934","is_ascension_mode":true,"campfire_choices":[{"data":"Demon Form","floor":6,"key":"SMITH"},{"data":"Heavy Blade","floor":8,"key":"SMITH"}],"neow_cost":"NONE","seed_source_timestamp":566869138530700,"circlet_count":0,"master_deck":["AscendersBane","Strike_R","Strike_R","Strike_R","Strike_R","Strike_R","Defend_R","Defend_R","Defend_R","Defend_R","Bash","Heavy Blade+1","Demon Form+1","Pain","Ghostly Armor","True Grit","Pummel","Flame Barrier"],"relics":["Burning Blood","NeowsBlessing","WarpedTongs","Paper Frog","Question Card"],"potions_floor_usage":[7,7,13],"damage_taken":[{"damage":0,"enemies":"Small Slimes","floor":1,"turns":1},{"damage":1,"enemies":"Cultist","floor":4,"turns":1},{"damage":0,"enemies":"2 Louse","floor":5,"turns":1},{"damage":23,"enemies":"Lagavulin","floor":7,"turns":6},{"damage":29,"enemies":"Large Slime","floor":10,"turns":5},{"damage":6,"enemies":"2 Fungi Beasts","floor":11,"turns":5},{"damage":36,"enemies":"The Mushroom Lair","floor":13,"turns":5}],"seed_played":"2527904381451512527","potions_obtained":[{"floor":4,"key":"Poison Potion"},{"floor":5,"key":"SteroidPotion"},{"floor":10,"key":"Poison Potion"}],"is_trial":false,"path_per_floor":["M","$","?","M","M","R","E","R","T","M","M","$","?"],"character_chosen":"IRONCLAD","items_purchased":["Demon Form"],"campfire_rested":0,"item_purchase_floors":[2],"current_hp_per_floor":[74,74,74,75,75,75,58,58,58,35,35,35,0],"gold":119,"neow_bonus":"THREE_ENEMY_KILL","is_prod":false,"is_daily":false,"chose_seed":false,"campfire_upgraded":2,"win_rate":0,"timestamp":1557141574,"path_taken":["M","$","?","?","M","R","E","R","T","M","M","$","?"],"build_version":"2019-01-23","purchased_purges":0,"victory":false,"max_hp_per_floor":[75,75,75,75,75,75,75,75,75,75,75,75,75],"card_choices":[{"not_picked":["Sword Boomerang","Twin Strike"],"picked":"Heavy Blade","floor":1},{"not_picked":["Seeing Red","Whirlwind"],"picked":"Ghostly Armor","floor":4},{"not_picked":["Body Slam","Twin Strike"],"picked":"True Grit","floor":5},{"not_picked":["Cleave","Warcry"],"picked":"Pummel","floor":7},{"not_picked":["Cleave","Hemokinesis","Wild Strike"],"picked":"Flame Barrier","floor":10},{"not_picked":["Havoc","Seeing Red","Thunderclap","Headbutt"],"picked":"SKIP","floor":11}],"player_experience":1143964,"relics_obtained":[{"floor":7,"key":"Paper Frog"},{"floor":9,"key":"Question Card"}],"event_choices":[{"damage_healed":0,"gold_gain":0,"player_choice":"Rummage","damage_taken":0,"relics_obtained":["WarpedTongs"],"max_hp_gain":0,"max_hp_loss":0,"event_name":"Accursed Blacksmith","floor":3,"gold_loss":0,"cards_obtained":["Pain"]},{"damage_healed":0,"gold_gain":0,"player_choice":"Fought Mushrooms","damage_taken":0,"max_hp_gain":0,"max_hp_loss":0,"event_name":"Mushrooms","floor":13,"gold_loss":0}],"is_beta":false,"boss_relics":[],"items_purged_floors":[],"is_endless":false,"potions_floor_spawned":[4,5,10],"killed_by":"The Mushroom Lair","ascension_level":16}