{"gold_per_floor":[110,126,136,154,52,52,67,67,91,91,119,129,129,129,129,232,232,249,261,275,107,126,126,140,140,140,158,83,83,112,37,37,138,138,154,171,271,146,157,186,206,235,235,235,253,133,133,145,145,145],"floor_reached":51,"playtime":3343,"items_purged":["Strike_R","Strike_R","Strike_R","Strike_R"],"score":866,"play_id":"50371547-0e96-4f65-af01-ce30bb645b26","local_time":"20181201180635","is_ascension_mode":false,"campfire_choices":[{"data":"Body Slam","floor":6,"key":"SMITH"},{"data":"Shrug It Off","floor":10,"key":"SMITH"},{"data":"Shrug It Off","floor":13,"key":"SMITH"},{"floor":15,"key":"REST"},{"data":"Metallicize","floor":23,"key":"SMITH"},{"data":"Battle Trance","floor":25,"key":"SMITH"},{"data":"Impervious","floor":29,"key":"SMITH"},{"data":"Metallicize","floor":32,"key":"SMITH"},{"data":"Shrug It Off","floor":47,"key":"SMITH"},{"data":"Offering","floor":49,"key":"SMITH"}],"neow_cost":"NONE","seed_source_timestamp":98801233113843,"circlet_count":0,"master_deck":["Defend_R","Defend_R","Defend_R","Defend_R","Bash","Shrug It Off+1","Body Slam+1","Shrug It Off+1","Battle Trance+1","Impervious+1","Metallicize+1","Pommel Strike+1","Body Slam+1","Metallicize+1","Offering+1","Flame Barrier+1","Shrug It Off+1","Entrench+1"],"relics":["Burning Blood","Bronze Scales","Lantern","Runic Cube","Anchor","Ancient Tea Set","Black Star","Calipers","Art of War","Boot","Sundial","The Courier","Mummified Hand"],"potions_floor_usage":[3,11,14,18,24,33,33,37,42,50,50],"damage_taken":[{"damage":6,"enemies":"Jaw Worm","floor":1,"turns":6},{"damage":0,"enemies":"2 Louse","floor":2,"turns":3},{"damage":3,"enemies":"Small Slimes","floor":3,"turns":3},{"damage":14,"enemies":"Exordium Thugs","floor":4,"turns":6},{"damage":5,"enemies":"2 Fungi Beasts","floor":7,"turns":4},{"damage":41,"enemies":"3 Sentries","floor":11,"turns":10},{"damage":5,"enemies":"Lots of Slimes","floor":12,"turns":4},{"damage":0,"enemies":"Gremlin Nob","floor":14,"turns":1},{"damage":74,"enemies":"Slime Boss","floor":16,"turns":20},{"damage":20,"enemies":"Spheric Guardian","floor":18,"turns":6},{"damage":0,"enemies":"Shell Parasite","floor":19,"turns":5},{"damage":9,"enemies":"Snake Plant","floor":20,"turns":4},{"damage":12,"enemies":"Snecko","floor":22,"turns":6},{"damage":5,"enemies":"Centurion and Healer","floor":24,"turns":7},{"damage":0,"enemies":"Cultist and Chosen","floor":27,"turns":8},{"damage":0,"enemies":"Gremlin Leader","floor":30,"turns":4},{"damage":35,"enemies":"Collector","floor":33,"turns":9},{"damage":6,"enemies":"3 Shapes","floor":35,"turns":4},{"damage":6,"enemies":"3 Darklings","floor":36,"turns":6},{"damage":8,"enemies":"Mind Bloom Boss Battle","floor":37,"turns":6},{"damage":1,"enemies":"Transient","floor":39,"turns":5},{"damage":6,"enemies":"Nemesis","floor":40,"turns":3},{"damage":6,"enemies":"Jaw Worm Horde","floor":41,"turns":4},{"damage":6,"enemies":"Reptomancer","floor":42,"turns":4},{"damage":6,"enemies":"4 Shapes","floor":45,"turns":11},{"damage":0,"enemies":"Writhing Mass","floor":48,"turns":3},{"damage":6,"enemies":"Awakened One","floor":50,"turns":5}],"seed_played":"-3639649807576896290","potions_obtained":[{"floor":2,"key":"Ancient Potion"},{"floor":4,"key":"Ancient Potion"},{"floor":12,"key":"SmokeBomb"},{"floor":16,"key":"PowerPotion"},{"floor":20,"key":"SneckoOil"},{"floor":22,"key":"Dexterity Potion"},{"floor":27,"key":"Fire Potion"},{"floor":30,"key":"SpeedPotion"},{"floor":36,"key":"Dexterity Potion"},{"floor":40,"key":"Weak Potion"},{"floor":45,"key":"Ancient Potion"},{"floor":48,"key":"SkillPotion"}],"is_trial":false,"path_per_floor":["M","M","M","M","$","R","M","?","T","R","E","M","R","E","R","B",null,"M","M","M","$","M","R","M","R","T","M","?","R","E","$","R","B",null,"M","M","?","$","M","E","M","E","T","?","M","$","R","M","R","B",null],"character_chosen":"IRONCLAD","items_purchased":["Shrug It Off","Metallicize","Metallicize"],"campfire_rested":1,"item_purchase_floors":[5,21,31],"current_hp_per_floor":[88,88,88,80,80,80,81,86,86,86,51,52,52,58,85,17,93,79,85,82,82,76,76,77,77,77,83,83,83,89,89,89,60,93,93,93,91,91,93,93,93,93,93,93,93,93,93,93,93,93],"gold":145,"neow_bonus":"TEN_PERCENT_HP_BONUS","is_prod":false,"is_daily":false,"chose_seed":false,"campfire_upgraded":9,"win_rate":0,"timestamp":1543683995,"path_taken":["M","M","M","M","$","R","M","?","T","R","E","M","R","E","R","BOSS","M","M","M","$","M","R","M","R","T","M","?","R","E","$","R","BOSS","M","M","?","$","M","E","M","E","T","?","M","$","R","M","R","BOSS"],"build_version":"2018-11-15","purchased_purges":4,"victory":true,"max_hp_per_floor":[88,88,88,88,88,88,88,93,93,93,93,93,93,93,93,93,93,93,93,93,93,93,93,93,93,93,93,93,93,93,93,93,93,93,93,93,93,93,93,93,93,93,93,93,93,93,93,93,93,93],"card_choices":[{"not_picked":["Twin Strike","Uppercut"],"picked":"Shrug It Off","floor":1},{"not_picked":["Armaments","Spot Weakness"],"picked":"Body Slam","floor":2},{"not_picked":["Havoc","Combust","Disarm"],"picked":"SKIP","floor":3},{"not_picked":["True Grit","Bludgeon","Second Wind"],"picked":"SKIP","floor":4},{"not_picked":["Armaments","Evolve","Perfected Strike"],"picked":"SKIP","floor":7},{"not_picked":["Exhume","Heavy Blade"],"picked":"Battle Trance","floor":11},{"not_picked":["Havoc","Clothesline","Clash"],"picked":"SKIP","floor":12},{"not_picked":["Reaper","Feed"],"picked":"Impervious","floor":16},{"not_picked":["Armaments+1","Flex","Sentinel"],"picked":"SKIP","floor":18},{"not_picked":["Perfected Strike","Cleave","Burning Pact+1"],"picked":"SKIP","floor":19},{"not_picked":["Pummel","Burning Pact","Shockwave"],"picked":"SKIP","floor":20},{"not_picked":["Power Through","Infernal Blade","Flex"],"picked":"SKIP","floor":22},{"not_picked":["Wild Strike","Uppercut"],"picked":"Pommel Strike+1","floor":24},{"not_picked":["Burning Pact","Spot Weakness"],"picked":"Body Slam+1","floor":27},{"not_picked":["Sword Boomerang+1","Hemokinesis","Sever Soul"],"picked":"SKIP","floor":30},{"not_picked":["Impervious","Demon Form"],"picked":"Offering","floor":33},{"not_picked":["Clash","Bloodletting"],"picked":"Flame Barrier+1","floor":35},{"not_picked":["Iron Wave+1","Perfected Strike","Power Through+1"],"picked":"SKIP","floor":36},{"not_picked":["Seeing Red+1","Shockwave","Wild Strike+1"],"picked":"SKIP","floor":39},{"not_picked":["Evolve+1","True Grit+1","Offering"],"picked":"SKIP","floor":40},{"not_picked":["True Grit","Clothesline"],"picked":"Shrug It Off","floor":41},{"not_picked":["Whirlwind+1","Pommel Strike"],"picked":"Entrench+1","floor":42},{"not_picked":["Anger+1","Headbutt","Shockwave+1"],"picked":"SKIP","floor":45},{"not_picked":["Thunderclap+1","Iron Wave","Clothesline"],"picked":"SKIP","floor":48}],"player_experience":308272,"relics_obtained":[{"floor":9,"key":"Bronze Scales"},{"floor":11,"key":"Lantern"},{"floor":26,"key":"Anchor"},{"floor":30,"key":"Ancient Tea Set"},{"floor":37,"key":"Calipers"},{"floor":40,"key":"Art of War"},{"floor":40,"key":"Boot"},{"floor":42,"key":"Sundial"},{"floor":42,"key":"The Courier"},{"floor":43,"key":"Mummified Hand"}],"event_choices":[{"damage_healed":0,"gold_gain":0,"player_choice":"Donut","damage_taken":0,"max_hp_gain":5,"max_hp_loss":0,"event_name":"Big Fish","floor":8,"gold_loss":0},{"cards_removed":["Strike_R"],"damage_healed":0,"gold_gain":0,"player_choice":"Gave Gold","damage_taken":0,"max_hp_gain":0,"max_hp_loss":0,"event_name":"Beggar","floor":28,"gold_loss":75},{"damage_healed":0,"gold_gain":0,"player_choice":"Fight","damage_taken":0,"max_hp_gain":0,"max_hp_loss":0,"event_name":"MindBloom","floor":37,"gold_loss":0},{"damage_healed":0,"gold_gain":0,"player_choice":"Memory 1","damage_taken":0,"max_hp_gain":0,"max_hp_loss":0,"event_name":"SensoryStone","floor":44,"gold_loss":0}],"is_beta":false,"boss_relics":[{"not_picked":["Ectoplasm","Runic Dome"],"picked":"Runic Cube"},{"not_picked":["Black Blood","Runic Pyramid"],"picked":"Black Star"}],"items_purged_floors":[5,21,38,46],"is_endless":false,"potions_floor_spawned":[2,4,12,16,20,22,27,30,36,40,45,48],"ascension_level":0}