{"gold_per_floor":[116,130,147,162,176,176,210,210,210,229,229,229,262,276,276,379,379,319,331,347,347],"floor_reached":21,"playtime":1681,"items_purged":[],"score":222,"play_id":"728a6c17-bb34-452c-b9eb-2f74125ca8d4","local_time":"20190416003546","is_ascension_mode":true,"campfire_choices":[{"data":"Footwork","floor":6,"key":"SMITH"},{"data":"Escape Plan","floor":8,"key":"SMITH"},{"data":"Backflip","floor":12,"key":"SMITH"},{"data":"Night Terror","floor":15,"key":"SMITH"}],"neow_cost":"NONE","seed_source_timestamp":525145764127000,"circlet_count":0,"master_deck":["Defend_G","Defend_G","Defend_G","Defend_G","Defend_G","Strike_G","Strike_G","Strike_G","Strike_G","Survivor","Neutralize","Backflip+1","Doppelganger","Footwork+1","Escape Plan+1","Dodge and Roll","Night Terror+1","Adrenaline","Blur","Backflip+1"],"relics":["Ring of the Snake","NeowsBlessing","Question Card","Vajra","Runic Dome"],"potions_floor_usage":[7,7,20,20],"damage_taken":[{"damage":0,"enemies":"2 Louse","floor":1,"turns":1},{"damage":0,"enemies":"Cultist","floor":2,"turns":1},{"damage":0,"enemies":"Small Slimes","floor":3,"turns":1},{"damage":1,"enemies":"2 Fungi Beasts","floor":4,"turns":4},{"damage":6,"enemies":"Looter","floor":5,"turns":4},{"damage":15,"enemies":"Gremlin Nob","floor":7,"turns":5},{"damage":1,"enemies":"Red Slaver","floor":10,"turns":7},{"damage":33,"enemies":"3 Sentries","floor":13,"turns":25},{"damage":4,"enemies":"Large Slime","floor":14,"turns":11},{"damage":8,"enemies":"The Guardian","floor":16,"turns":32},{"damage":15,"enemies":"2 Thieves","floor":18,"turns":4},{"damage":11,"enemies":"3 Byrds","floor":19,"turns":11},{"damage":39,"enemies":"Cultist and Chosen","floor":20,"turns":14},{"damage":3,"enemies":"Centurion and Healer","floor":21,"turns":23}],"seed_played":"4471086826537765398","potions_obtained":[{"floor":3,"key":"FearPotion"},{"floor":5,"key":"EssenceOfSteel"},{"floor":14,"key":"FearPotion"},{"floor":16,"key":"Strength Potion"}],"is_trial":false,"path_per_floor":["M","M","M","M","M","R","E","R","T","M","?","R","E","M","R","B",null,"M","M","M","M"],"character_chosen":"THE_SILENT","items_purchased":[],"campfire_rested":0,"item_purchase_floors":[],"current_hp_per_floor":[70,70,70,69,63,63,48,48,48,47,47,47,14,10,10,2,70,55,44,5,2],"gold":347,"neow_bonus":"THREE_ENEMY_KILL","is_prod":false,"is_daily":false,"chose_seed":false,"campfire_upgraded":4,"win_rate":0,"timestamp":1555367746,"path_taken":["M","M","M","M","M","R","E","R","T","M","?","R","E","M","R","BOSS","M","M","M","M"],"build_version":"2019-01-23","purchased_purges":0,"victory":false,"max_hp_per_floor":[70,70,70,70,70,70,70,70,70,70,70,70,70,70,70,70,70,70,70,70,70],"card_choices":[{"not_picked":["Blade Dance","Cloak And Dagger"],"picked":"Backflip","floor":1},{"not_picked":["Deadly Poison","Dagger Spray","Quick Slash"],"picked":"SKIP","floor":2},{"not_picked":["Prepared","Cloak And Dagger","Acrobatics"],"picked":"SKIP","floor":3},{"not_picked":["Backstab","Finisher"],"picked":"Doppelganger","floor":4},{"not_picked":["Quick Slash","Dagger Throw"],"picked":"Footwork","floor":5},{"not_picked":["Expertise","Deadly Poison"],"picked":"Escape Plan","floor":7},{"not_picked":["Quick Slash","Deadly Poison","Catalyst"],"picked":"Dodge and Roll","floor":10},{"not_picked":["Deflect","Masterful Stab","Finisher"],"picked":"Night Terror","floor":13},{"not_picked":["Blade Dance","Flechettes","Reflex","Sucker Punch"],"picked":"SKIP","floor":14},{"not_picked":["Unload","Doppelganger","Venomology"],"picked":"Adrenaline","floor":16},{"not_picked":["Underhanded Strike","Riddle With Holes","Slice","Expertise"],"picked":"SKIP","floor":18},{"not_picked":["Bouncing Flask+1","Cloak And Dagger","Die Die Die"],"picked":"Blur","floor":19},{"not_picked":["Cloak And Dagger+1","Sucker Punch","Acrobatics"],"picked":"Backflip+1","floor":20}],"player_experience":482954,"relics_obtained":[{"floor":7,"key":"Question Card"},{"floor":13,"key":"Vajra"}],"event_choices":[{"cards_removed":["Strike_G"],"damage_healed":0,"gold_gain":0,"player_choice":"Purged","damage_taken":0,"max_hp_gain":0,"max_hp_loss":0,"event_name":"Purifier","floor":11,"gold_loss":0}],"is_beta":false,"boss_relics":[{"not_picked":["WristBlade","Fusion Hammer"],"picked":"Runic Dome"}],"items_purged_floors":[],"is_endless":false,"potions_floor_spawned":[3,5,14,16],"killed_by":"Centurion and Healer","ascension_level":3}