{"gold_per_floor":[114,114,39,57,75,110,110,110,157,190,209,209,222,9,9,111,111,123,133,133,146,41,75,75,85,85,119,143,170,30,30,30,134,134,147,157,157,172,172,172,272,289,289,318,318,5,31,31,31,31],"floor_reached":51,"playtime":4546,"items_purged":["Regret"],"score":752,"play_id":"66f52658-6e02-4567-912a-203de6fa3525","local_time":"20190428212245","is_ascension_mode":true,"campfire_choices":[{"data":"Zap","floor":8.0,"key":"SMITH"},{"data":"Hologram","floor":12.0,"key":"SMITH"},{"floor":15.0,"key":"REST"},{"floor":24.0,"key":"REST"},{"floor":32.0,"key":"REST"},{"data":"Creative AI","floor":40,"key":"SMITH"},{"floor":45,"key":"REST"},{"data":"Skim+1","floor":49,"key":"PURGE"}],"neow_cost":"CURSE","seed_source_timestamp":0,"circlet_count":0,"master_deck":["Zap+1","Dualcast","Swift Strike+1","Melter+1","Coolheaded","Hologram+1","Defragment+1","Beam Cell","Go for the Eyes","Mayhem","Seek+1","Chaos+1","Force Field+1","Gash","Doom and Gloom+1","White Noise+1","Streamline","Cold Snap","Chaos+1","Steam+1","Redo+1","Creative AI+1","Hyperbeam","Loop","Beam Cell","Redo+1","Thunder Strike","White Noise+1","Rip and Tear+1","Rainbow+1","Apotheosis+1"],"special_seed":0,"relics":["Cracked Core","Anchor","Ancient Tea Set","Bag of Preparation","Toxic Egg 2","Astrolabe","Shuriken","Calipers","Art of War","Whetstone","The Courier","PreservedInsect","Pandora\u0027s Box","Peace Pipe","Centennial Puzzle","Thread and Needle","Lee\u0027s Waffle","Strawberry"],"potions_floor_usage":[33,38,44,44,44,50],"damage_taken":[{"damage":3.0,"enemies":"Jaw Worm","floor":1.0,"turns":4.0},{"damage":1.0,"enemies":"Cultist","floor":4.0,"turns":3.0},{"damage":0.0,"enemies":"Small Slimes","floor":5.0,"turns":2.0},{"damage":19.0,"enemies":"Lagavulin","floor":6.0,"turns":7.0},{"damage":20.0,"enemies":"Gremlin Nob","floor":10.0,"turns":4.0},{"damage":0.0,"enemies":"Red Slaver","floor":11.0,"turns":2.0},{"damage":3.0,"enemies":"Large Slime","floor":13.0,"turns":4.0},{"damage":2.0,"enemies":"Hexaghost","floor":16.0,"turns":8.0},{"damage":0.0,"enemies":"Chosen","floor":18.0,"turns":4.0},{"damage":17.0,"enemies":"2 Thieves","floor":19.0,"turns":3.0},{"damage":6.0,"enemies":"Centurion and Healer","floor":21.0,"turns":5.0},{"damage":22.0,"enemies":"Gremlin Leader","floor":23.0,"turns":4.0},{"damage":0.0,"enemies":"Chosen and Byrds","floor":25.0,"turns":4.0},{"damage":18.0,"enemies":"Book of Stabbing","floor":27.0,"turns":6.0},{"damage":4.0,"enemies":"Slavers","floor":29.0,"turns":2.0},{"damage":19,"enemies":"Collector","floor":33,"turns":6},{"damage":0,"enemies":"3 Shapes","floor":35,"turns":3},{"damage":3,"enemies":"Orb Walker","floor":36,"turns":3},{"damage":40,"enemies":"3 Darklings","floor":38,"turns":4},{"damage":6,"enemies":"Mind Bloom Boss Battle","floor":41,"turns":6},{"damage":31,"enemies":"Writhing Mass","floor":42,"turns":6},{"damage":0,"enemies":"Giant Head","floor":44,"turns":7},{"damage":53,"enemies":"Awakened One","floor":50,"turns":8}],"seed_played":"1328011288306574532","potions_obtained":[{"floor":4.0,"key":"SpeedPotion"},{"floor":6.0,"key":"Weak Potion"},{"floor":13.0,"key":"Block Potion"},{"floor":16.0,"key":"Energy Potion"},{"floor":18.0,"key":"PowerPotion"},{"floor":23.0,"key":"FearPotion"},{"floor":25.0,"key":"Fire Potion"},{"floor":29.0,"key":"Strength Potion"},{"floor":33,"key":"PowerPotion"},{"floor":35,"key":"LiquidBronze"},{"floor":38,"key":"FocusPotion"},{"floor":44,"key":"Explosive Potion"}],"is_trial":false,"path_per_floor":["M","?","$","M","M","E","?","R","T","E","M","R","M","$","R","B",null,"M","M","?","M","$","E","R","M","T","E","T","E","$","?","R","B",null,"M","M","?","M","?","R","?","M","T","E","R","$","T","$","R","B",null],"character_chosen":"DEFECT","items_purchased":["Mayhem","Swift Potion","Streamline","Cold Snap","PreservedInsect","Redo+1","Lee\u0027s Waffle","Apotheosis+1"],"campfire_rested":4,"item_purchase_floors":[14,14,22,22,30,30,46,46],"current_hp_per_floor":[72,72,72,71,71,52,52,52,52,32,32,32,29,29,51,49,75,75,58,58,52,52,30,52,52,52,34,34,30,30,30,52,33,75,75,72,71,31,62,62,56,25,25,25,43,69,76,76,76,23],"gold":31,"neow_bonus":"RANDOM_COLORLESS_2","is_prod":false,"is_daily":false,"chose_seed":false,"campfire_upgraded":3,"win_rate":0,"timestamp":1556482965,"path_taken":["M","?","$","?","M","E","?","R","T","E","M","R","M","$","R","BOSS","M","M","?","M","$","E","R","M","T","E","?","E","$","?","R","BOSS","M","M","?","M","?","R","?","M","T","E","R","?","?","$","R","BOSS"],"build_version":"2019-01-23","purchased_purges":1,"victory":true,"max_hp_per_floor":[75,75,75,75,75,75,75,75,75,75,75,75,75,75,75,75,75,75,75,75,75,75,75,75,75,75,75,75,75,75,75,75,75,75,75,75,71,71,62,62,62,62,62,62,62,69,76,76,76,76],"card_choices":[{"not_picked":["Self Repair","Sweeping Beam"],"picked":"Melter","floor":1.0},{"not_picked":["Rip and Tear","Lockon"],"picked":"Coolheaded","floor":4.0},{"not_picked":["Stack","Coolheaded"],"picked":"Hologram","floor":5.0},{"not_picked":["Beam Cell","BootSequence"],"picked":"Defragment","floor":6.0},{"not_picked":["White Noise","Recycle"],"picked":"Beam Cell","floor":10.0},{"not_picked":["Lockon","Barrage"],"picked":"Go for the Eyes","floor":11.0},{"not_picked":["Leap+1","Aggregate+1","Hologram+1"],"picked":"SKIP","floor":13.0},{"not_picked":["Thunder Strike","Fission+1"],"picked":"Seek+1","floor":16.0},{"not_picked":["Turbo+1","Reprogram+1"],"picked":"Gash","floor":18.0},{"not_picked":["Cold Snap+1","Self Repair"],"picked":"Doom and Gloom+1","floor":19.0},{"not_picked":["Sunder+1","Rebound"],"picked":"White Noise+1","floor":21.0},{"not_picked":["Hologram+1","Go for the Eyes"],"picked":"Chaos+1","floor":23.0},{"not_picked":["Coolheaded+1","Beam Cell","Cold Snap"],"picked":"SKIP","floor":25.0},{"not_picked":["Rebound","Stack+1","Leap+1"],"picked":"SKIP","floor":27.0},{"not_picked":["Biased Cognition","Beam Cell"],"picked":"Steam+1","floor":29.0},{"not_picked":["Reboot+1","Fission+1"],"picked":"Creative AI","floor":33},{"not_picked":["Hologram+1","Rebound+1","Conserve Battery+1"],"picked":"SKIP","floor":35},{"not_picked":["Steam Power+1","Consume+1","Turbo+1"],"picked":"SKIP","floor":36},{"not_picked":["Beam Cell+1","BootSequence+1"],"picked":"White Noise+1","floor":38},{"not_picked":["Hello World","Barrage"],"picked":"Rip and Tear+1","floor":41},{"not_picked":["Streamline","Ball Lightning+1"],"picked":"Rainbow+1","floor":42},{"not_picked":["Cold Snap+1","Biased Cognition","Redo+1"],"picked":"SKIP","floor":44}],"player_experience":1869637,"relics_obtained":[{"floor":6.0,"key":"Ancient Tea Set"},{"floor":9.0,"key":"Bag of Preparation"},{"floor":10.0,"key":"Toxic Egg 2"},{"floor":23.0,"key":"Shuriken"},{"floor":26.0,"key":"Calipers"},{"floor":27.0,"key":"Art of War"},{"floor":28.0,"key":"Whetstone"},{"floor":29.0,"key":"The Courier"},{"floor":41,"key":"Peace Pipe"},{"floor":43,"key":"Centennial Puzzle"},{"floor":44,"key":"Thread and Needle"},{"floor":47,"key":"Strawberry"}],"event_choices":[{"cards_removed":["Swift Strike"],"damage_healed":0.0,"max_hp_gain":0.0,"max_hp_loss":0.0,"gold_gain":0.0,"event_name":"WeMeetAgain","player_choice":"Gave Card","floor":2.0,"gold_loss":0.0,"damage_taken":0.0,"relics_obtained":["Anchor"]},{"damage_healed":0.0,"max_hp_gain":0.0,"max_hp_loss":0.0,"gold_gain":0.0,"event_name":"Upgrade Shrine","player_choice":"Upgraded","floor":7.0,"gold_loss":0.0,"damage_taken":0.0,"cards_upgraded":["Defragment"]},{"damage_healed":0.0,"max_hp_gain":0.0,"max_hp_loss":0.0,"gold_gain":0.0,"event_name":"Beggar","player_choice":"Ignored","floor":20.0,"gold_loss":0.0,"damage_taken":0.0},{"damage_healed":0.0,"max_hp_gain":0.0,"max_hp_loss":0.0,"gold_gain":0.0,"event_name":"NoteForYourself","player_choice":"Ignored","floor":31.0,"gold_loss":0.0,"damage_taken":0.0},{"damage_healed":0,"gold_gain":0,"player_choice":"Max HP","damage_taken":0,"max_hp_gain":0,"max_hp_loss":4,"event_name":"Winding Halls","floor":37,"gold_loss":0},{"damage_healed":62,"gold_gain":0,"player_choice":"Heal","damage_taken":0,"max_hp_gain":0,"max_hp_loss":9,"event_name":"The Moai Head","floor":39,"gold_loss":0},{"damage_healed":0,"gold_gain":0,"player_choice":"Fight","damage_taken":0,"max_hp_gain":0,"max_hp_loss":0,"event_name":"MindBloom","floor":41,"gold_loss":0}],"is_beta":false,"boss_relics":[{"not_picked":["Inserter","Runic Pyramid"],"picked":"Astrolabe"},{"not_picked":["Calling Bell","Orrery"],"picked":"Pandora\u0027s Box"}],"items_purged_floors":[3],"is_endless":false,"potions_floor_spawned":[4,6,13,16,18,23,25,29,33,35,38,44],"ascension_level":1}