{"gold_per_floor":[12,12,24,24,36,36,63,63,63,63,80,8,8,23,23,118,118,129,145,145,161,161,161,161,161,186,204,218,250,264,112,112,211,211,222,104,124,141,158,158,558,558,558,558,577,577,39,54,54,54],"floor_reached":51,"playtime":3786,"items_purged":["Strike_R"],"score":719,"play_id":"60f29e0c-3192-46c3-95b2-7fb8f2819182","local_time":"20190315190733","is_ascension_mode":false,"campfire_choices":[{"data":"Bash","floor":6.0,"key":"SMITH"},{"data":"Bludgeon","floor":10.0,"key":"SMITH"},{"data":"Shockwave","floor":15.0,"key":"SMITH"},{"data":"Immolate","floor":23,"key":"SMITH"},{"data":"Limit Break","floor":25,"key":"SMITH"},{"data":"Battle Trance","floor":32,"key":"SMITH"},{"data":"Feed","floor":40,"key":"SMITH"},{"data":"Pummel","floor":42,"key":"SMITH"},{"data":"Sword Boomerang","floor":46,"key":"SMITH"},{"floor":49,"key":"REST"}],"neow_cost":"NO_GOLD","seed_source_timestamp":0,"circlet_count":0,"master_deck":["Strike_R","Strike_R","Strike_R","Defend_R","Defend_R+1","Defend_R","Defend_R+1","Bash+1","Bludgeon+1","Sword Boomerang+1","Limit Break+1","Sentinel","Shockwave+1","Dark Embrace","Immolate+1","Shrug It Off+1","Battle Trance+1","Feed+1","Thunderclap","Pummel+1","Flex","Panacea"],"special_seed":0,"relics":["Burning Blood","Dead Branch","Meat on the Bone","Busted Crown","Red Skull","MutagenicStrength","War Paint","Ornamental Fan","Velvet Choker","Old Coin","Boot","Kunai","Potion Belt"],"potions_floor_usage":[29,30,37,50,50,50],"damage_taken":[{"damage":11.0,"enemies":"Jaw Worm","floor":1.0,"turns":2.0},{"damage":6.0,"enemies":"2 Louse","floor":3.0,"turns":3.0},{"damage":0.0,"enemies":"Small Slimes","floor":5.0,"turns":3.0},{"damage":21.0,"enemies":"3 Sentries","floor":7.0,"turns":7.0},{"damage":12.0,"enemies":"3 Louse","floor":11.0,"turns":6.0},{"damage":6.0,"enemies":"Exordium Wildlife","floor":14.0,"turns":4.0},{"damage":42.0,"enemies":"The Guardian","floor":16.0,"turns":12.0},{"damage":5,"enemies":"Spheric Guardian","floor":18,"turns":3},{"damage":10,"enemies":"Chosen","floor":19,"turns":4},{"damage":7,"enemies":"Centurion and Healer","floor":21,"turns":5},{"damage":6,"enemies":"Cultist and Chosen","floor":27,"turns":3},{"damage":20,"enemies":"Snake Plant","floor":28,"turns":3},{"damage":5,"enemies":"Gremlin Leader","floor":29,"turns":4},{"damage":5,"enemies":"Sentry and Sphere","floor":30,"turns":3},{"damage":58,"enemies":"Collector","floor":33,"turns":11},{"damage":9,"enemies":"3 Shapes","floor":35,"turns":3},{"damage":8,"enemies":"3 Darklings","floor":37,"turns":2},{"damage":31,"enemies":"Writhing Mass","floor":38,"turns":6},{"damage":0,"enemies":"Transient","floor":39,"turns":5},{"damage":11,"enemies":"Mind Bloom Boss Battle","floor":41,"turns":8},{"damage":0,"enemies":"Jaw Worm Horde","floor":45,"turns":1},{"damage":10,"enemies":"4 Shapes","floor":48,"turns":4},{"damage":33,"enemies":"Time Eater","floor":50,"turns":4}],"seed_played":"-5618236755614138169","potions_obtained":[{"floor":7.0,"key":"GamblersBrew"},{"floor":11.0,"key":"Explosive Potion"},{"floor":14.0,"key":"SteroidPotion"},{"floor":28,"key":"PowerPotion"},{"floor":35,"key":"FearPotion"},{"floor":39,"key":"SteroidPotion"},{"floor":45,"key":"Ancient Potion"}],"is_trial":false,"path_per_floor":["M","?","M","$","M","R","E","?","T","R","M","$","?","M","R","B",null,"M","M","?","M","?","R","?","R","T","M","M","E","M","$","R","B",null,"M","$","M","M","M","R","?","R","T","?","M","R","$","M","R","B",null],"character_chosen":"IRONCLAD","items_purchased":["Shockwave","Battle Trance","Thunderclap","Ancient Potion","Flex","Panacea","Kunai","Potion Belt"],"campfire_rested":1,"item_purchase_floors":[12,31,36,36,47,47,47,47],"current_hp_per_floor":[75,80,80,80,85,85,70,70,70,70,64,64,64,64,64,40,85,85,81,81,80,80,80,80,80,80,80,66,67,68,68,68,28,85,85,85,83,58,64,64,59,59,59,59,65,65,65,65,92,65],"gold":54,"neow_bonus":"THREE_RARE_CARDS","is_prod":false,"is_daily":false,"chose_seed":false,"campfire_upgraded":9,"win_rate":0,"timestamp":1552676853,"path_taken":["M","?","M","$","M","R","E","?","T","R","M","$","?","M","R","BOSS","M","M","?","M","?","R","?","R","T","M","M","E","M","$","R","BOSS","M","$","M","M","M","R","?","R","T","?","M","R","$","M","R","BOSS"],"build_version":"2019-01-23","purchased_purges":1,"victory":true,"max_hp_per_floor":[80,85,85,85,85,85,85,85,85,85,85,85,85,85,85,85,85,85,85,85,85,85,85,85,85,85,85,85,85,85,85,85,85,85,88,88,88,88,88,88,88,88,88,88,88,88,88,92,92,92],"card_choices":[{"not_picked":["Limit Break","Impervious"],"picked":"Bludgeon","floor":0.0},{"not_picked":["Body Slam","Wild Strike","Flex"],"picked":"SKIP","floor":1.0},{"not_picked":["True Grit","Carnage","Dual Wield"],"picked":"SKIP","floor":3.0},{"not_picked":["Warcry","Wild Strike"],"picked":"Sword Boomerang","floor":5.0},{"not_picked":["Uppercut","Perfected Strike"],"picked":"Limit Break","floor":7.0},{"not_picked":["Sword Boomerang","Warcry","Clash"],"picked":"SKIP","floor":11.0},{"not_picked":["True Grit","Iron Wave"],"picked":"Dark Embrace","floor":14.0},{"not_picked":["Exhume","Brutality"],"picked":"Immolate","floor":16.0},{"not_picked":["Armaments"],"picked":"SKIP","floor":18},{"not_picked":["Body Slam"],"picked":"SKIP","floor":19},{"not_picked":["Clash"],"picked":"SKIP","floor":21},{"not_picked":["Uppercut+1"],"picked":"SKIP","floor":27},{"not_picked":["Anger+1"],"picked":"SKIP","floor":28},{"not_picked":["Cleave"],"picked":"SKIP","floor":29},{"not_picked":[],"picked":"Shrug It Off+1","floor":30},{"not_picked":[],"picked":"Feed","floor":33},{"not_picked":["Cleave"],"picked":"SKIP","floor":35},{"not_picked":["Heavy Blade+1"],"picked":"SKIP","floor":37},{"not_picked":["Twin Strike"],"picked":"SKIP","floor":38},{"not_picked":[],"picked":"Pummel","floor":39},{"not_picked":["Dual Wield"],"picked":"SKIP","floor":45},{"not_picked":["Body Slam"],"picked":"SKIP","floor":48}],"player_experience":1566154,"relics_obtained":[{"floor":7.0,"key":"Dead Branch"},{"floor":9.0,"key":"Meat on the Bone"},{"floor":26,"key":"War Paint"},{"floor":29,"key":"Ornamental Fan"},{"floor":41,"key":"Old Coin"},{"floor":43,"key":"Boot"}],"event_choices":[{"damage_healed":0.0,"max_hp_gain":5.0,"max_hp_loss":0.0,"gold_gain":0.0,"event_name":"Big Fish","player_choice":"Donut","floor":2.0,"gold_loss":0.0,"damage_taken":0.0},{"damage_healed":0.0,"max_hp_gain":0.0,"max_hp_loss":0.0,"gold_gain":0.0,"cards_transformed":["Strike_R"],"event_name":"Living Wall","player_choice":"Change","floor":8.0,"gold_loss":0.0,"damage_taken":0.0,"cards_obtained":["Sentinel"]},{"damage_healed":0.0,"max_hp_gain":0.0,"max_hp_loss":0.0,"gold_gain":0.0,"event_name":"The Cleric","player_choice":"Leave","floor":13.0,"gold_loss":0.0,"damage_taken":0.0},{"damage_healed":0,"gold_gain":0,"player_choice":"Ignored","damage_taken":0,"max_hp_gain":0,"max_hp_loss":0,"event_name":"Vampires","floor":20,"gold_loss":0},{"damage_healed":0,"gold_gain":0,"player_choice":"Opened","damage_taken":0,"relics_obtained":["Red Skull"],"max_hp_gain":0,"max_hp_loss":0,"event_name":"The Mausoleum","floor":22,"gold_loss":0},{"damage_healed":0,"gold_gain":0,"player_choice":"Inject Mutagens","damage_taken":0,"relics_obtained":["MutagenicStrength"],"max_hp_gain":0,"max_hp_loss":0,"event_name":"Drug Dealer","floor":24,"gold_loss":0},{"damage_healed":0,"gold_gain":0,"player_choice":"Fight","damage_taken":0,"max_hp_gain":0,"max_hp_loss":0,"event_name":"MindBloom","floor":41,"gold_loss":0},{"damage_healed":0,"gold_gain":0,"player_choice":"Memory 1","damage_taken":0,"max_hp_gain":0,"max_hp_loss":0,"event_name":"SensoryStone","floor":44,"gold_loss":0}],"is_beta":false,"boss_relics":[{"not_picked":["Fusion Hammer","Astrolabe"],"picked":"Busted Crown"},{"not_picked":["Pandora\u0027s Box","Philosopher\u0027s Stone"],"picked":"Velvet Choker"}],"items_purged_floors":[31],"is_endless":false,"potions_floor_spawned":[7,11,14,16,18,28,35,39,45],"ascension_level":0}