{"gold_per_floor":[15,15,15,34,54,54,79,79,79,95,95,95],"floor_reached":12,"playtime":677,"items_purged":[],"score":137,"play_id":"07956254-08a0-4c5e-be60-bcbc8d99719c","local_time":"20190324204503","is_ascension_mode":true,"campfire_choices":[{"data":"Heatsinks","floor":6,"key":"SMITH"},{"floor":8,"key":"REST"}],"neow_cost":"NO_GOLD","seed_source_timestamp":1131775145067063,"circlet_count":0,"master_deck":["AscendersBane","Strike_B","Strike_B","Strike_B","Strike_B","Defend_B","Defend_B","Defend_B","Defend_B","Zap","Dualcast","Force Field","Heatsinks+1","Reboot","Streamline"],"relics":["Cracked Core","Unceasing Top","Mummified Hand","Thread and Needle","Orichalcum"],"potions_floor_usage":[7,12],"damage_taken":[{"damage":1,"enemies":"Cultist","floor":1,"turns":4},{"damage":7,"enemies":"Jaw Worm","floor":4,"turns":2},{"damage":2,"enemies":"2 Louse","floor":5,"turns":3},{"damage":23,"enemies":"Lagavulin","floor":7,"turns":9},{"damage":37,"enemies":"Lots of Slimes","floor":10,"turns":5},{"damage":17,"enemies":"Gremlin Nob","floor":12,"turns":3}],"seed_played":"1955114277431894257","potions_obtained":[{"floor":4,"key":"PowerPotion"},{"floor":7,"key":"SpeedPotion"},{"floor":10,"key":"Fire Potion"}],"is_trial":false,"path_per_floor":["M","?","$","M","M","R","E","R","T","M","?","E"],"character_chosen":"DEFECT","items_purchased":[],"campfire_rested":1,"item_purchase_floors":[],"current_hp_per_floor":[63,63,63,56,54,54,31,52,52,15,15,0],"gold":95,"neow_bonus":"ONE_RARE_RELIC","is_prod":false,"is_daily":false,"chose_seed":false,"campfire_upgraded":1,"win_rate":0,"timestamp":1553460303,"path_taken":["M","?","?","M","?","R","E","R","T","M","?","E"],"build_version":"2019-01-23","purchased_purges":0,"victory":false,"max_hp_per_floor":[71,71,71,71,71,71,71,71,71,71,71,71],"card_choices":[{"not_picked":["Redo","Undo"],"picked":"Loop","floor":1},{"not_picked":["Steam","Reinforced Body"],"picked":"Force Field","floor":4},{"not_picked":["Compile Driver","Scrape"],"picked":"Heatsinks","floor":5},{"not_picked":["Ball Lightning","Gash"],"picked":"Reboot","floor":7},{"not_picked":["Rebound","Leap"],"picked":"Streamline","floor":10}],"player_experience":1629846,"relics_obtained":[{"floor":7,"key":"Thread and Needle"},{"floor":9,"key":"Orichalcum"}],"event_choices":[{"cards_removed":["Loop"],"damage_healed":0,"gold_gain":0,"player_choice":"Gave Card","damage_taken":0,"relics_obtained":["Mummified Hand"],"max_hp_gain":0,"max_hp_loss":0,"event_name":"WeMeetAgain","floor":2,"gold_loss":0},{"damage_healed":0,"gold_gain":0,"player_choice":"Fled","damage_taken":0,"max_hp_gain":0,"max_hp_loss":0,"event_name":"Scrap Ooze","floor":11,"gold_loss":0}],"is_beta":false,"boss_relics":[],"items_purged_floors":[],"is_endless":false,"potions_floor_spawned":[4,7,10],"killed_by":"Gremlin Nob","ascension_level":15}