{"gold_per_floor":[119,45,56,20,32,61,80,60,84,103,103,118,130,140,140,243,243,257,257],"floor_reached":19,"playtime":887,"items_purged":[],"score":199,"play_id":"f6c377be-1c5a-4019-9302-745d000cd67c","local_time":"20190429190435","is_ascension_mode":true,"campfire_choices":[{"floor":15,"key":"REST"}],"neow_cost":"CURSE","seed_source_timestamp":201027531931094,"circlet_count":0,"master_deck":["Strike_B","Strike_B","Strike_B","Strike_B","Defend_B","Defend_B","Defend_B","Defend_B","Zap","Dualcast","Doubt","Conserve Battery","Self Repair","Defragment","Chill","Doom and Gloom","Cold Snap","Thunder Strike","Cold Snap","Redo","Machine Learning","Streamline+1"],"relics":["FrozenCore","Unceasing Top","Centennial Puzzle","Oddly Smooth Stone","PreservedInsect"],"potions_floor_usage":[6,10,14,19],"damage_taken":[{"damage":5,"enemies":"Small Slimes","floor":1,"turns":3},{"damage":1,"enemies":"Cultist","floor":3,"turns":4},{"damage":7,"enemies":"Jaw Worm","floor":5,"turns":3},{"damage":24,"enemies":"3 Sentries","floor":6,"turns":9},{"damage":6,"enemies":"Looter","floor":7,"turns":4},{"damage":5,"enemies":"Blue Slaver","floor":10,"turns":4},{"damage":6,"enemies":"3 Louse","floor":12,"turns":2},{"damage":11,"enemies":"Exordium Wildlife","floor":13,"turns":4},{"damage":0,"enemies":"2 Fungi Beasts","floor":14,"turns":3},{"damage":40,"enemies":"The Guardian","floor":16,"turns":14},{"damage":51,"enemies":"3 Byrds","floor":18,"turns":10},{"damage":35,"enemies":"Shell Parasite","floor":19,"turns":9}],"seed_played":"1423835253841386160","potions_obtained":[{"floor":1,"key":"FocusPotion"},{"floor":7,"key":"Energy Potion"},{"floor":13,"key":"AttackPotion"},{"floor":18,"key":"SteroidPotion"}],"is_trial":false,"path_per_floor":["M","$","M","$","M","E","M","?","T","M","?","M","M","M","R","B",null,"M","M"],"character_chosen":"DEFECT","items_purchased":["Self Repair","Chill"],"campfire_rested":1,"item_purchase_floors":[2,4],"current_hp_per_floor":[70,70,75,75,75,58,59,59,59,61,28,29,25,32,54,21,75,31,0],"gold":257,"neow_bonus":"ONE_RARE_RELIC","is_prod":false,"is_daily":false,"chose_seed":false,"campfire_upgraded":0,"win_rate":0,"timestamp":1556589875,"path_taken":["M","$","M","$","M","E","M","?","T","?","?","M","M","M","R","BOSS","M","M"],"build_version":"2019-01-23","purchased_purges":0,"victory":false,"max_hp_per_floor":[75,75,75,75,75,75,75,75,75,75,75,75,75,75,75,75,75,75,75],"card_choices":[{"not_picked":["Compile Driver","Double Energy"],"picked":"Conserve Battery","floor":1},{"not_picked":["FTL","Sunder"],"picked":"Defragment","floor":3},{"not_picked":["Beam Cell","Go for the Eyes","Barrage"],"picked":"SKIP","floor":5},{"not_picked":["Heatsinks","Hello World"],"picked":"Doom and Gloom","floor":6},{"not_picked":["Go for the Eyes","Compile Driver"],"picked":"Cold Snap","floor":7},{"not_picked":["Compile Driver","Turbo"],"picked":"Thunder Strike","floor":10},{"not_picked":["Steam","Turbo"],"picked":"Cold Snap","floor":12},{"not_picked":["Machine Learning","Heatsinks"],"picked":"Redo","floor":13},{"not_picked":["Force Field","Reprogram","Turbo"],"picked":"SKIP","floor":14},{"not_picked":["Meteor Strike","Creative AI"],"picked":"Machine Learning","floor":16},{"not_picked":["Recycle","Barrage"],"picked":"Streamline+1","floor":18}],"player_experience":451459,"relics_obtained":[{"floor":6,"key":"Centennial Puzzle"},{"floor":9,"key":"Oddly Smooth Stone"}],"event_choices":[{"damage_healed":0,"gold_gain":0,"player_choice":"Bought 1 Potion","damage_taken":0,"max_hp_gain":0,"max_hp_loss":0,"event_name":"The Woman in Blue","floor":8,"gold_loss":0},{"damage_healed":0,"gold_gain":0,"player_choice":"Success","damage_taken":33,"relics_obtained":["PreservedInsect"],"max_hp_gain":0,"max_hp_loss":0,"event_name":"Scrap Ooze","floor":11,"gold_loss":0}],"is_beta":false,"boss_relics":[{"not_picked":["Philosopher\u0027s Stone","Astrolabe"],"picked":"FrozenCore"}],"items_purged_floors":[],"is_endless":false,"potions_floor_spawned":[1,7,13,18],"killed_by":"Shell Parasite","ascension_level":3}