{"gold_per_floor":[117,117,47,64,80,80,12,12,12,27,102,136,136,57,57,153,153,171,171,27,27,42,42,62,62,62,16,16,16],"floor_reached":29,"playtime":691,"items_purged":["Defend_B"],"score":252,"play_id":"9d4956b1-a539-4835-87a4-8af8f02d6d10","local_time":"20190423163048","is_ascension_mode":true,"campfire_choices":[{"data":"Tempest","floor":6,"key":"SMITH"},{"data":"Melter","floor":8,"key":"SMITH"},{"floor":13,"key":"REST"},{"floor":15,"key":"REST"},{"data":"Amplify","floor":23,"key":"SMITH"},{"floor":25,"key":"REST"}],"neow_cost":"NONE","seed_source_timestamp":498823873080819,"circlet_count":0,"master_deck":["Strike_B","Strike_B","Strike_B","Defend_B","Defend_B","Defend_B","Zap","Dualcast","Coolheaded","Tempest+1","Cold Snap","Ball Lightning","Melter+1","Hologram","Multi-Cast","Loop","Amplify+1","Leap+1","Sunder","Static Discharge","Redo","Streamline"],"relics":["Cracked Core","NeowsBlessing","Sundial","Sozu","MutagenicStrength","Bottled Lightning"],"potions_floor_usage":[10,16,18],"damage_taken":[{"damage":0,"enemies":"Jaw Worm","floor":1,"turns":1},{"damage":0,"enemies":"Cultist","floor":4,"turns":1},{"damage":0,"enemies":"2 Louse","floor":5,"turns":1},{"damage":0,"enemies":"Large Slime","floor":10,"turns":3},{"damage":48,"enemies":"Lagavulin","floor":12,"turns":6},{"damage":59,"enemies":"The Guardian","floor":16,"turns":12},{"damage":16,"enemies":"3 Byrds","floor":18,"turns":2},{"damage":0,"enemies":"Spheric Guardian","floor":22,"turns":2},{"damage":46,"enemies":"Snake Plant","floor":24,"turns":4},{"damage":41,"enemies":"Centurion and Healer","floor":29,"turns":6}],"seed_played":"-9160103745086858583","potions_obtained":[{"floor":5,"key":"AttackPotion"},{"floor":12,"key":"Energy Potion"},{"floor":16,"key":"LiquidBronze"}],"is_trial":false,"path_per_floor":["M","?","$","M","M","R","$","R","T","M","?","E","R","$","R","B",null,"M","?","$","?","M","R","M","R","T","$","?","M"],"character_chosen":"DEFECT","items_purchased":["Tempest","Melter","Loop","Static Discharge","Streamline"],"campfire_rested":3,"item_purchase_floors":[3,7,14,20,27],"current_hp_per_floor":[75,75,75,75,75,75,75,75,75,75,64,16,38,38,60,1,75,59,59,59,59,59,59,13,35,35,35,35,0],"gold":16,"neow_bonus":"THREE_ENEMY_KILL","is_prod":false,"is_daily":false,"chose_seed":false,"campfire_upgraded":3,"win_rate":0,"timestamp":1556062248,"path_taken":["M","?","?","?","M","R","$","R","T","M","?","E","R","$","R","BOSS","M","?","$","?","M","R","M","R","T","$","?","?"],"build_version":"2019-01-23","purchased_purges":1,"victory":false,"max_hp_per_floor":[75,75,75,75,75,75,75,75,75,75,75,75,75,75,75,75,75,75,75,75,75,75,75,75,75,75,75,75,75],"card_choices":[{"not_picked":["Hello World","Stack"],"picked":"Coolheaded","floor":1},{"not_picked":["Sweeping Beam","Streamline"],"picked":"Cold Snap","floor":4},{"not_picked":["Barrage","Hello World"],"picked":"Ball Lightning","floor":5},{"not_picked":["Barrage","Force Field"],"picked":"Hologram","floor":10},{"not_picked":["Redo","Genetic Algorithm"],"picked":"Multi-Cast","floor":12},{"not_picked":["Hyperbeam","Creative AI"],"picked":"Amplify","floor":16},{"not_picked":["Compile Driver","Hologram"],"picked":"Leap+1","floor":18},{"not_picked":["Hologram","Rebound","Chaos"],"picked":"SKIP","floor":22},{"not_picked":["Reprogram","Beam Cell"],"picked":"Redo","floor":24}],"player_experience":442603,"relics_obtained":[{"floor":12,"key":"Sundial"},{"floor":26,"key":"Bottled Lightning"}],"event_choices":[{"cards_removed":["Strike_B"],"damage_healed":0,"gold_gain":0,"player_choice":"Offered Basic","damage_taken":0,"max_hp_gain":0,"max_hp_loss":0,"event_name":"Bonfire Elementals","floor":2,"gold_loss":0},{"damage_healed":0,"gold_gain":75,"player_choice":"Gather Gold","damage_taken":11,"max_hp_gain":0,"max_hp_loss":0,"event_name":"World of Goop","floor":11,"gold_loss":0},{"damage_healed":0,"gold_gain":0,"player_choice":"Read","damage_taken":0,"max_hp_gain":0,"max_hp_loss":0,"event_name":"The Library","floor":19,"gold_loss":0,"cards_obtained":["Sunder"]},{"damage_healed":0,"gold_gain":0,"player_choice":"Inject Mutagens","damage_taken":0,"relics_obtained":["MutagenicStrength"],"max_hp_gain":0,"max_hp_loss":0,"event_name":"Drug Dealer","floor":21,"gold_loss":0},{"damage_healed":0,"gold_gain":0,"player_choice":"Got Potions","damage_taken":0,"max_hp_gain":0,"max_hp_loss":0,"event_name":"Lab","floor":28,"gold_loss":0}],"is_beta":false,"boss_relics":[{"not_picked":["Fusion Hammer","Busted Crown"],"picked":"Sozu"}],"items_purged_floors":[20],"is_endless":false,"potions_floor_spawned":[5,12,16,18,22,24],"killed_by":"Centurion and Healer","ascension_level":3}