{"gold_per_floor":[114,165,165,180,197,197,197,225,225,242,259,45,45,64,64,164,164,184,202,220,25,42,42],"floor_reached":23,"playtime":1151,"items_purged":[],"score":210,"play_id":"ec1b036d-c045-40ad-8b29-ecb18226a3cd","local_time":"20180827225309","is_ascension_mode":false,"campfire_choices":[{"data":"Zap","floor":6,"key":"SMITH"},{"data":"Dualcast","floor":13,"key":"SMITH"},{"floor":15,"key":"REST"}],"neow_cost":"NONE","seed_source_timestamp":1160659738962447,"circlet_count":0,"master_deck":["Strike_B","Strike_B","Strike_B","Strike_B","Defend_B","Defend_B","Defend_B","Defend_B","Zap+1","Dualcast+1","Cold Snap","Stack","Cold Snap","Hello World","Redo","Sweeping Beam","Beam Cell","Cold Snap","All For One","Sweeping Beam","Barrage","Fusion","Zap+1","Recycle"],"relics":["Sozu","Vajra","Odd Mushroom","Mango","Toy Ornithopter","Nuclear Battery","DollysMirror"],"potions_floor_usage":[],"damage_taken":[{"damage":0,"enemies":"Cultist","floor":1,"turns":3},{"damage":2,"enemies":"Jaw Worm","floor":4,"turns":3},{"damage":0,"enemies":"Small Slimes","floor":5,"turns":3},{"damage":15,"enemies":"The Mushroom Lair","floor":8,"turns":4},{"damage":0,"enemies":"Blue Slaver","floor":10,"turns":4},{"damage":17,"enemies":"Gremlin Gang","floor":11,"turns":4},{"damage":21,"enemies":"Exordium Wildlife","floor":14,"turns":4},{"damage":41,"enemies":"Hexaghost","floor":16,"turns":11},{"damage":0,"enemies":"Spheric Guardian","floor":18,"turns":3},{"damage":10,"enemies":"Shell Parasite","floor":19,"turns":5},{"damage":43,"enemies":"3 Cultists","floor":20,"turns":5},{"damage":26,"enemies":"Snake Plant","floor":22,"turns":5},{"damage":20,"enemies":"Book of Stabbing","floor":23,"turns":2}],"seed_played":"-4073088665747942685","potions_obtained":[],"is_trial":false,"path_per_floor":["M","T","?","M","M","R","?","?","T","M","M","$","R","M","R","B",null,"M","M","M","$","M"],"character_chosen":"DEFECT","items_purchased":["Toy Ornithopter","Beam Cell","DollysMirror"],"campfire_rested":1,"item_purchase_floors":[12,12,21],"current_hp_per_floor":[75,75,75,73,73,73,78,63,77,77,60,60,60,39,67,26,94,94,84,41,41,15,0],"gold":42,"neow_bonus":"BOSS_RELIC","is_prod":false,"is_daily":false,"chose_seed":false,"campfire_upgraded":2,"win_rate":0,"timestamp":1535435589,"path_taken":["M","?","?","M","?","R","?","?","T","M","M","$","R","?","R","BOSS","M","M","?","$","M","E"],"build_version":"2018-08-23v2","purchased_purges":0,"victory":false,"max_hp_per_floor":[75,75,75,75,75,75,80,80,94,94,94,94,94,94,94,94,94,94,94,94,94,94,94],"card_choices":[{"not_picked":["Self Repair","Heatsinks"],"picked":"Cold Snap","floor":1},{"not_picked":["Barrage","Go for the Eyes"],"picked":"Stack","floor":4},{"not_picked":["Blizzard","Streamline"],"picked":"Cold Snap","floor":5},{"not_picked":["Gash","Aggregate"],"picked":"Hello World","floor":8},{"not_picked":["Steam Power","Streamline"],"picked":"Redo","floor":10},{"not_picked":["Reinforced Body","Turbo"],"picked":"Sweeping Beam","floor":11},{"not_picked":["Genetic Algorithm","Rebound"],"picked":"Cold Snap","floor":14},{"not_picked":["Thunder Strike","Amplify"],"picked":"All For One","floor":16},{"not_picked":["Aggregate","Streamline"],"picked":"Sweeping Beam","floor":18},{"not_picked":["Aggregate+1","Undo"],"picked":"Barrage","floor":19},{"not_picked":["Barrage+1","Steam+1"],"picked":"Fusion","floor":20},{"not_picked":["FTL","Genetic Algorithm+1"],"picked":"Recycle","floor":22}],"player_experience":44563,"relics_obtained":[{"floor":2,"key":"Vajra"},{"floor":8,"key":"Odd Mushroom"},{"floor":9,"key":"Mango"}],"event_choices":[{"event_name":"Golden Wing","player_choice":"Ignored","floor":3,"damage_taken":0},{"event_name":"Big Fish","player_choice":"Donut","floor":7,"damage_taken":0},{"event_name":"Mushrooms","player_choice":"Fought Mushrooms","floor":8,"damage_taken":0}],"is_beta":false,"boss_relics":[{"not_picked":["Coffee Dripper","Empty Cage"],"picked":"Nuclear Battery"}],"items_purged_floors":[],"is_endless":false,"potions_floor_spawned":[5,14,16,20,22],"killed_by":"Book of Stabbing","ascension_level":0}