{"gold_per_floor":[114,131,131,56,75,110,110,126,203,103,103,114,131,150,150,246,246,261,281,296,62,62],"floor_reached":22,"playtime":4175,"items_purged":["Strike_R","Strike_R"],"score":324,"play_id":"17c08d36-85e8-47b2-ae28-bf976068fccb","local_time":"20190428141648","is_ascension_mode":true,"campfire_choices":[{"data":"Clothesline","floor":7,"key":"SMITH"},{"floor":11,"key":"REST"},{"data":"Limit Break","floor":15,"key":"SMITH"}],"neow_cost":"TEN_PERCENT_HP_LOSS","seed_source_timestamp":1608719036147800,"circlet_count":0,"master_deck":["Strike_R","Strike_R","Strike_R","Defend_R","Defend_R","Defend_R","Defend_R","Bash","Limit Break+1","Clothesline+1","Thunderclap","Intimidate","Heavy Blade","Flex","Offering","Reaper","Ghostly Armor"],"relics":["Burning Blood","GremlinMask","Mango","Meat on the Bone","Busted Crown"],"potions_floor_usage":[16,20,22,22],"damage_taken":[{"damage":3,"enemies":"2 Louse","floor":1,"turns":3},{"damage":6,"enemies":"Cultist","floor":2,"turns":4},{"damage":17,"enemies":"Jaw Worm","floor":5,"turns":6},{"damage":50,"enemies":"Gremlin Nob","floor":6,"turns":6},{"damage":26,"enemies":"Lots of Slimes","floor":8,"turns":6},{"damage":8,"enemies":"Large Slime","floor":12,"turns":6},{"damage":12,"enemies":"2 Fungi Beasts","floor":13,"turns":4},{"damage":19,"enemies":"Blue Slaver","floor":14,"turns":3},{"damage":0,"enemies":"Slime Boss","floor":16,"turns":6},{"damage":39,"enemies":"Shell Parasite","floor":18,"turns":6},{"damage":27,"enemies":"Spheric Guardian","floor":19,"turns":5},{"damage":37,"enemies":"Shelled Parasite and Fungi","floor":20,"turns":5},{"damage":30,"enemies":"Sentry and Sphere","floor":22,"turns":5}],"seed_played":"1216101913482170572","potions_obtained":[{"floor":5,"key":"SpeedPotion"},{"floor":8,"key":"AttackPotion"},{"floor":12,"key":"SkillPotion"},{"floor":18,"key":"Poison Potion"},{"floor":19,"key":"Strength Potion"}],"is_trial":false,"path_per_floor":["M","M","?","$","M","E","R","M","T","$","R","M","M","M","R","B",null,"M","M","M","$","M"],"character_chosen":"IRONCLAD","items_purchased":["Reaper","Ghostly Armor"],"campfire_rested":1,"item_purchase_floors":[21,21],"current_hp_per_floor":[72,72,72,72,61,31,31,11,11,11,36,46,52,51,51,57,79,58,49,30,30,0],"gold":62,"neow_bonus":"THREE_RARE_CARDS","is_prod":false,"is_daily":false,"chose_seed":false,"campfire_upgraded":2,"win_rate":0,"timestamp":1556453808,"path_taken":["M","M","?","$","M","E","R","?","T","$","R","M","M","M","R","BOSS","M","M","M","$","M"],"build_version":"2019-01-23","purchased_purges":2,"victory":false,"max_hp_per_floor":[72,72,72,72,72,86,86,86,86,86,86,86,86,86,86,86,86,86,86,86,86,86],"card_choices":[{"not_picked":["Impervious","Exhume"],"picked":"Limit Break","floor":0},{"not_picked":["Wild Strike","Feel No Pain","Entrench"],"picked":"SKIP","floor":1},{"not_picked":["Flex","Burning Pact"],"picked":"Clothesline","floor":2},{"not_picked":["Anger","Perfected Strike"],"picked":"Thunderclap","floor":5},{"not_picked":["Thunderclap","Flex"],"picked":"Intimidate","floor":6},{"not_picked":["Dark Embrace","Wild Strike","Twin Strike"],"picked":"SKIP","floor":8},{"not_picked":["Wild Strike","Cleave"],"picked":"Heavy Blade","floor":12},{"not_picked":["Thunderclap","Feel No Pain","Carnage"],"picked":"SKIP","floor":13},{"not_picked":["Pommel Strike","Twin Strike"],"picked":"Flex","floor":14},{"not_picked":["Berserk","Feed"],"picked":"Offering","floor":16},{"not_picked":["Perfected Strike"],"picked":"SKIP","floor":18},{"not_picked":["Twin Strike+1"],"picked":"SKIP","floor":19},{"not_picked":["Rage+1"],"picked":"SKIP","floor":20}],"player_experience":817188,"relics_obtained":[{"floor":6,"key":"Mango"},{"floor":9,"key":"Meat on the Bone"}],"event_choices":[{"damage_healed":0,"gold_gain":0,"player_choice":"Trade","damage_taken":0,"relics_obtained":["GremlinMask"],"max_hp_gain":0,"max_hp_loss":0,"event_name":"FaceTrader","floor":3,"gold_loss":0}],"is_beta":false,"boss_relics":[{"not_picked":["Runic Cube","Runic Pyramid"],"picked":"Busted Crown"}],"items_purged_floors":[4,10],"is_endless":false,"potions_floor_spawned":[5,8,12,14,18,19],"killed_by":"Sentry and Sphere","ascension_level":7}