{"gold_per_floor":[117,135,145,155,23,23,50,50,132,132,196,158,188,259,259,357,357,376,376,376,396,396,396],"floor_reached":23,"playtime":789,"items_purged":[],"score":278,"play_id":"320bbc3a-f4c9-4f62-9771-b5f5c372958c","local_time":"20190405200010","is_ascension_mode":true,"campfire_choices":[{"data":"Defragment","floor":6,"key":"SMITH"},{"floor":8,"key":"REST"},{"floor":15,"key":"REST"}],"neow_cost":"NONE","seed_source_timestamp":8111403788949,"circlet_count":0,"master_deck":["Strike_B","Strike_B","Strike_B","Strike_B","Defend_B","Defend_B","Defend_B","Defend_B","Zap","Dualcast","Conserve Battery","Self Repair","Coolheaded","Hologram","Defragment+1","Ball Lightning","Streamline","Ball Lightning","Barrage","Buffer","Streamline+1","Stack+1"],"relics":["Cracked Core","NeowsBlessing","Shovel","Tiny Chest","Happy Flower","Pantograph","Eternal Feather","theJungle:WildPear","theJungle:BirthdayCake"],"potions_floor_usage":[4,11,16,21],"damage_taken":[{"damage":0,"enemies":"2 Louse","floor":1,"turns":1},{"damage":0,"enemies":"Jaw Worm","floor":2,"turns":1},{"damage":0,"enemies":"Small Slimes","floor":3,"turns":1},{"damage":8,"enemies":"2 Fungi Beasts","floor":4,"turns":4},{"damage":42,"enemies":"Gremlin Nob","floor":7,"turns":5},{"damage":29,"enemies":"Lagavulin","floor":11,"turns":5},{"damage":36,"enemies":"3 Sentries","floor":13,"turns":6},{"damage":16,"enemies":"Slime Boss","floor":16,"turns":7},{"damage":43,"enemies":"theJungle:MUSHROOMGANG","floor":18,"turns":6},{"damage":29,"enemies":"theJungle:Flameango_and_Byrd","floor":21,"turns":6},{"damage":74,"enemies":"theJungle:MamaSnecko","floor":23,"turns":5}],"seed_played":"-2530969680716940286","potions_obtained":[{"floor":3,"key":"FearPotion"},{"floor":7,"key":"AttackPotion"},{"floor":13,"key":"EssenceOfSteel"},{"floor":18,"key":"EssenceOfSteel"}],"is_trial":false,"path_per_floor":["M","M","M","M","$","R","E","R","T","?","E","?","E","T","R","B",null,"M","?","?","M","?","E"],"character_chosen":"DEFECT","items_purchased":["Defragment","Ball Lightning"],"campfire_rested":2,"item_purchase_floors":[5,5],"current_hp_per_floor":[75,75,75,74,74,74,39,61,61,66,44,44,15,15,39,48,80,44,55,65,43,63,0],"gold":396,"neow_bonus":"THREE_ENEMY_KILL","is_prod":false,"is_daily":false,"chose_seed":false,"campfire_upgraded":1,"win_rate":0,"timestamp":1554519610,"path_taken":["M","M","M","M","$","R","E","R","T","?","E","?","E","?","R","BOSS","M","?","?","M","?","E"],"build_version":"2019-01-23","purchased_purges":0,"victory":false,"max_hp_per_floor":[75,75,75,75,75,75,75,75,75,80,80,80,80,80,80,80,80,80,80,90,90,110,110],"card_choices":[{"not_picked":["Chaos","Steam"],"picked":"Conserve Battery","floor":1},{"not_picked":["Fusion","Hologram"],"picked":"Self Repair","floor":2},{"not_picked":["Gash","Go for the Eyes"],"picked":"Coolheaded","floor":3},{"not_picked":["Steam","Chill"],"picked":"Hologram","floor":4},{"not_picked":["Sunder","Core Surge"],"picked":"Streamline","floor":7},{"not_picked":["Creative AI","Compile Driver"],"picked":"Ball Lightning","floor":11},{"not_picked":["Beam Cell","Stack"],"picked":"Barrage","floor":13},{"not_picked":["All For One","Multi-Cast"],"picked":"Buffer","floor":16},{"not_picked":["Turbo","Barrage"],"picked":"Streamline+1","floor":18},{"not_picked":["Gash+1","Compile Driver"],"picked":"Stack+1","floor":21}],"player_experience":403064,"relics_obtained":[{"floor":7,"key":"Shovel"},{"floor":11,"key":"Tiny Chest"},{"floor":13,"key":"Happy Flower"},{"floor":14,"key":"Pantograph"}],"event_choices":[{"damage_healed":0,"gold_gain":0,"player_choice":"Donut","damage_taken":0,"max_hp_gain":5,"max_hp_loss":0,"event_name":"Big Fish","floor":10,"gold_loss":0},{"damage_healed":0,"gold_gain":0,"player_choice":"Left Gold","damage_taken":0,"max_hp_gain":0,"max_hp_loss":0,"event_name":"World of Goop","floor":12,"gold_loss":38}],"is_beta":false,"boss_relics":[{"not_picked":["Velvet Choker","Coffee Dripper"],"picked":"Eternal Feather"}],"items_purged_floors":[],"is_endless":false,"potions_floor_spawned":[3,7,13,18],"killed_by":"theJungle:MamaSnecko","ascension_level":2}