{"gold_per_floor":[109,127,204,223,241,272,272,242,242,242,29,29,46,64,64,166,166,179,196,231,231,231],"floor_reached":22,"playtime":1071,"items_purged":["Strike_R"],"score":186,"play_id":"f16b4f9e-f9af-4037-8840-447156076f9d","local_time":"20190319173824","is_ascension_mode":false,"campfire_choices":[{"floor":7,"key":"REST"},{"data":"Armaments","floor":10,"key":"SMITH"},{"data":"Bash","floor":12,"key":"SMITH"},{"data":"Inflame","floor":15,"key":"SMITH"}],"neow_cost":"NONE","seed_source_timestamp":53054369038446,"circlet_count":0,"master_deck":["Strike_R","Defend_R","Defend_R","Defend_R","Defend_R","Bash+1","Heavy Blade","Heavy Blade","Armaments+1","Rampage","Havoc","Disarm","Shrug It Off","Bandage Up","Shrug It Off","Inflame+1","Demon Form","Demon Form+1","Entrench+1","Power Through+1","Sentinel+1","Twin Strike"],"relics":["Burning Blood","Bag of Preparation","Vajra","Astrolabe","Red Mask"],"potions_floor_usage":[6,20,20,20],"damage_taken":[{"damage":1,"enemies":"Cultist","floor":1,"turns":3},{"damage":9,"enemies":"Small Slimes","floor":2,"turns":3},{"damage":0,"enemies":"2 Louse","floor":4,"turns":3},{"damage":12,"enemies":"Exordium Wildlife","floor":5,"turns":6},{"damage":45,"enemies":"Lagavulin","floor":6,"turns":6},{"damage":2,"enemies":"3 Louse","floor":13,"turns":3},{"damage":13,"enemies":"Gremlin Gang","floor":14,"turns":5},{"damage":24,"enemies":"Slime Boss","floor":16,"turns":10},{"damage":25,"enemies":"Spheric Guardian","floor":18,"turns":5},{"damage":14,"enemies":"Shell Parasite","floor":19,"turns":7},{"damage":70,"enemies":"Masked Bandits","floor":20,"turns":7},{"damage":44,"enemies":"3 Cultists","floor":22,"turns":5}],"seed_played":"2752781525721333506","potions_obtained":[{"floor":5,"key":"Fire Potion"},{"floor":6,"key":"Swift Potion"},{"floor":8,"key":"Poison Potion"},{"floor":8,"key":"Block Potion"},{"floor":18,"key":"Energy Potion"},{"floor":19,"key":"BloodPotion"}],"is_trial":false,"path_per_floor":["M","M","?","M","M","E","R","?","T","R","$","R","M","M","R","B",null,"M","M","?","?","M"],"character_chosen":"IRONCLAD","items_purchased":["Shrug It Off","Bandage Up"],"campfire_rested":1,"item_purchase_floors":[11,11],"current_hp_per_floor":[80,77,77,80,74,35,59,59,59,59,59,59,67,64,64,50,80,65,61,9,35,0],"gold":231,"neow_bonus":"THREE_CARDS","is_prod":false,"is_daily":false,"chose_seed":false,"campfire_upgraded":3,"win_rate":0,"timestamp":1553038704,"path_taken":["M","M","?","M","M","E","R","?","T","R","$","R","?","?","R","BOSS","M","M","?","?","?"],"build_version":"2019-01-23","purchased_purges":1,"victory":false,"max_hp_per_floor":[80,80,80,80,80,80,80,80,80,80,80,80,80,80,80,80,80,80,80,80,80,80],"card_choices":[{"not_picked":["Clothesline","Headbutt"],"picked":"Heavy Blade","floor":0},{"not_picked":["Perfected Strike","Cleave"],"picked":"Heavy Blade","floor":1},{"not_picked":["Heavy Blade","Cleave"],"picked":"Armaments","floor":2},{"not_picked":["Clothesline","Entrench"],"picked":"Rampage","floor":4},{"not_picked":["Wild Strike","Evolve"],"picked":"Havoc","floor":5},{"not_picked":["Havoc","Perfected Strike"],"picked":"Disarm","floor":6},{"not_picked":["Blood for Blood","Flex"],"picked":"Shrug It Off","floor":13},{"not_picked":["Anger","Feel No Pain"],"picked":"Inflame","floor":14},{"not_picked":["Feed","Barricade"],"picked":"Demon Form","floor":16},{"not_picked":["Body Slam","Armaments"],"picked":"Sentinel+1","floor":18},{"not_picked":["Clash+1","Sword Boomerang","Warcry"],"picked":"SKIP","floor":19},{"not_picked":["Perfected Strike","Pommel Strike+1"],"picked":"Twin Strike","floor":20}],"player_experience":290333,"relics_obtained":[{"floor":6,"key":"Bag of Preparation"},{"floor":9,"key":"Vajra"},{"floor":20,"key":"Red Mask"}],"event_choices":[{"damage_healed":0,"gold_gain":77,"player_choice":"Gained Gold","damage_taken":0,"max_hp_gain":0,"max_hp_loss":0,"event_name":"Golden Wing","floor":3,"gold_loss":0},{"damage_healed":0,"gold_gain":0,"player_choice":"Bought 2 Potions","damage_taken":0,"max_hp_gain":0,"max_hp_loss":0,"event_name":"The Woman in Blue","floor":8,"gold_loss":0},{"damage_healed":0,"gold_gain":0,"player_choice":"Fought Bandits","damage_taken":0,"max_hp_gain":0,"max_hp_loss":0,"event_name":"Masked Bandits","floor":20,"gold_loss":0},{"damage_healed":26,"gold_gain":0,"player_choice":"Heal","damage_taken":0,"max_hp_gain":0,"max_hp_loss":0,"event_name":"The Library","floor":21,"gold_loss":0}],"is_beta":false,"boss_relics":[{"not_picked":["Runic Pyramid","Empty Cage"],"picked":"Astrolabe"}],"items_purged_floors":[11],"is_endless":false,"potions_floor_spawned":[5,6,18,19],"killed_by":"3 Cultists","ascension_level":0}