{"gold_per_floor":[115,132,132,10,21,21,47,47,71,71,101,101,101,121,121,195,195,195,195,195,195,195],"floor_reached":22,"playtime":1119,"items_purged":["Strike_B"],"score":340,"play_id":"b2a1e1cf-d9a5-4ee2-9fb7-df9e60db7fd9","local_time":"20190328214607","is_ascension_mode":true,"campfire_choices":[{"data":"Genetic Algorithm","floor":6,"key":"SMITH"},{"floor":8,"key":"REST"},{"floor":13,"key":"REST"},{"floor":15,"key":"REST"}],"neow_cost":"NONE","seed_source_timestamp":1480624764436978,"circlet_count":0,"master_deck":["AscendersBane","Strike_B","Strike_B","Strike_B","Defend_B","Defend_B","Defend_B","Defend_B","Zap","Dualcast","Gash","Static Discharge","Gash","Genetic Algorithm+1","Rebound","Rainbow","Echo Form","Hologram+1","Scrape","Beam Cell"],"relics":["Cracked Core","Bag of Marbles","Dream Catcher","Potion Belt","Ectoplasm"],"potions_floor_usage":[7,7,16,22],"damage_taken":[{"damage":11,"enemies":"Small Slimes","floor":1,"turns":3},{"damage":6,"enemies":"Cultist","floor":2,"turns":4},{"damage":8,"enemies":"Jaw Worm","floor":5,"turns":4},{"damage":24,"enemies":"Lagavulin","floor":7,"turns":4},{"damage":24,"enemies":"Gremlin Nob","floor":11,"turns":4},{"damage":9,"enemies":"2 Fungi Beasts","floor":14,"turns":2},{"damage":27,"enemies":"Hexaghost","floor":16,"turns":9},{"damage":17,"enemies":"Spheric Guardian","floor":18,"turns":4},{"damage":10,"enemies":"Shell Parasite","floor":19,"turns":5},{"damage":35,"enemies":"Snake Plant","floor":21,"turns":3},{"damage":3,"enemies":"Snecko","floor":22,"turns":4}],"seed_played":"5183011952527886104","potions_obtained":[{"floor":1,"key":"PowerPotion"},{"floor":2,"key":"AttackPotion"},{"floor":14,"key":"SkillPotion"},{"floor":21,"key":"AttackPotion"}],"is_trial":false,"path_per_floor":["M","M","?","$","M","R","E","R","T","$","E","?","R","M","R","B",null,"M","M","?","M","M"],"character_chosen":"DEFECT","items_purchased":["Gash"],"campfire_rested":3,"item_purchase_floors":[4],"current_hp_per_floor":[60,54,54,54,46,46,22,45,45,45,21,21,44,35,58,31,66,49,39,39,4,1],"gold":195,"neow_bonus":"TEN_PERCENT_HP_BONUS","is_prod":false,"is_daily":false,"chose_seed":false,"campfire_upgraded":1,"win_rate":0,"timestamp":1553809567,"path_taken":["M","M","?","$","M","R","E","R","T","?","E","?","R","M","R","BOSS","M","M","?","M","M"],"build_version":"2019-01-23","purchased_purges":1,"victory":false,"max_hp_per_floor":[78,78,78,78,78,78,78,78,78,78,78,78,78,78,78,78,78,78,78,78,78,78],"card_choices":[{"not_picked":["Chill","Ball Lightning"],"picked":"Gash","floor":1},{"not_picked":["Darkness","Cold Snap"],"picked":"Static Discharge","floor":2},{"not_picked":["Go for the Eyes","Rebound"],"picked":"Genetic Algorithm","floor":5},{"not_picked":["Turbo","Auto Shields"],"picked":"Rebound","floor":7},{"not_picked":["Heatsinks","Self Repair","Cold Snap"],"picked":"SKIP","floor":11},{"not_picked":["Steam","Turbo"],"picked":"Rainbow","floor":14},{"not_picked":["Amplify","Hyperbeam"],"picked":"Echo Form","floor":16},{"not_picked":["Leap","Sunder"],"picked":"Hologram+1","floor":18},{"not_picked":["Compile Driver","Sweeping Beam"],"picked":"Scrape","floor":19},{"not_picked":["Rip and Tear","Double Energy"],"picked":"Beam Cell","floor":21}],"player_experience":1664841,"relics_obtained":[{"floor":7,"key":"Bag of Marbles"},{"floor":9,"key":"Dream Catcher"},{"floor":11,"key":"Potion Belt"}],"event_choices":[{"damage_healed":0,"gold_gain":0,"player_choice":"Got Potions","damage_taken":0,"max_hp_gain":0,"max_hp_loss":0,"event_name":"Lab","floor":3,"gold_loss":0},{"damage_healed":0,"gold_gain":0,"player_choice":"Fled","damage_taken":0,"max_hp_gain":0,"max_hp_loss":0,"event_name":"Scrap Ooze","floor":12,"gold_loss":0},{"damage_healed":0,"gold_gain":0,"player_choice":"Ignored","damage_taken":0,"max_hp_gain":0,"max_hp_loss":0,"event_name":"Vampires","floor":20,"gold_loss":0}],"is_beta":false,"boss_relics":[{"not_picked":["Velvet Choker","Tiny House"],"picked":"Ectoplasm"}],"items_purged_floors":[4],"is_endless":false,"potions_floor_spawned":[1,2,14,21],"killed_by":"Snecko","ascension_level":15}