{"gold_per_floor":[363,380,391,391,404,404,431,431,431,431,445,90,107,107,107,202,202,214,214,214,224,164,189,189,35,35,35,54,54,54,82,82,178,178,196,212,212],"floor_reached":37,"playtime":1693,"items_purged":[],"score":427,"play_id":"27a93571-1586-4f78-8c65-7f6a43ea9afc","local_time":"20181229230811","is_ascension_mode":true,"campfire_choices":[{"floor":6,"key":"REST"},{"floor":10,"key":"REST"},{"floor":15,"key":"REST"},{"floor":24,"key":"REST"},{"floor":27,"key":"REST"},{"floor":29,"key":"RECALL"},{"floor":32,"key":"REST"}],"neow_cost":"PERCENT_DAMAGE","seed_source_timestamp":87730610992754,"circlet_count":0,"master_deck":["Strike_B","Strike_B","Strike_B","Strike_B","Defend_B","Defend_B","Defend_B","Defend_B","Zap","Dualcast","Rebound","Ball Lightning","Cold Snap","FTL","Ball Lightning","Consume","Redo","FTL","Rainbow","BootSequence+1","Genetic Algorithm+1","Reinforced Body","Doom and Gloom+1","Defragment","Echo Form","Doom and Gloom+1"],"relics":["Cracked Core","Incense Burner","Turnip","Regal Pillow","Strawberry","Lizard Tail","PreservedInsect","Dodecahedron","Calipers","Happy Flower","Kunai","MutagenicStrength","Dream Catcher","Eternal Feather"],"potions_floor_usage":[7,16,23],"damage_taken":[{"damage":1,"enemies":"Cultist","floor":1,"turns":3},{"damage":0,"enemies":"Small Slimes","floor":2,"turns":2},{"damage":11,"enemies":"2 Louse","floor":3,"turns":2},{"damage":12,"enemies":"2 Fungi Beasts","floor":5,"turns":2},{"damage":48,"enemies":"3 Sentries","floor":7,"turns":7},{"damage":12,"enemies":"Blue Slaver","floor":11,"turns":3},{"damage":18,"enemies":"Lots of Slimes","floor":13,"turns":3},{"damage":48,"enemies":"Hexaghost","floor":16,"turns":8},{"damage":44,"enemies":"2 Thieves","floor":18,"turns":5},{"damage":8,"enemies":"Chosen","floor":21,"turns":4},{"damage":27,"enemies":"Gremlin Leader","floor":23,"turns":5},{"damage":21,"enemies":"Snecko","floor":28,"turns":6},{"damage":14,"enemies":"Book of Stabbing","floor":31,"turns":4},{"damage":72,"enemies":"Collector","floor":33,"turns":11},{"damage":43,"enemies":"3 Darklings","floor":35,"turns":10},{"damage":55,"enemies":"3 Shapes","floor":36,"turns":5},{"damage":26,"enemies":"Maw","floor":37,"turns":6}],"seed_played":"-5896662384594461581","potions_obtained":[{"floor":2,"key":"SkillPotion"},{"floor":11,"key":"Poison Potion"},{"floor":18,"key":"Weak Potion"},{"floor":21,"key":"Fire Potion"}],"is_trial":false,"path_per_floor":["M","M","M","T","M","R","E","?","T","R","M","$","M","?","R","B",null,"M","?","?","M","?","E","R","$","T","R","M","R","?","E","R","B",null,"M","M","M"],"character_chosen":"DEFECT","items_purchased":["Regal Pillow","Strawberry","Redo","Happy Flower"],"campfire_rested":6,"item_purchase_floors":[12,12,12,25],"current_hp_per_floor":[53,53,42,42,30,52,4,4,4,26,14,21,3,23,62,14,82,38,38,38,30,30,3,41,41,41,79,58,58,58,44,79,7,79,36,25,0],"gold":212,"neow_bonus":"TWO_FIFTY_GOLD","is_prod":false,"is_daily":false,"chose_seed":false,"campfire_upgraded":0,"win_rate":0,"timestamp":1546153691,"path_taken":["M","M","M","?","M","R","E","?","T","R","M","$","M","?","R","BOSS","M","?","?","?","?","E","R","$","T","R","?","R","?","E","R","BOSS","M","M","M"],"build_version":"2018-12-20","purchased_purges":0,"victory":false,"max_hp_per_floor":[75,75,75,75,75,75,75,75,75,75,75,82,82,82,82,82,82,82,82,82,82,79,79,79,79,79,79,79,79,79,79,79,79,79,79,79,79],"card_choices":[{"not_picked":["Gash","Compile Driver"],"picked":"Rebound","floor":1},{"not_picked":["Scrape","Compile Driver"],"picked":"Ball Lightning","floor":2},{"not_picked":["Thunder Strike","Blizzard"],"picked":"Cold Snap","floor":3},{"not_picked":["Hologram","Sunder"],"picked":"FTL","floor":5},{"not_picked":["Skim","Chill"],"picked":"Ball Lightning","floor":7},{"not_picked":["Reinforced Body","Hologram"],"picked":"Consume","floor":11},{"not_picked":["Turbo","Redo"],"picked":"FTL","floor":13},{"not_picked":["Fission","Creative AI"],"picked":"Rainbow","floor":16},{"not_picked":["Cold Snap+1","Conserve Battery"],"picked":"BootSequence+1","floor":18},{"not_picked":["Conserve Battery","Sweeping Beam"],"picked":"Genetic Algorithm+1","floor":21},{"not_picked":["Coolheaded","Blizzard"],"picked":"Reinforced Body","floor":23},{"not_picked":["Compile Driver","Hologram"],"picked":"Doom and Gloom+1","floor":28},{"not_picked":["Hologram","Turbo","Streamline"],"picked":"SKIP","floor":31},{"not_picked":["Streamline+1","Ball Lightning"],"picked":"Defragment","floor":32},{"not_picked":["Machine Learning","Meteor Strike"],"picked":"Echo Form","floor":33},{"not_picked":["Recycle+1","Beam Cell","Redo"],"picked":"SKIP","floor":35},{"not_picked":["Scrape","Compile Driver"],"picked":"Doom and Gloom+1","floor":36}],"player_experience":320547,"relics_obtained":[{"floor":7,"key":"Incense Burner"},{"floor":9,"key":"Turnip"},{"floor":23,"key":"Calipers"},{"floor":26,"key":"Kunai"},{"floor":31,"key":"Dream Catcher"}],"event_choices":[{"damage_healed":0,"gold_gain":0,"player_choice":"Fled","damage_taken":0,"max_hp_gain":0,"max_hp_loss":0,"event_name":"Scrap Ooze","floor":8,"gold_loss":0},{"damage_healed":20,"gold_gain":0,"player_choice":"Healed and dodged fight","damage_taken":0,"max_hp_gain":0,"max_hp_loss":0,"event_name":"Mushrooms","floor":14,"gold_loss":0,"cards_obtained":["Parasite"]},{"damage_healed":0,"gold_gain":0,"player_choice":"Opened","damage_taken":0,"relics_obtained":["PreservedInsect"],"max_hp_gain":0,"max_hp_loss":0,"event_name":"The Mausoleum","floor":19,"gold_loss":0},{"damage_healed":0,"gold_gain":0,"player_choice":"Gave Potion","damage_taken":0,"relics_obtained":["Dodecahedron"],"max_hp_gain":0,"max_hp_loss":0,"event_name":"WeMeetAgain","floor":20,"gold_loss":0},{"cards_removed":["Parasite"],"damage_healed":0,"gold_gain":0,"player_choice":"Single Remove","damage_taken":0,"max_hp_gain":0,"max_hp_loss":0,"event_name":"Designer","floor":22,"gold_loss":60},{"damage_healed":0,"gold_gain":0,"player_choice":"Inject Mutagens","damage_taken":0,"relics_obtained":["MutagenicStrength"],"max_hp_gain":0,"max_hp_loss":0,"event_name":"Drug Dealer","floor":30,"gold_loss":0}],"is_beta":false,"boss_relics":[{"not_picked":["Fusion Hammer","Calling Bell"],"picked":"Lizard Tail"},{"not_picked":["Runic Pyramid","White Beast Statue"],"picked":"Eternal Feather"}],"items_purged_floors":[],"is_endless":false,"potions_floor_spawned":[2,11,18,21],"killed_by":"Maw","ascension_level":1}