{"gold_per_floor":[109,124,138,138,69,102,102,132,132,167,17,46,65,94,94,190,190,207,227,227],"floor_reached":20,"playtime":742,"items_purged":[],"score":407,"play_id":"05adc248-3e47-44c5-9aab-14a8a34b0006","local_time":"20190419202248","is_ascension_mode":true,"campfire_choices":[{"data":"Rupture","floor":15.0,"key":"SMITH"}],"neow_cost":"NONE","seed_source_timestamp":0,"circlet_count":0,"master_deck":["AscendersBane","Strike_R","Strike_R","Strike_R","Strike_R","Strike_R","Defend_R","Defend_R","Defend_R","Defend_R","Bash","Clothesline","Combust+1","Rupture+1","Sword Boomerang","Flame Barrier","Rupture","Feed","Disarm","Demon Form","Impervious","Carnage+1"],"special_seed":0,"relics":["Burning Blood","PreservedInsect","Happy Flower","Magic Flower","Vajra","Turnip","Black Star"],"potions_floor_usage":[19,19],"damage_taken":[{"damage":6.0,"enemies":"Cultist","floor":1.0,"turns":3.0},{"damage":2.0,"enemies":"Small Slimes","floor":2.0,"turns":4.0},{"damage":1.0,"enemies":"2 Louse","floor":3.0,"turns":2.0},{"damage":7.0,"enemies":"Lots of Slimes","floor":4.0,"turns":2.0},{"damage":30.0,"enemies":"3 Sentries","floor":6.0,"turns":6.0},{"damage":24.0,"enemies":"Lagavulin","floor":8.0,"turns":7.0},{"damage":3.0,"enemies":"Gremlin Nob","floor":10.0,"turns":3.0},{"damage":27.0,"enemies":"Lagavulin","floor":12.0,"turns":6.0},{"damage":7.0,"enemies":"Looter","floor":13.0,"turns":4.0},{"damage":3.0,"enemies":"Gremlin Nob","floor":14.0,"turns":3.0},{"damage":26.0,"enemies":"Slime Boss","floor":16.0,"turns":6.0},{"damage":41.0,"enemies":"Shell Parasite","floor":18.0,"turns":7.0},{"damage":15,"enemies":"Chosen","floor":19,"turns":4},{"damage":47,"enemies":"Sentry and Sphere","floor":20,"turns":6}],"seed_played":"1339409599001997045","potions_obtained":[{"floor":1.0,"key":"SmokeBomb"},{"floor":10.0,"key":"GamblersBrew"},{"floor":12.0,"key":"Poison Potion"},{"floor":18.0,"key":"Strength Potion"}],"is_trial":false,"path_per_floor":["M","M","M","M","$","E","?","E","T","E","$","E","M","E","R","B",null,"M","M","M"],"character_chosen":"IRONCLAD","items_purchased":["Rupture","Rupture","Feed"],"campfire_rested":0,"item_purchase_floors":[5,11,11],"current_hp_per_floor":[80,84,88,87,87,63,63,45,45,48,48,35,42,48,48,31,78,51,45,0],"gold":227,"neow_bonus":"TEN_PERCENT_HP_BONUS","is_prod":false,"is_daily":false,"chose_seed":false,"campfire_upgraded":1,"win_rate":0,"timestamp":1555730568,"path_taken":["M","M","M","M","?","E","?","E","T","E","$","E","?","E","R","BOSS","M","M","M"],"build_version":"2019-01-23","purchased_purges":0,"victory":false,"max_hp_per_floor":[88,88,88,88,88,88,88,88,88,88,88,91,94,94,94,94,94,97,97,97],"card_choices":[{"not_picked":["Heavy Blade","Clash","Warcry"],"picked":"SKIP","floor":1.0},{"not_picked":["Twin Strike","Warcry"],"picked":"Clothesline","floor":2.0},{"not_picked":["Power Through","Havoc"],"picked":"Combust","floor":3.0},{"not_picked":["Cleave","Dropkick"],"picked":"Sword Boomerang","floor":6.0},{"not_picked":["Headbutt","Uppercut"],"picked":"Flame Barrier","floor":8.0},{"not_picked":["Evolve","Bloodletting","Seeing Red"],"picked":"SKIP","floor":10.0},{"not_picked":["Dual Wield","Power Through"],"picked":"Disarm","floor":12.0},{"not_picked":["True Grit","Armaments","Shockwave"],"picked":"SKIP","floor":13.0},{"not_picked":["Bloodletting","Intimidate"],"picked":"Demon Form","floor":14.0},{"not_picked":["Double Tap","Brutality"],"picked":"Impervious","floor":16.0},{"not_picked":["Flex","Thunderclap","Wild Strike"],"picked":"SKIP","floor":18.0},{"not_picked":["Infernal Blade","Twin Strike"],"picked":"Carnage+1","floor":19}],"player_experience":277758,"relics_obtained":[{"floor":6.0,"key":"PreservedInsect"},{"floor":8.0,"key":"Happy Flower"},{"floor":10.0,"key":"Magic Flower"},{"floor":12.0,"key":"Vajra"},{"floor":14.0,"key":"Turnip"}],"event_choices":[{"damage_healed":0.0,"max_hp_gain":0.0,"max_hp_loss":0.0,"gold_gain":0.0,"event_name":"Upgrade Shrine","player_choice":"Upgraded","floor":7.0,"gold_loss":0.0,"damage_taken":0.0,"cards_upgraded":["Combust"]}],"is_beta":false,"boss_relics":[{"not_picked":["Astrolabe","Philosopher\u0027s Stone"],"picked":"Black Star"}],"items_purged_floors":[],"is_endless":false,"potions_floor_spawned":[1,4,10,12,18],"killed_by":"Sentry and Sphere","ascension_level":12}