{"gold_per_floor":[111,122,142,92,92,127,6,20,20,15,25,25,54,54,54,54],"floor_reached":16,"playtime":815,"items_purged":[],"score":134,"play_id":"e5abe926-369c-4bd2-bf63-16d77e047645","local_time":"20190324223155","is_ascension_mode":true,"campfire_choices":[{"data":"Metallicize","floor":12,"key":"SMITH"},{"floor":15,"key":"REST"}],"neow_cost":"NONE","seed_source_timestamp":189427707320665,"circlet_count":0,"master_deck":["Strike_R","Strike_R","Strike_R","Strike_R","Defend_R","Defend_R","Defend_R","Defend_R","Bash","True Grit","Shrug It Off","Iron Wave","Disarm","Metallicize+1","Sword Boomerang","Twin Strike","Disarm","Clothesline","Armaments"],"relics":["Burning Blood","Bag of Preparation","Pantograph","Dream Catcher","Ginger"],"potions_floor_usage":[10,13,16,16],"damage_taken":[{"damage":0,"enemies":"Small Slimes","floor":1,"turns":3},{"damage":2,"enemies":"2 Louse","floor":2,"turns":3},{"damage":12,"enemies":"Jaw Worm","floor":3,"turns":6},{"damage":42,"enemies":"3 Sentries","floor":6,"turns":18},{"damage":3,"enemies":"Exordium Wildlife","floor":8,"turns":6},{"damage":9,"enemies":"Exordium Thugs","floor":10,"turns":4},{"damage":4,"enemies":"Blue Slaver","floor":11,"turns":5},{"damage":29,"enemies":"Gremlin Nob","floor":13,"turns":6},{"damage":74,"enemies":"Hexaghost","floor":16,"turns":22}],"seed_played":"9119300192360687804","potions_obtained":[{"floor":2,"key":"Ancient Potion"},{"floor":8,"key":"Poison Potion"},{"floor":11,"key":"Block Potion"},{"floor":13,"key":"Regen Potion"}],"is_trial":false,"path_per_floor":["M","M","M","?","?","E","$","M","T","M","M","R","E","?","R","B"],"character_chosen":"IRONCLAD","items_purchased":["Metallicize","SkillPotion"],"campfire_rested":1,"item_purchase_floors":[7,7],"current_hp_per_floor":[88,88,82,82,79,43,43,46,46,43,45,45,22,22,48,0],"gold":54,"neow_bonus":"TEN_PERCENT_HP_BONUS","is_prod":false,"is_daily":false,"chose_seed":false,"campfire_upgraded":1,"win_rate":0,"timestamp":1553488315,"path_taken":["M","M","M","?","?","E","$","M","T","M","M","R","E","?","R","BOSS"],"build_version":"2019-01-23","purchased_purges":0,"victory":false,"max_hp_per_floor":[88,88,88,88,88,88,88,88,88,88,88,88,88,88,88,88],"card_choices":[{"not_picked":["Havoc","Warcry"],"picked":"True Grit","floor":1},{"not_picked":["Iron Wave","True Grit"],"picked":"Shrug It Off","floor":2},{"not_picked":["Armaments","Cleave"],"picked":"Iron Wave","floor":3},{"not_picked":["Shrug It Off","Rupture"],"picked":"Disarm","floor":6},{"not_picked":["Dual Wield","Limit Break"],"picked":"Sword Boomerang","floor":8},{"not_picked":["Carnage","Searing Blow"],"picked":"Twin Strike","floor":10},{"not_picked":["Twin Strike","Armaments"],"picked":"Disarm","floor":11},{"not_picked":["Rupture","Feel No Pain"],"picked":"Clothesline","floor":13},{"not_picked":["Havoc","Anger"],"picked":"Armaments","floor":15}],"player_experience":323616,"relics_obtained":[{"floor":6,"key":"Pantograph"},{"floor":9,"key":"Dream Catcher"},{"floor":13,"key":"Ginger"}],"event_choices":[{"cards_removed":["Strike_R"],"damage_healed":0,"gold_gain":0,"player_choice":"Card Removal","damage_taken":0,"max_hp_gain":0,"max_hp_loss":0,"event_name":"The Cleric","floor":4,"gold_loss":50},{"damage_healed":0,"gold_gain":0,"player_choice":"Success","damage_taken":3,"relics_obtained":["Bag of Preparation"],"max_hp_gain":0,"max_hp_loss":0,"event_name":"Scrap Ooze","floor":5,"gold_loss":0},{"damage_healed":0,"gold_gain":0,"player_choice":"Ignored","damage_taken":0,"max_hp_gain":0,"max_hp_loss":0,"event_name":"Liars Game","floor":14,"gold_loss":0}],"is_beta":false,"boss_relics":[],"items_purged_floors":[],"is_endless":false,"potions_floor_spawned":[2,8,11,13],"killed_by":"Hexaghost","ascension_level":4}