{"gold_per_floor":[118,118,134,104,118,146,146,146,199,215,215,215,229,20,20,20],"floor_reached":16,"playtime":467,"items_purged":[],"score":100,"play_id":"fc273b3b-00e4-4e40-b04a-756c1cf880b3","local_time":"20181109124633","is_ascension_mode":false,"campfire_choices":[{"data":"Barricade","floor":7,"key":"SMITH"},{"data":"Dramatic Entrance","floor":11,"key":"SMITH"},{"data":"Flame Barrier","floor":15,"key":"SMITH"}],"neow_cost":"NONE","seed_source_timestamp":1461320706985992,"circlet_count":0,"master_deck":["Strike_R","Strike_R","Strike_R","Strike_R","Defend_R","Defend_R","Defend_R","Defend_R","Bash","Dramatic Entrance+1","Corruption+1","Flame Barrier+1","Clothesline","Barricade+1"],"relics":["Burning Blood","Centennial Puzzle","PreservedInsect","PrismaticShard"],"potions_floor_usage":[6,16,16],"damage_taken":[{"damage":7,"enemies":"Small Slimes","floor":1,"turns":3},{"damage":0,"enemies":"2 Louse","floor":3,"turns":2},{"damage":1,"enemies":"Cultist","floor":5,"turns":4},{"damage":17,"enemies":"3 Sentries","floor":6,"turns":6},{"damage":2,"enemies":"Blue Slaver","floor":10,"turns":4},{"damage":0,"enemies":"2 Fungi Beasts","floor":13,"turns":4},{"damage":97,"enemies":"Hexaghost","floor":16,"turns":15}],"seed_played":"3487283933786381575","potions_obtained":[{"floor":1,"key":"Weak Potion"},{"floor":4,"key":"Regen Potion"},{"floor":4,"key":"EssenceOfSteel"},{"floor":5,"key":"AttackPotion"},{"floor":10,"key":"Fire Potion"}],"is_trial":false,"path_per_floor":["M","?","M","?","M","E","R","?","T","M","R","?","M","$","R","B"],"character_chosen":"IRONCLAD","items_purchased":["PrismaticShard"],"campfire_rested":0,"item_purchase_floors":[14],"current_hp_per_floor":[79,72,78,78,80,69,69,74,74,78,78,78,84,84,84,0],"gold":20,"neow_bonus":"RANDOM_COLORLESS","is_prod":false,"is_daily":false,"chose_seed":false,"campfire_upgraded":3,"win_rate":0,"timestamp":1541796393,"path_taken":["M","?","M","?","?","E","R","?","T","M","R","?","M","?","R","BOSS"],"build_version":"2018-11-08","purchased_purges":0,"victory":false,"max_hp_per_floor":[80,80,80,80,80,80,80,85,85,85,85,85,85,85,85,85],"card_choices":[{"not_picked":["Clash","Reckless Charge"],"picked":"Corruption","floor":1},{"not_picked":["Reckless Charge","Sword Boomerang"],"picked":"Flame Barrier","floor":3},{"not_picked":["Rampage","Havoc"],"picked":"Clothesline","floor":5},{"not_picked":["Anger","Shrug It Off"],"picked":"Barricade","floor":6},{"not_picked":["Thunderclap","Combust","Carnage"],"picked":"SKIP","floor":10},{"not_picked":["Heavy Blade","Iron Wave","Thunderclap"],"picked":"SKIP","floor":13}],"player_experience":328778,"relics_obtained":[{"floor":6,"key":"Centennial Puzzle"},{"floor":9,"key":"PreservedInsect"}],"event_choices":[{"cards_removed":["Strike_R"],"damage_healed":0,"gold_gain":0,"player_choice":"Card Removal","damage_taken":7,"max_hp_gain":0,"max_hp_loss":0,"event_name":"Golden Wing","floor":2,"gold_loss":0},{"damage_healed":0,"gold_gain":0,"player_choice":"Bought 2 Potions","damage_taken":0,"max_hp_gain":0,"max_hp_loss":0,"event_name":"The Woman in Blue","floor":4,"gold_loss":0},{"damage_healed":0,"gold_gain":0,"player_choice":"Donut","damage_taken":0,"max_hp_gain":5,"max_hp_loss":0,"event_name":"Big Fish","floor":8,"gold_loss":0},{"damage_healed":0,"gold_gain":0,"player_choice":"Grow","damage_taken":0,"max_hp_gain":0,"max_hp_loss":0,"event_name":"Living Wall","floor":12,"gold_loss":0,"cards_upgraded":["Corruption"]}],"is_beta":false,"boss_relics":[],"items_purged_floors":[],"is_endless":false,"potions_floor_spawned":[1,5,10,13],"killed_by":"Hexaghost","ascension_level":0}