{"gold_per_floor":[118,130,130,148,15,15,49,49,125,125,135,100,100,100,100,100],"floor_reached":16,"playtime":547,"items_purged":[],"score":196,"play_id":"77c2168b-7f58-43b2-a2be-25216078a5f5","local_time":"20190501195501","is_ascension_mode":true,"campfire_choices":[{"data":"Neutralize","floor":6,"key":"SMITH"},{"data":"After Image","floor":8,"key":"SMITH"},{"floor":10,"key":"REST"},{"data":"Slice","floor":13,"key":"SMITH"},{"data":"Quick Slash","floor":15,"key":"SMITH"}],"neow_cost":"TEN_PERCENT_HP_LOSS","seed_source_timestamp":3362512768038024,"circlet_count":0,"master_deck":["AscendersBane","Defend_G","Defend_G","Defend_G","Defend_G","Defend_G","Strike_G","Strike_G","Strike_G","Strike_G","Strike_G","Survivor","Neutralize+1","After Image+1","Slice+1","Quick Slash+1","Well Laid Plans","PiercingWail","Backstab","Dagger Throw"],"relics":["Ring of the Snake","Centennial Puzzle","Question Card"],"potions_floor_usage":[2],"damage_taken":[{"damage":0,"enemies":"2 Louse","floor":1,"turns":3},{"damage":0,"enemies":"Cultist","floor":2,"turns":5},{"damage":0,"enemies":"Jaw Worm","floor":4,"turns":5},{"damage":41,"enemies":"Gremlin Nob","floor":7,"turns":6},{"damage":3,"enemies":"Large Slime","floor":11,"turns":6},{"damage":69,"enemies":"Hexaghost","floor":16,"turns":14}],"seed_played":"6343402528887383491","potions_obtained":[{"floor":1,"key":"Explosive Potion"},{"floor":7,"key":"FairyPotion"}],"is_trial":false,"path_per_floor":["M","M","?","M","$","R","E","R","T","R","M","?","R","?","R","B"],"character_chosen":"THE_SILENT","items_purchased":["Well Laid Plans","PiercingWail"],"campfire_rested":1,"item_purchase_floors":[5,5],"current_hp_per_floor":[59,59,59,59,59,59,18,18,18,36,33,48,48,53,53,0],"gold":100,"neow_bonus":"THREE_RARE_CARDS","is_prod":false,"is_daily":false,"chose_seed":false,"campfire_upgraded":4,"win_rate":0,"timestamp":1556736901,"path_taken":["M","M","?","M","$","R","E","R","T","R","?","?","R","?","R","BOSS"],"build_version":"2019-01-23","purchased_purges":0,"victory":false,"max_hp_per_floor":[60,60,60,60,60,60,60,60,60,60,60,60,60,65,65,65],"card_choices":[{"not_picked":["Bullet Time","Envenom"],"picked":"After Image","floor":0},{"not_picked":["Escape Plan","Reflex","Dodge and Roll"],"picked":"SKIP","floor":1},{"not_picked":["Bane","Finisher"],"picked":"Slice","floor":2},{"not_picked":["Skewer","Dodge and Roll"],"picked":"Quick Slash","floor":4},{"not_picked":["Tactician","Footwork"],"picked":"Backstab","floor":7},{"not_picked":["Accuracy","PiercingWail","Quick Slash"],"picked":"Dagger Throw","floor":11}],"player_experience":287301,"relics_obtained":[{"floor":7,"key":"Centennial Puzzle"},{"floor":9,"key":"Question Card"}],"event_choices":[{"damage_healed":0,"gold_gain":0,"player_choice":"0 cards matched","damage_taken":0,"max_hp_gain":0,"max_hp_loss":0,"event_name":"Match and Keep!","floor":3,"gold_loss":0,"cards_obtained":[]},{"damage_healed":15,"gold_gain":0,"player_choice":"Healed","damage_taken":0,"max_hp_gain":0,"max_hp_loss":0,"event_name":"The Cleric","floor":12,"gold_loss":35},{"damage_healed":0,"gold_gain":0,"player_choice":"Donut","damage_taken":0,"max_hp_gain":5,"max_hp_loss":0,"event_name":"Big Fish","floor":14,"gold_loss":0}],"is_beta":false,"boss_relics":[],"items_purged_floors":[],"is_endless":false,"potions_floor_spawned":[1,7],"killed_by":"Hexaghost","ascension_level":20}