{"gold_per_floor":[118,136,154,165,13,13,45,45,120,131,143,154,154,92,92,190,190,210,228,228,239,254,281,281,310,310,310,321,339,339,359,359,460,460,479,498,516,528,547,578,578,598,598,598,617,649,649,649,649,649,649,649,112,143,143],"floor_reached":56,"playtime":3211,"items_purged":["Writhe"],"score":1330,"play_id":"fe93549b-7482-4463-97c0-23d5f8c8816c","local_time":"20190409103754","is_ascension_mode":true,"campfire_choices":[{"data":"Clash","floor":6,"key":"SMITH"},{"data":"1","floor":8,"key":"LIFT"},{"data":"2","floor":13,"key":"LIFT"},{"data":"3","floor":15,"key":"LIFT"},{"data":"Limit Break","floor":24,"key":"SMITH"},{"data":"Heavy Blade","floor":27,"key":"SMITH"},{"data":"Pommel Strike","floor":30,"key":"SMITH"},{"data":"Pummel","floor":32,"key":"SMITH"},{"floor":41,"key":"RECALL"},{"data":"Warcry","floor":49,"key":"SMITH"},{"data":"Seeing Red","floor":52,"key":"SMITH"}],"neow_cost":"NONE","seed_source_timestamp":1556490749473600,"circlet_count":0,"master_deck":["Strike_R","Strike_R","Strike_R","Strike_R","Strike_R","Defend_R","Defend_R","Defend_R","Defend_R","Bash","Headbutt","Clash+1","Thunderclap","Pommel Strike+1","Headbutt","Twin Strike","Limit Break+1","Pummel+1","Inflame","Heavy Blade+1","Anger","Ghostly Armor","Dropkick","Perfected Strike+1","Cleave","Warcry+1","Reaper","Cleave","Headbutt","Clash","Armaments+1","Seeing Red+1","Spot Weakness+1","Heavy Blade+1","Havoc+1","Shrug It Off+1"],"relics":["Burning Blood","Red Skull","Girya","Letter Opener","Oddly Smooth Stone","Mark of Pain","Bag of Preparation","Du-Vu Doll","Paper Frog","Coffee Dripper","Ornamental Fan","Prayer Wheel","Vajra","Sling","Bottled Tornado","Bottled Flame"],"potions_floor_usage":[16,16,25,25,25,33,33,33,55],"damage_taken":[{"damage":17,"enemies":"Small Slimes","floor":1,"turns":3},{"damage":6,"enemies":"Cultist","floor":2,"turns":3},{"damage":6,"enemies":"Jaw Worm","floor":3,"turns":2},{"damage":8,"enemies":"2 Fungi Beasts","floor":4,"turns":3},{"damage":31,"enemies":"Lagavulin","floor":7,"turns":5},{"damage":12,"enemies":"Blue Slaver","floor":10,"turns":2},{"damage":10,"enemies":"Looter","floor":11,"turns":2},{"damage":0,"enemies":"3 Louse","floor":12,"turns":3},{"damage":49,"enemies":"The Guardian","floor":16,"turns":5},{"damage":4,"enemies":"Spheric Guardian","floor":18,"turns":3},{"damage":19,"enemies":"3 Byrds","floor":19,"turns":4},{"damage":24,"enemies":"Snecko","floor":21,"turns":4},{"damage":4,"enemies":"Chosen and Byrds","floor":22,"turns":3},{"damage":35,"enemies":"Gremlin Leader","floor":23,"turns":3},{"damage":25,"enemies":"Slavers","floor":25,"turns":2},{"damage":0,"enemies":"Shelled Parasite and Fungi","floor":28,"turns":1},{"damage":0,"enemies":"Cultist and Chosen","floor":29,"turns":3},{"damage":0,"enemies":"Sentry and Sphere","floor":31,"turns":3},{"damage":24,"enemies":"Automaton","floor":33,"turns":5},{"damage":29,"enemies":"3 Darklings","floor":35,"turns":2},{"damage":0,"enemies":"Orb Walker","floor":36,"turns":2},{"damage":13,"enemies":"4 Shapes","floor":37,"turns":2},{"damage":62,"enemies":"Writhing Mass","floor":38,"turns":4},{"damage":0,"enemies":"Jaw Worm Horde","floor":39,"turns":1},{"damage":45,"enemies":"Nemesis","floor":40,"turns":3},{"damage":0,"enemies":"4 Shapes","floor":42,"turns":1},{"damage":23,"enemies":"Transient","floor":45,"turns":5},{"damage":24,"enemies":"Reptomancer","floor":46,"turns":4},{"damage":48,"enemies":"Donu and Deca","floor":50,"turns":5},{"damage":50,"enemies":"Shield and Spear","floor":54,"turns":5},{"damage":99,"enemies":"The Heart","floor":55,"turns":5}],"seed_played":"-229484272686610604","potions_obtained":[{"floor":3,"key":"BloodPotion"},{"floor":7,"key":"Explosive Potion"},{"floor":12,"key":"Poison Potion"},{"floor":18,"key":"FearPotion"},{"floor":22,"key":"SteroidPotion"},{"floor":25,"key":"AttackPotion"},{"floor":28,"key":"PowerPotion"},{"floor":31,"key":"EssenceOfSteel"},{"floor":33,"key":"Dexterity Potion"},{"floor":35,"key":"Fire Potion"},{"floor":37,"key":"Weak Potion"},{"floor":46,"key":"FairyPotion"}],"is_trial":false,"path_per_floor":["M","M","M","M","$","R","E","R","T","M","M","M","R","?","R","B",null,"M","M","?","M","M","E","R","E","T","R","M","M","R","M","R","B",null,"M","M","M","M","M","E","R","M","T","?","M","E","?","T","R","B",null,"R","$","E","B",null],"character_chosen":"IRONCLAD","items_purchased":["Red Skull","Sling","Bottled Tornado"],"campfire_rested":0,"item_purchase_floors":[5,53,53],"current_hp_per_floor":[77,77,77,75,75,75,50,50,50,47,43,49,49,49,49,15,91,94,84,107,89,91,62,62,43,43,43,49,55,55,61,61,43,107,84,90,83,42,48,9,9,15,15,42,51,53,53,53,53,35,107,107,107,63,14],"gold":143,"neow_bonus":"TEN_PERCENT_HP_BONUS","is_prod":false,"is_daily":false,"chose_seed":false,"campfire_upgraded":7,"win_rate":0,"timestamp":1554799074,"path_taken":["M","M","M","M","$","R","E","R","T","M","M","M","R","?","R","BOSS","M","M","?","M","M","E","R","E","T","R","M","M","R","?","R","BOSS","M","?","M","M","M","E","R","M","T","?","M","E","?","?","R","BOSS","R","$","E","BOSS"],"build_version":"2019-01-23","purchased_purges":1,"victory":true,"max_hp_per_floor":[88,88,88,88,88,88,88,88,88,91,91,91,91,91,91,91,91,94,97,107,107,107,107,107,107,107,107,107,107,107,107,107,107,107,107,107,107,107,107,107,107,107,107,107,107,107,107,107,107,107,107,107,107,107,107],"card_choices":[{"not_picked":["Perfected Strike","Sword Boomerang"],"picked":"Headbutt","floor":1},{"not_picked":["Flex","Armaments"],"picked":"Clash","floor":2},{"not_picked":["Wild Strike","Corruption"],"picked":"Thunderclap","floor":3},{"not_picked":["Clothesline","Second Wind"],"picked":"Feed","floor":4},{"not_picked":["Flex","Spot Weakness"],"picked":"Pommel Strike","floor":7},{"not_picked":["Cleave","Reaper"],"picked":"Headbutt","floor":10},{"not_picked":["Headbutt","Thunderclap"],"picked":"Twin Strike","floor":11},{"not_picked":["Burning Pact","Hemokinesis"],"picked":"Battle Trance","floor":12},{"not_picked":["Demon Form","Brutality"],"picked":"Limit Break","floor":16},{"not_picked":["True Grit","Twin Strike"],"picked":"Pummel","floor":18},{"not_picked":["Entrench","Clothesline"],"picked":"Inflame","floor":19},{"not_picked":["Sever Soul","Thunderclap"],"picked":"Heavy Blade","floor":21},{"not_picked":["Clash","Intimidate"],"picked":"Anger","floor":22},{"not_picked":["Power Through+1","Body Slam"],"picked":"Ghostly Armor","floor":23},{"not_picked":["Body Slam+1","True Grit"],"picked":"Dropkick","floor":25},{"not_picked":["Clash","Iron Wave"],"picked":"Perfected Strike+1","floor":28},{"not_picked":["Thunderclap","Iron Wave"],"picked":"Cleave","floor":29},{"not_picked":["True Grit","Clothesline"],"picked":"Warcry","floor":31},{"not_picked":["Dark Embrace","Barricade"],"picked":"Reaper","floor":33},{"not_picked":["Feel No Pain+1","Iron Wave+1"],"picked":"Cleave","floor":35},{"not_picked":["Clash+1","Combust+1"],"picked":"Headbutt","floor":36},{"not_picked":["Body Slam","Combust"],"picked":"Clash","floor":37},{"not_picked":["Clothesline","True Grit+1"],"picked":"Armaments+1","floor":38},{"not_picked":["Iron Wave+1","Evolve"],"picked":"Seeing Red","floor":39},{"not_picked":["Exhume","True Grit+1"],"picked":"Spot Weakness+1","floor":40},{"not_picked":["Cleave+1","Body Slam"],"picked":"Heavy Blade+1","floor":42},{"not_picked":["Sword Boomerang+1","Feel No Pain"],"picked":"Havoc+1","floor":45},{"not_picked":["Clothesline","Blood for Blood+1","True Grit"],"picked":"SKIP","floor":46},{"not_picked":["Armaments","Hemokinesis"],"picked":"Shrug It Off+1","floor":54}],"player_experience":295350,"relics_obtained":[{"floor":7,"key":"Girya"},{"floor":9,"key":"Letter Opener"},{"floor":23,"key":"Bag of Preparation"},{"floor":25,"key":"Du-Vu Doll"},{"floor":26,"key":"Paper Frog"},{"floor":40,"key":"Ornamental Fan"},{"floor":46,"key":"Prayer Wheel"},{"floor":48,"key":"Vajra"},{"floor":54,"key":"Bottled Flame"}],"event_choices":[{"damage_healed":0,"gold_gain":0,"player_choice":"Paid Gold","damage_taken":0,"relics_obtained":["Oddly Smooth Stone"],"max_hp_gain":0,"max_hp_loss":0,"event_name":"WeMeetAgain","floor":14,"gold_loss":62},{"cards_removed":["Feed"],"damage_healed":13,"gold_gain":0,"player_choice":"Offered Rare","damage_taken":0,"max_hp_gain":10,"max_hp_loss":0,"event_name":"Bonfire Elementals","floor":20,"gold_loss":0},{"damage_healed":27,"gold_gain":0,"player_choice":"Writhe","damage_taken":0,"max_hp_gain":0,"max_hp_loss":0,"event_name":"Winding Halls","floor":44,"gold_loss":0,"cards_obtained":["Writhe"]},{"cards_removed":["Battle Trance"],"damage_healed":0,"gold_gain":0,"player_choice":"Removed Skill","damage_taken":0,"max_hp_gain":0,"max_hp_loss":0,"event_name":"Falling","floor":47,"gold_loss":0}],"is_beta":false,"boss_relics":[{"not_picked":["Empty Cage","Runic Cube"],"picked":"Mark of Pain"},{"not_picked":["Fusion Hammer","Runic Dome"],"picked":"Coffee Dripper"}],"items_purged_floors":[53],"is_endless":false,"potions_floor_spawned":[3,7,12,18,22,25,28,31,33,35,37,40,46],"ascension_level":1}