{"gold_per_floor":[212,226,236,248,2,2,34,47,72,102,102,112,112,122,122,199,199,209,124,124,45,58,84,84],"floor_reached":24,"playtime":776,"items_purged":["Strike_R"],"score":403,"play_id":"a2ff3d31-70d0-4abf-a21b-24dc962359c0","local_time":"20190426093725","is_ascension_mode":true,"campfire_choices":[{"data":"Bash","floor":6,"key":"SMITH"},{"floor":11,"key":"REST"},{"data":"Feed","floor":13,"key":"SMITH"},{"data":"Clothesline","floor":15,"key":"SMITH"}],"neow_cost":"NONE","seed_source_timestamp":47113531035674,"circlet_count":0,"master_deck":["AscendersBane","Strike_R","Strike_R","Strike_R","Strike_R","Defend_R","Defend_R","Defend_R","Defend_R","Bash+1","Carnage","Carnage","Spot Weakness","Anger","Clothesline+1","Shrug It Off","Feed+1","Thunderclap","Limit Break","Entrench","Decay","Metallicize","Body Slam","Pummel"],"relics":["Burning Blood","Centennial Puzzle","Art of War","Bronze Scales","Velvet Choker","Oddly Smooth Stone","Lantern"],"potions_floor_usage":[16,16,18,24],"damage_taken":[{"damage":2,"enemies":"Cultist","floor":1,"turns":4},{"damage":7,"enemies":"Jaw Worm","floor":2,"turns":2},{"damage":6,"enemies":"2 Louse","floor":3,"turns":2},{"damage":17,"enemies":"Looter","floor":4,"turns":3},{"damage":40,"enemies":"Lagavulin","floor":7,"turns":4},{"damage":12,"enemies":"Exordium Wildlife","floor":8,"turns":3},{"damage":16,"enemies":"Gremlin Gang","floor":12,"turns":3},{"damage":13,"enemies":"Lots of Slimes","floor":14,"turns":4},{"damage":21,"enemies":"The Guardian","floor":16,"turns":12},{"damage":17,"enemies":"2 Thieves","floor":18,"turns":4},{"damage":21,"enemies":"Chosen","floor":22,"turns":5},{"damage":31,"enemies":"Gremlin Leader","floor":23,"turns":6},{"damage":21,"enemies":"Shelled Parasite and Fungi","floor":24,"turns":1}],"seed_played":"6702400205897270733","potions_obtained":[{"floor":1,"key":"Swift Potion"},{"floor":2,"key":"SneckoOil"},{"floor":8,"key":"Dexterity Potion"},{"floor":16,"key":"Fire Potion"},{"floor":18,"key":"Dexterity Potion"}],"is_trial":false,"path_per_floor":["M","M","M","M","$","R","E","M","T","?","R","M","R","M","R","B",null,"M","?","?","$","M","E","M"],"character_chosen":"IRONCLAD","items_purchased":["Centennial Puzzle","Metallicize"],"campfire_rested":1,"item_purchase_floors":[5,21],"current_hp_per_floor":[72,71,71,60,60,60,26,20,20,20,42,32,32,29,29,14,63,52,52,52,52,37,12,0],"gold":84,"neow_bonus":"HUNDRED_GOLD","is_prod":false,"is_daily":false,"chose_seed":false,"campfire_upgraded":3,"win_rate":0,"timestamp":1556296645,"path_taken":["M","M","?","M","$","R","E","M","T","?","R","M","R","M","R","BOSS","M","?","?","?","M","E","M"],"build_version":"2019-01-23","purchased_purges":1,"victory":false,"max_hp_per_floor":[75,75,75,75,75,75,75,75,75,75,75,75,75,79,79,79,79,79,79,79,79,79,79,79],"card_choices":[{"not_picked":["Clash","Heavy Blade"],"picked":"Carnage","floor":1},{"not_picked":["Anger","Fire Breathing"],"picked":"Carnage","floor":2},{"not_picked":["Infernal Blade","Combust"],"picked":"Spot Weakness","floor":3},{"not_picked":["Warcry","Perfected Strike"],"picked":"Anger","floor":4},{"not_picked":["Perfected Strike","Heavy Blade"],"picked":"Clothesline","floor":7},{"not_picked":["Whirlwind","Bloodletting"],"picked":"Shrug It Off","floor":8},{"not_picked":["Headbutt","Armaments"],"picked":"Feed","floor":12},{"not_picked":["Evolve","Heavy Blade"],"picked":"Thunderclap","floor":14},{"not_picked":["Feed","Double Tap"],"picked":"Limit Break","floor":16},{"not_picked":["Clash","Wild Strike"],"picked":"Entrench","floor":18},{"not_picked":["Heavy Blade","Flex"],"picked":"Body Slam","floor":22},{"not_picked":["Clothesline","Uppercut"],"picked":"Pummel","floor":23}],"player_experience":491072,"relics_obtained":[{"floor":7,"key":"Art of War"},{"floor":9,"key":"Bronze Scales"},{"floor":23,"key":"Lantern"}],"event_choices":[{"damage_healed":0,"gold_gain":30,"player_choice":"Searched \u00271\u0027 times","damage_taken":0,"max_hp_gain":0,"max_hp_loss":0,"event_name":"Dead Adventurer","floor":10,"gold_loss":0},{"damage_healed":0,"gold_gain":0,"player_choice":"Obtained Relic","damage_taken":0,"relics_obtained":["Oddly Smooth Stone"],"max_hp_gain":0,"max_hp_loss":0,"event_name":"Addict","floor":19,"gold_loss":85},{"damage_healed":0,"gold_gain":0,"player_choice":"Smashed Altar","damage_taken":0,"max_hp_gain":0,"max_hp_loss":0,"event_name":"Forgotten Altar","floor":20,"gold_loss":0,"cards_obtained":["Decay"]}],"is_beta":false,"boss_relics":[{"not_picked":["Black Star","Cursed Key"],"picked":"Velvet Choker"}],"items_purged_floors":[5],"is_endless":false,"potions_floor_spawned":[1,2,8,16,18],"killed_by":"Shelled Parasite and Fungi","ascension_level":17}