{"gold_per_floor":[110,110,128,35,49,49,60,75,75,91,91,91,91,111,111,215,265,283,283,124,138,138,138,152,163,186,186],"floor_reached":27,"playtime":1657,"items_purged":["Decay"],"score":259,"play_id":"71e7361d-c2f0-4654-8325-b789fb4c93b5","local_time":"20190403212314","is_ascension_mode":true,"campfire_choices":[{"data":"Zap","floor":6,"key":"SMITH"},{"data":"Sunder","floor":11,"key":"SMITH"},{"data":"Streamline","floor":13,"key":"SMITH"},{"data":"Conserve Battery","floor":15,"key":"SMITH"},{"data":"Beam Cell","floor":23,"key":"SMITH"}],"neow_cost":"NONE","seed_source_timestamp":1730911381957680,"circlet_count":0,"master_deck":["Strike_B","Strike_B","Strike_B","Strike_B","Defend_B","Defend_B","Defend_B","Defend_B","Zap+1","Dualcast","Amplify","Lockon+1","Streamline+1","Ball Lightning","Self Repair","Conserve Battery+1","Skim","Sunder+1","Reprogram","Rip and Tear","Hyperbeam+1","Stack","Genetic Algorithm","Impatience","Beam Cell+1","Double Energy+1","Fusion+1"],"relics":["Cracked Core","Emotion Chip","Shuriken","Tiny House","Potion Belt"],"potions_floor_usage":[16,18,18,21,21,25],"damage_taken":[{"damage":7,"enemies":"Jaw Worm","floor":1,"turns":3},{"damage":0,"enemies":"Cultist","floor":3,"turns":2},{"damage":2,"enemies":"Small Slimes","floor":5,"turns":3},{"damage":6,"enemies":"Red Slaver","floor":7,"turns":3},{"damage":28,"enemies":"Exordium Thugs","floor":8,"turns":3},{"damage":15,"enemies":"Gremlin Gang","floor":10,"turns":4},{"damage":1,"enemies":"Looter","floor":14,"turns":3},{"damage":2,"enemies":"Slime Boss","floor":16,"turns":7},{"damage":20,"enemies":"2 Thieves","floor":18,"turns":3},{"damage":18,"enemies":"Chosen","floor":21,"turns":6},{"damage":29,"enemies":"Snecko","floor":24,"turns":5},{"damage":25,"enemies":"Centurion and Healer","floor":25,"turns":5},{"damage":31,"enemies":"Shelled Parasite and Fungi","floor":27,"turns":2}],"seed_played":"-1767895789661782962","potions_obtained":[{"floor":1,"key":"Weak Potion"},{"floor":10,"key":"FearPotion"},{"floor":14,"key":"Explosive Potion"},{"floor":17,"key":"AttackPotion"},{"floor":18,"key":"Regen Potion"},{"floor":21,"key":"Dexterity Potion"},{"floor":25,"key":"FocusPotion"}],"is_trial":false,"path_per_floor":["M","?","M","$","M","R","M","M","T","M","R","?","R","M","R","B",null,"M","?","$","M","?","R","M","M","T","M"],"character_chosen":"DEFECT","items_purchased":["Ball Lightning","Self Repair","Impatience"],"campfire_rested":0,"item_purchase_floors":[4,4,20],"current_hp_per_floor":[68,68,68,68,66,66,67,46,46,38,38,38,38,51,51,56,75,55,55,55,65,50,50,35,17,17,0],"gold":186,"neow_bonus":"ONE_RANDOM_RARE_CARD","is_prod":false,"is_daily":false,"chose_seed":false,"campfire_upgraded":5,"win_rate":0,"timestamp":1554294194,"path_taken":["M","?","M","$","M","R","M","?","T","M","R","?","R","M","R","BOSS","M","?","?","?","?","R","M","M","T","M"],"build_version":"2019-01-23","purchased_purges":1,"victory":false,"max_hp_per_floor":[75,75,75,75,75,75,75,75,75,75,75,75,75,75,75,75,80,80,80,80,80,85,85,85,85,85,85],"card_choices":[{"not_picked":["Hello World","Steam"],"picked":"Lockon","floor":1},{"not_picked":["Sweeping Beam","Doom and Gloom"],"picked":"Streamline","floor":3},{"not_picked":["Stack","Fusion"],"picked":"Conserve Battery","floor":5},{"not_picked":["All For One","Conserve Battery"],"picked":"Skim","floor":7},{"not_picked":["Turbo","Stack"],"picked":"Sunder","floor":8},{"not_picked":["Chaos","Force Field"],"picked":"Reprogram","floor":10},{"not_picked":["Compile Driver","Auto Shields"],"picked":"Rip and Tear","floor":14},{"not_picked":["Meteor Strike","Machine Learning"],"picked":"Hyperbeam","floor":16},{"not_picked":["Sweeping Beam","Streamline"],"picked":"Stack","floor":17},{"not_picked":["Streamline","Redo"],"picked":"Genetic Algorithm","floor":18},{"not_picked":["Rebound","Sweeping Beam"],"picked":"Beam Cell","floor":21},{"not_picked":["Coolheaded","Glacier"],"picked":"Double Energy+1","floor":24},{"not_picked":["Reinforced Body","Conserve Battery"],"picked":"Fusion+1","floor":25}],"player_experience":237715,"relics_obtained":[{"floor":9,"key":"Emotion Chip"},{"floor":12,"key":"Shuriken"},{"floor":26,"key":"Potion Belt"}],"event_choices":[{"damage_healed":0,"gold_gain":0,"player_choice":"Forge","damage_taken":0,"max_hp_gain":0,"max_hp_loss":0,"event_name":"Accursed Blacksmith","floor":2,"gold_loss":0,"cards_upgraded":["Lockon"]},{"damage_healed":0,"gold_gain":0,"player_choice":"Relic","damage_taken":0,"max_hp_gain":0,"max_hp_loss":0,"event_name":"Wheel of Change","floor":12,"gold_loss":0},{"damage_healed":0,"gold_gain":0,"player_choice":"Cursed","damage_taken":0,"max_hp_gain":0,"max_hp_loss":0,"event_name":"Wheel of Change","floor":19,"gold_loss":0,"cards_obtained":["Decay"]},{"damage_healed":0,"gold_gain":0,"player_choice":"Shed Blood","damage_taken":20,"max_hp_gain":5,"max_hp_loss":0,"event_name":"Forgotten Altar","floor":22,"gold_loss":0}],"is_beta":false,"boss_relics":[{"not_picked":["Pandora\u0027s Box","Calling Bell"],"picked":"Tiny House"}],"items_purged_floors":[20],"is_endless":false,"potions_floor_spawned":[1,10,14,18,21,25],"killed_by":"Shelled Parasite and Fungi","ascension_level":5}