{"gold_per_floor":[111,1,76,39,39,70,70,97,97,117,139,139,172,172,172,268,268,288,288,307,207,207,207,217,237,237,237,256,256,256,270,270,270],"floor_reached":33,"playtime":1398,"items_purged":["Defend_G","Defend_G"],"score":420,"play_id":"a2ad1bc5-9b09-4af6-baad-5d073059b7ed","local_time":"20190506174853","is_ascension_mode":true,"campfire_choices":[{"data":"Blur","floor":7.0,"key":"SMITH"},{"floor":12.0,"key":"REST"},{"floor":15.0,"key":"REST"},{"floor":23.0,"key":"REST"},{"floor":27.0,"key":"REST"},{"floor":29.0,"key":"REST"},{"data":"Cloak And Dagger","floor":32,"key":"SMITH"}],"neow_cost":"NONE","seed_source_timestamp":386668455720427,"circlet_count":0,"master_deck":["Defend_G","Defend_G","Defend_G","Strike_G","Strike_G","Strike_G","Strike_G","Survivor","Neutralize","Blur+1","Infinite Blades+1","Accuracy+1","Choke+1","Slice+1","Accuracy","After Image","Cloak And Dagger+1"],"special_seed":0,"relics":["Ring of the Snake","NeowsBlessing","Molten Egg 2","Bottled Flame","Meat on the Bone","Odd Mushroom","Anchor","WristBlade","MutagenicStrength","The Courier"],"potions_floor_usage":[33],"damage_taken":[{"damage":0.0,"enemies":"Small Slimes","floor":1.0,"turns":1.0},{"damage":0.0,"enemies":"3 Sentries","floor":6.0,"turns":1.0},{"damage":0.0,"enemies":"Lagavulin","floor":8.0,"turns":1.0},{"damage":0.0,"enemies":"2 Louse","floor":10.0,"turns":3.0},{"damage":18.0,"enemies":"The Mushroom Lair","floor":11.0,"turns":4.0},{"damage":12.0,"enemies":"Gremlin Nob","floor":13.0,"turns":3.0},{"damage":45.0,"enemies":"The Guardian","floor":16.0,"turns":10.0},{"damage":22.0,"enemies":"Spheric Guardian","floor":18.0,"turns":5.0},{"damage":15.0,"enemies":"3 Byrds","floor":20.0,"turns":7.0},{"damage":18.0,"enemies":"Cultist and Chosen","floor":24.0,"turns":7.0},{"damage":14.0,"enemies":"Centurion and Healer","floor":25.0,"turns":6.0},{"damage":30.0,"enemies":"Snake Plant","floor":28.0,"turns":6.0},{"damage":34,"enemies":"Cultist and Chosen","floor":31,"turns":7},{"damage":43,"enemies":"Automaton","floor":33,"turns":6}],"seed_played":"-1671587941227541321","potions_obtained":[{"floor":6.0,"key":"Weak Potion"},{"floor":11.0,"key":"SteroidPotion"},{"floor":16.0,"key":"SpeedPotion"},{"floor":20.0,"key":"Block Potion"},{"floor":28.0,"key":"EssenceOfSteel"}],"is_trial":false,"path_per_floor":["M","$","?","$","?","E","R","E","T","M","?","R","E","?","R","B",null,"M","?","M","$","?","R","M","M","T","R","M","R","?","M","R","B"],"character_chosen":"THE_SILENT","items_purchased":["Infinite Blades","Accuracy"],"campfire_rested":5,"item_purchase_floors":[2,4],"current_hp_per_floor":[63,63,52,52,52,52,52,52,52,52,46,67,55,48,69,36,62,40,40,37,37,37,58,40,38,38,59,41,62,62,40,40,0],"gold":270,"neow_bonus":"THREE_ENEMY_KILL","is_prod":false,"is_daily":false,"chose_seed":false,"campfire_upgraded":2,"win_rate":0,"timestamp":1557157733,"path_taken":["M","$","?","$","?","E","R","E","T","M","?","R","E","?","R","BOSS","M","?","M","$","?","R","M","M","T","R","M","R","?","M","R","BOSS"],"build_version":"2019-01-23","purchased_purges":2,"victory":false,"max_hp_per_floor":[70,70,70,70,70,70,70,70,70,70,70,70,70,70,70,70,70,70,70,70,70,70,70,70,70,70,70,70,70,70,70,70,70],"card_choices":[{"not_picked":["Sucker Punch","Outmaneuver"],"picked":"Blur","floor":1.0},{"not_picked":["Slice","Bane","Quick Slash"],"picked":"SKIP","floor":6.0},{"not_picked":["Concentrate","Deadly Poison"],"picked":"Choke+1","floor":8.0},{"not_picked":["PiercingWail","Calculated Gamble"],"picked":"Slice+1","floor":10.0},{"not_picked":["Dodge and Roll","Malaise"],"picked":"Accuracy","floor":13.0},{"not_picked":["Doppelganger","Die Die Die+1"],"picked":"After Image","floor":16.0},{"not_picked":["Bane+1","Underhanded Strike+1","Expertise"],"picked":"SKIP","floor":18.0},{"not_picked":["Sucker Punch+1","Malaise","Dagger Throw+1"],"picked":"SKIP","floor":20.0},{"not_picked":["Dagger Throw+1","Blur","Expertise"],"picked":"SKIP","floor":24.0},{"not_picked":["PiercingWail","Underhanded Strike+1","Masterful Stab+1"],"picked":"SKIP","floor":25.0},{"not_picked":["Deadly Poison","Skewer+1","Dagger Spray+1"],"picked":"SKIP","floor":28.0},{"not_picked":["Backflip","Dagger Throw+1"],"picked":"Cloak And Dagger","floor":31}],"player_experience":409877,"relics_obtained":[{"floor":6.0,"key":"Molten Egg 2"},{"floor":8.0,"key":"Bottled Flame"},{"floor":9.0,"key":"Meat on the Bone"},{"floor":11.0,"key":"Odd Mushroom"},{"floor":13.0,"key":"Anchor"},{"floor":26.0,"key":"The Courier"}],"event_choices":[{"damage_healed":0.0,"max_hp_gain":0.0,"max_hp_loss":0.0,"gold_gain":75.0,"event_name":"World of Goop","player_choice":"Gather Gold","floor":3.0,"gold_loss":0.0,"damage_taken":11.0},{"damage_healed":0.0,"max_hp_gain":0.0,"max_hp_loss":0.0,"gold_gain":0.0,"event_name":"Living Wall","player_choice":"Grow","floor":5.0,"gold_loss":0.0,"damage_taken":0.0,"cards_upgraded":["Accuracy"]},{"damage_healed":0.0,"max_hp_gain":0.0,"max_hp_loss":0.0,"gold_gain":0.0,"event_name":"Mushrooms","player_choice":"Fought Mushrooms","floor":11.0,"gold_loss":0.0,"damage_taken":0.0},{"cards_removed":["Strike_G"],"damage_healed":0.0,"max_hp_gain":0.0,"max_hp_loss":0.0,"gold_gain":0.0,"event_name":"Golden Wing","player_choice":"Card Removal","floor":14.0,"gold_loss":0.0,"damage_taken":7.0},{"damage_healed":0.0,"max_hp_gain":0.0,"max_hp_loss":0.0,"gold_gain":0.0,"event_name":"Drug Dealer","player_choice":"Inject Mutagens","floor":19.0,"gold_loss":0.0,"damage_taken":0.0,"relics_obtained":["MutagenicStrength"]},{"damage_healed":0.0,"max_hp_gain":0.0,"max_hp_loss":0.0,"gold_gain":0.0,"event_name":"Vampires","player_choice":"Ignored","floor":22.0,"gold_loss":0.0,"damage_taken":0.0},{"damage_healed":0.0,"max_hp_gain":0.0,"max_hp_loss":0.0,"gold_gain":0.0,"event_name":"Upgrade Shrine","player_choice":"Upgraded","floor":30.0,"gold_loss":0.0,"damage_taken":0.0,"cards_upgraded":["Infinite Blades"]}],"is_beta":false,"boss_relics":[{"not_picked":["Runic Dome","Eternal Feather"],"picked":"WristBlade"}],"items_purged_floors":[2,21],"is_endless":false,"potions_floor_spawned":[6,11,16,20,28],"killed_by":"Automaton","ascension_level":7}