{"gold_per_floor":[116,191,191,201,5,5,36,47,117,143,159,185,203,238,238,334,334,351,70,70,70,81,111,111,111,111,111,121,150,164,91,91,193,193,212,312,358,370,270,270,270,304,327,327,338,355,355,388,388,388],"floor_reached":51,"playtime":1820,"items_purged":["Defend_R","Pain"],"score":1284,"play_id":"0119dfa5-10ce-4993-a4ee-a071ce3dfa8a","local_time":"20190503113757","is_ascension_mode":true,"campfire_choices":[{"data":"Shrug It Off","floor":6,"key":"SMITH"},{"data":"Heavy Blade","floor":15,"key":"SMITH"},{"data":"True Grit","floor":24,"key":"SMITH"},{"data":"Impervious","floor":27,"key":"SMITH"},{"data":"Double Tap","floor":32,"key":"SMITH"},{"data":"Heavy Blade","floor":40,"key":"SMITH"},{"data":"1","floor":44,"key":"LIFT"},{"data":"2","floor":49,"key":"LIFT"}],"neow_cost":"NONE","seed_source_timestamp":300040964769600,"circlet_count":0,"master_deck":["AscendersBane","Strike_R","Strike_R","Strike_R","Strike_R","Strike_R","Defend_R","Defend_R","Bash","Shrug It Off+1","Cleave","Shrug It Off","Heavy Blade+1","Disarm","Shrug It Off","Clothesline","Impervious+1","Spot Weakness","Shame","True Grit+1","Sentinel+1","Double Tap+1","Feed","Flame Barrier","Flame Barrier","Heavy Blade+1","Sword Boomerang+1","Battle Trance","Madness","Madness"],"relics":["Burning Blood","NeowsBlessing","Brimstone","Pen Nib","Kunai","Gremlin Horn","Happy Flower","Magic Flower","Sozu","Chemical X","Letter Opener","MutagenicStrength","Shuriken","WarpedTongs","Oddly Smooth Stone","Paper Frog","Velvet Choker","Charon\u0027s Ashes","Girya","Self Forming Clay","Bronze Scales","StoneCalendar"],"potions_floor_usage":[13,14],"damage_taken":[{"damage":0,"enemies":"Jaw Worm","floor":1,"turns":1},{"damage":0,"enemies":"Cultist","floor":4,"turns":1},{"damage":0,"enemies":"3 Sentries","floor":7,"turns":1},{"damage":2,"enemies":"2 Louse","floor":8,"turns":2},{"damage":32,"enemies":"Gremlin Nob","floor":10,"turns":4},{"damage":3,"enemies":"2 Fungi Beasts","floor":11,"turns":2},{"damage":19,"enemies":"3 Sentries","floor":12,"turns":4},{"damage":11,"enemies":"3 Louse","floor":13,"turns":2},{"damage":10,"enemies":"Gremlin Nob","floor":14,"turns":3},{"damage":9,"enemies":"Hexaghost","floor":16,"turns":7},{"damage":9,"enemies":"Shell Parasite","floor":18,"turns":4},{"damage":13,"enemies":"2 Thieves","floor":22,"turns":3},{"damage":4,"enemies":"Gremlin Leader","floor":23,"turns":4},{"damage":11,"enemies":"Cultist and Chosen","floor":28,"turns":6},{"damage":29,"enemies":"Slavers","floor":29,"turns":4},{"damage":0,"enemies":"Snecko","floor":30,"turns":1},{"damage":40,"enemies":"Collector","floor":33,"turns":5},{"damage":24,"enemies":"3 Darklings","floor":35,"turns":3},{"damage":3,"enemies":"Mind Bloom Boss Battle","floor":36,"turns":5},{"damage":5,"enemies":"2 Orb Walkers","floor":37,"turns":3},{"damage":0,"enemies":"Orb Walker","floor":38,"turns":2},{"damage":20,"enemies":"Reptomancer","floor":42,"turns":2},{"damage":10,"enemies":"Spire Growth","floor":45,"turns":4},{"damage":0,"enemies":"Jaw Worm Horde","floor":46,"turns":2},{"damage":8,"enemies":"Giant Head","floor":48,"turns":5},{"damage":37,"enemies":"Time Eater","floor":50,"turns":4}],"seed_played":"-5175993938874288738","potions_obtained":[{"floor":7,"key":"Ancient Potion"},{"floor":8,"key":"Weak Potion"},{"floor":12,"key":"Regen Potion"},{"floor":13,"key":"Ancient Potion"},{"floor":14,"key":"SpeedPotion"}],"is_trial":false,"path_per_floor":["M","?","?","M","$","R","E","M","T","E","M","E","M","E","R","B",null,"M","$","?","?","M","E","R","?","T","R","M","E","M","$","R","B",null,"M","?","?","M","$","R","?","E","T","R","M","M","?","E","R","B",null],"character_chosen":"IRONCLAD","items_purchased":["Brimstone","Chemical X","Double Tap"],"campfire_rested":0,"item_purchase_floors":[5,19,31],"current_hp_per_floor":[78,67,67,73,73,73,79,80,80,54,57,44,39,44,44,44,71,71,71,71,71,67,72,72,72,72,72,70,50,59,59,59,28,67,52,58,62,71,71,71,80,69,69,69,68,77,67,68,68,40],"gold":388,"neow_bonus":"THREE_ENEMY_KILL","is_prod":false,"is_daily":false,"chose_seed":false,"campfire_upgraded":6,"win_rate":0,"timestamp":1556876277,"path_taken":["M","?","?","M","$","R","E","M","T","E","M","E","?","E","R","BOSS","M","$","?","?","M","E","R","?","T","R","M","E","?","$","R","BOSS","M","?","?","M","$","R","?","E","T","R","?","M","?","E","R","BOSS"],"build_version":"2019-01-23","purchased_purges":2,"victory":true,"max_hp_per_floor":[80,80,80,80,80,80,80,80,80,80,80,80,80,80,80,80,80,80,80,80,80,80,80,80,80,80,80,80,80,80,80,80,80,80,80,80,80,80,80,80,80,80,80,80,80,80,80,80,80,80],"card_choices":[{"not_picked":["Headbutt","Sword Boomerang"],"picked":"Shrug It Off","floor":1},{"not_picked":["Body Slam","Thunderclap"],"picked":"Cleave","floor":4},{"not_picked":["Body Slam","Clash"],"picked":"Shrug It Off","floor":7},{"not_picked":["Wild Strike","Intimidate"],"picked":"Heavy Blade","floor":8},{"not_picked":["Thunderclap","Anger"],"picked":"Disarm","floor":10},{"not_picked":["Power Through","Headbutt"],"picked":"Metallicize","floor":11},{"not_picked":["Clothesline","Armaments"],"picked":"Shrug It Off","floor":12},{"not_picked":["Reckless Charge","Inflame"],"picked":"Clothesline","floor":13},{"not_picked":["Anger","Evolve","Clothesline"],"picked":"SKIP","floor":14},{"not_picked":["Bludgeon","Dark Embrace"],"picked":"Impervious","floor":16},{"not_picked":["Cleave","Sword Boomerang"],"picked":"Spot Weakness","floor":18},{"not_picked":["Dropkick","Power Through"],"picked":"True Grit","floor":22},{"not_picked":["Rage+1","Combust","Bloodletting"],"picked":"SKIP","floor":23},{"not_picked":["Sever Soul","Body Slam","Burning Pact"],"picked":"SKIP","floor":28},{"not_picked":["Second Wind","Burning Pact","Sentinel"],"picked":"SKIP","floor":29},{"not_picked":["Sword Boomerang","Perfected Strike"],"picked":"Sentinel+1","floor":30},{"not_picked":["Immolate","Dark Embrace"],"picked":"Feed","floor":33},{"not_picked":["Blood for Blood","Flex"],"picked":"Flame Barrier","floor":35},{"not_picked":["Anger","Power Through"],"picked":"Flame Barrier","floor":36},{"not_picked":["Battle Trance","Intimidate"],"picked":"Heavy Blade","floor":37},{"not_picked":["Second Wind+1","Shrug It Off"],"picked":"Sword Boomerang+1","floor":38},{"not_picked":["Power Through+1","Feel No Pain","Clothesline+1"],"picked":"SKIP","floor":42},{"not_picked":["Cleave","Clothesline"],"picked":"Battle Trance","floor":45},{"not_picked":["Perfected Strike","True Grit","Demon Form"],"picked":"SKIP","floor":46},{"not_picked":["Iron Wave","Shrug It Off","Metallicize"],"picked":"SKIP","floor":48}],"player_experience":1013480,"relics_obtained":[{"floor":7,"key":"Pen Nib"},{"floor":9,"key":"Kunai"},{"floor":10,"key":"Gremlin Horn"},{"floor":12,"key":"Happy Flower"},{"floor":14,"key":"Magic Flower"},{"floor":23,"key":"Shuriken"},{"floor":26,"key":"Oddly Smooth Stone"},{"floor":29,"key":"Paper Frog"},{"floor":36,"key":"Charon\u0027s Ashes"},{"floor":37,"key":"Girya"},{"floor":42,"key":"Self Forming Clay"},{"floor":43,"key":"Bronze Scales"},{"floor":48,"key":"StoneCalendar"}],"event_choices":[{"damage_healed":0,"gold_gain":75,"player_choice":"Gather Gold","damage_taken":11,"max_hp_gain":0,"max_hp_loss":0,"event_name":"World of Goop","floor":2,"gold_loss":0},{"cards_removed":["Defend_R"],"damage_healed":0,"gold_gain":0,"player_choice":"Purged","damage_taken":0,"max_hp_gain":0,"max_hp_loss":0,"event_name":"Purifier","floor":3,"gold_loss":0},{"damage_healed":0,"gold_gain":0,"player_choice":"Stole Relic","damage_taken":0,"relics_obtained":["Letter Opener"],"max_hp_gain":0,"max_hp_loss":0,"event_name":"Addict","floor":20,"gold_loss":0,"cards_obtained":["Shame"]},{"damage_healed":0,"gold_gain":0,"player_choice":"Inject Mutagens","damage_taken":0,"relics_obtained":["MutagenicStrength"],"max_hp_gain":0,"max_hp_loss":0,"event_name":"Drug Dealer","floor":21,"gold_loss":0},{"damage_healed":0,"gold_gain":0,"player_choice":"Rummage","damage_taken":0,"relics_obtained":["WarpedTongs"],"max_hp_gain":0,"max_hp_loss":0,"event_name":"Accursed Blacksmith","floor":25,"gold_loss":0,"cards_obtained":["Pain"]},{"damage_healed":0,"gold_gain":0,"player_choice":"Fight","damage_taken":0,"max_hp_gain":0,"max_hp_loss":0,"event_name":"MindBloom","floor":36,"gold_loss":0},{"damage_healed":0,"gold_gain":0,"player_choice":"Fight","damage_taken":0,"max_hp_gain":0,"max_hp_loss":0,"event_name":"Mysterious Sphere","floor":37,"gold_loss":0},{"cards_removed":["Metallicize"],"damage_healed":9,"gold_gain":0,"player_choice":"Offered Uncommon","damage_taken":0,"max_hp_gain":0,"max_hp_loss":0,"event_name":"Bonfire Elementals","floor":41,"gold_loss":0},{"damage_healed":0,"gold_gain":0,"player_choice":"Embrace Madness","damage_taken":10,"max_hp_gain":0,"max_hp_loss":0,"event_name":"Winding Halls","floor":47,"gold_loss":0,"cards_obtained":["Madness","Madness"]}],"is_beta":false,"boss_relics":[{"not_picked":["Cursed Key","Tiny House"],"picked":"Sozu"},{"not_picked":["Runic Dome","Orrery"],"picked":"Velvet Choker"}],"items_purged_floors":[19,39],"is_endless":false,"potions_floor_spawned":[7,8,12,13,14,18,22,30,33,37,45],"ascension_level":12}