{"gold_per_floor":[110,110,125,125,125,165,165,198,278,312,325,325,42,63,63,162,162,186,111,127,127,143,143,161,2,2,2,23,23,23,44,44,44],"floor_reached":33,"playtime":946,"items_purged":["Strike_G"],"score":580,"play_id":"3d77b8c6-78ef-4f9b-8a1a-741c9044c71f","local_time":"20190429173412","is_ascension_mode":true,"campfire_choices":[{"data":"Predator","floor":7,"key":"SMITH"},{"data":"Catalyst","floor":15,"key":"SMITH"},{"floor":23,"key":"REST"},{"floor":27,"key":"REST"},{"floor":32,"key":"REST"}],"neow_cost":"NONE","seed_source_timestamp":3180840109047154,"circlet_count":0,"master_deck":["AscendersBane","Defend_G","Defend_G","Defend_G","Defend_G","Defend_G","Strike_G","Strike_G","Survivor","Neutralize","Deadly Poison","Bane","Predator+1","Deadly Poison","Backstab","Skewer","Catalyst+1","Blur+1","After Image","Backflip+1","Dodge and Roll+1","Crippling Poison+1","Dodge and Roll+1","Deflect+1","Bouncing Flask+1","Footwork+1"],"relics":["Ring of the Snake","NeowsBlessing","Golden Idol","PreservedInsect","Smiling Mask","Shuriken","Oddly Smooth Stone","Toxic Egg 2","Runic Dome","Frozen Egg 2"],"potions_floor_usage":[8,16,18,24,30,33],"damage_taken":[{"damage":0,"enemies":"Jaw Worm","floor":1,"turns":1},{"damage":0,"enemies":"Cultist","floor":3,"turns":1},{"damage":0,"enemies":"Lagavulin","floor":6,"turns":1},{"damage":27,"enemies":"3 Sentries","floor":8,"turns":6},{"damage":22,"enemies":"Lagavulin","floor":10,"turns":3},{"damage":1,"enemies":"Small Slimes","floor":11,"turns":2},{"damage":0,"enemies":"3 Louse","floor":14,"turns":3},{"damage":19,"enemies":"Hexaghost","floor":16,"turns":7},{"damage":17,"enemies":"Spheric Guardian","floor":18,"turns":4},{"damage":0,"enemies":"Shell Parasite","floor":20,"turns":4},{"damage":9,"enemies":"Snake Plant","floor":22,"turns":3},{"damage":11,"enemies":"Shelled Parasite and Fungi","floor":24,"turns":5},{"damage":2,"enemies":"Centurion and Healer","floor":28,"turns":7},{"damage":0,"enemies":"Colosseum Slavers","floor":30,"turns":4},{"damage":11,"enemies":"Snecko","floor":31,"turns":5},{"damage":52,"enemies":"Collector","floor":33,"turns":5}],"seed_played":"-6105377678778336520","potions_obtained":[{"floor":6,"key":"Strength Potion"},{"floor":8,"key":"Strength Potion"},{"floor":16,"key":"SkillPotion"},{"floor":22,"key":"SkillPotion"},{"floor":24,"key":"Fire Potion"},{"floor":31,"key":"SpeedPotion"}],"is_trial":false,"path_per_floor":["M","?","M","?","?","E","R","E","T","E","M","?","$","M","R","B",null,"M","?","M","?","M","R","M","$","T","R","M","$","?","M","R","B"],"character_chosen":"THE_SILENT","items_purchased":["Toxic Egg 2","Dodge and Roll+1","Deflect+1"],"campfire_rested":3,"item_purchase_floors":[13,25,25],"current_hp_per_floor":[59,59,59,59,59,59,59,32,32,10,9,29,29,29,29,10,48,31,31,31,22,13,31,20,20,20,38,36,36,36,25,43,0],"gold":44,"neow_bonus":"THREE_ENEMY_KILL","is_prod":false,"is_daily":false,"chose_seed":false,"campfire_upgraded":2,"win_rate":0,"timestamp":1556555652,"path_taken":["M","?","?","?","?","E","R","E","T","E","M","?","$","M","R","BOSS","M","?","M","?","?","R","M","$","T","R","M","$","?","M","R","BOSS"],"build_version":"2019-01-23","purchased_purges":1,"victory":false,"max_hp_per_floor":[66,66,66,60,60,60,60,60,60,60,60,60,60,60,60,60,60,60,60,60,60,60,60,60,60,60,60,60,60,60,60,60,60],"card_choices":[{"not_picked":["Dagger Spray","Sucker Punch"],"picked":"Deadly Poison","floor":1},{"not_picked":["Deflect","Dodge and Roll"],"picked":"Predator","floor":3},{"not_picked":["Acrobatics","Sucker Punch"],"picked":"Deadly Poison","floor":6},{"not_picked":["Dodge and Roll","A Thousand Cuts"],"picked":"Backstab","floor":8},{"not_picked":["Blade Dance","Concentrate"],"picked":"Skewer","floor":10},{"not_picked":["Outmaneuver","Acrobatics"],"picked":"Catalyst","floor":11},{"not_picked":["Backstab","Dagger Throw"],"picked":"Blur+1","floor":14},{"not_picked":["Unload","Phantasmal Killer+1"],"picked":"After Image","floor":16},{"not_picked":["Sucker Punch","Skewer"],"picked":"Backflip+1","floor":18},{"not_picked":["Dagger Throw+1","Acrobatics+1","Outmaneuver+1"],"picked":"SKIP","floor":20},{"not_picked":["Bane+1","Heel Hook"],"picked":"Dodge and Roll+1","floor":22},{"not_picked":["Dagger Spray","Prepared+1"],"picked":"Crippling Poison+1","floor":24},{"not_picked":["Poisoned Stab","Heel Hook+1"],"picked":"Bouncing Flask+1","floor":28},{"not_picked":["Flechettes+1","Grand Finale"],"picked":"Footwork+1","floor":31}],"player_experience":259524,"relics_obtained":[{"floor":6,"key":"PreservedInsect"},{"floor":8,"key":"Smiling Mask"},{"floor":9,"key":"Shuriken"},{"floor":10,"key":"Oddly Smooth Stone"},{"floor":26,"key":"Frozen Egg 2"}],"event_choices":[{"damage_healed":0,"gold_gain":0,"cards_transformed":["Strike_G"],"player_choice":"Transformed","damage_taken":0,"max_hp_gain":0,"max_hp_loss":0,"event_name":"Transmorgrifier","floor":2,"gold_loss":0,"cards_obtained":["Bane"]},{"damage_healed":0,"gold_gain":0,"player_choice":"Lose Max HP","damage_taken":0,"relics_obtained":["Golden Idol"],"max_hp_gain":0,"max_hp_loss":6,"event_name":"Golden Idol","floor":4,"gold_loss":0},{"damage_healed":0,"gold_gain":0,"player_choice":"Ignored","damage_taken":0,"max_hp_gain":0,"max_hp_loss":0,"event_name":"Liars Game","floor":5,"gold_loss":0},{"damage_healed":20,"gold_gain":0,"player_choice":"Banana","damage_taken":0,"max_hp_gain":0,"max_hp_loss":0,"event_name":"Big Fish","floor":12,"gold_loss":0},{"cards_removed":["Strike_G"],"damage_healed":0,"gold_gain":0,"player_choice":"Gave Gold","damage_taken":0,"max_hp_gain":0,"max_hp_loss":0,"event_name":"Beggar","floor":19,"gold_loss":75},{"damage_healed":0,"gold_gain":0,"player_choice":"Damaged","damage_taken":9,"max_hp_gain":0,"max_hp_loss":0,"event_name":"Wheel of Change","floor":21,"gold_loss":0},{"damage_healed":0,"gold_gain":0,"player_choice":"Fight","damage_taken":0,"max_hp_gain":0,"max_hp_loss":0,"event_name":"Colosseum","floor":30,"gold_loss":0},{"damage_healed":0,"gold_gain":0,"player_choice":"Fled From Nobs","damage_taken":0,"max_hp_gain":0,"max_hp_loss":0,"event_name":"Colosseum","floor":30,"gold_loss":0}],"is_beta":false,"boss_relics":[{"not_picked":["Coffee Dripper","Lizard Tail"],"picked":"Runic Dome"}],"items_purged_floors":[25],"is_endless":false,"potions_floor_spawned":[6,8,16,22,24,30,31],"killed_by":"Collector","ascension_level":20}