{"gold_per_floor":[111,111,36,36,111,142,142,142,192,7,36,36,49,60,60,155,155,170,185,200,228,116,146,146,177,177,211,223,235],"floor_reached":29,"playtime":1132,"items_purged":["Strike_R"],"score":455,"play_id":"adda3709-91c6-47cc-878f-64a0ca81b735","local_time":"20190402132458","is_ascension_mode":true,"campfire_choices":[{"data":"Combust","floor":7,"key":"SMITH"},{"data":"Inflame","floor":12,"key":"SMITH"},{"data":"True Grit","floor":15,"key":"SMITH"}],"neow_cost":"NONE","seed_source_timestamp":239449888786260,"circlet_count":0,"master_deck":["Strike_R+1","Defend_R","Defend_R+1","Defend_R","Defend_R+1","Bash+1","Thunderclap","Combust+1","Cleave","Uppercut","Inflame+1","True Grit+1","Juggernaut","Armaments+1","Iron Wave+1","Rupture","Iron Wave","Second Wind+1","Heavy Blade","Entrench"],"relics":["Burning Blood","NeowsBlessing","Strawberry","Vajra","Bronze Scales","Anchor","Runic Pyramid","Red Mask","Boot","War Paint","Bottled Flame","MawBank"],"potions_floor_usage":[21,23,23,23],"damage_taken":[{"damage":0,"enemies":"Jaw Worm","floor":1,"turns":1},{"damage":0,"enemies":"Lagavulin","floor":6,"turns":1},{"damage":0,"enemies":"Gremlin Nob","floor":11,"turns":1},{"damage":1,"enemies":"2 Louse","floor":13,"turns":2},{"damage":0,"enemies":"Cultist","floor":14,"turns":3},{"damage":8,"enemies":"Slime Boss","floor":16,"turns":7},{"damage":2,"enemies":"3 Byrds","floor":18,"turns":2},{"damage":5,"enemies":"Shell Parasite","floor":19,"turns":7},{"damage":15,"enemies":"Snecko","floor":20,"turns":4},{"damage":4,"enemies":"Masked Bandits","floor":21,"turns":2},{"damage":48,"enemies":"Slavers","floor":23,"turns":6},{"damage":53,"enemies":"Book of Stabbing","floor":25,"turns":6},{"damage":6,"enemies":"Gremlin Leader","floor":27,"turns":6},{"damage":38,"enemies":"Cultist and Chosen","floor":29,"turns":6}],"seed_played":"-3045781389227194005","potions_obtained":[{"floor":1,"key":"SpeedPotion"},{"floor":14,"key":"BloodPotion"},{"floor":16,"key":"SpeedPotion"},{"floor":20,"key":"SteroidPotion"},{"floor":21,"key":"Block Potion"},{"floor":27,"key":"SneckoOil"}],"is_trial":false,"path_per_floor":["M","?","$","?","?","E","R","?","T","$","E","R","M","M","R","B",null,"M","M","M","?","$","E","?","E","T","E","?","M"],"character_chosen":"IRONCLAD","items_purchased":["Combust","Bronze Scales","Uppercut","Rupture"],"campfire_rested":0,"item_purchase_floors":[3,10,10,22],"current_hp_per_floor":[78,71,71,55,44,57,57,57,57,57,63,63,68,74,74,72,83,87,87,78,80,80,46,75,28,28,28,28,0],"gold":235,"neow_bonus":"THREE_ENEMY_KILL","is_prod":false,"is_daily":false,"chose_seed":false,"campfire_upgraded":3,"win_rate":0,"timestamp":1554236698,"path_taken":["M","?","$","?","?","E","R","?","T","?","E","R","?","?","R","BOSS","M","M","M","?","$","E","?","E","T","E","?","M"],"build_version":"2019-01-23","purchased_purges":1,"victory":false,"max_hp_per_floor":[80,80,80,80,80,87,87,87,87,87,87,87,87,87,87,87,87,87,87,87,87,87,87,87,87,87,87,87,87],"card_choices":[{"not_picked":["Rupture","Sword Boomerang"],"picked":"Thunderclap","floor":1},{"not_picked":["Flex","Perfected Strike"],"picked":"Cleave","floor":6},{"not_picked":["Clothesline","Clash"],"picked":"Inflame","floor":11},{"not_picked":["Perfected Strike","Pommel Strike","Clothesline"],"picked":"SKIP","floor":13},{"not_picked":["Anger","Infernal Blade"],"picked":"True Grit","floor":14},{"not_picked":["Fiend Fire","Brutality"],"picked":"Juggernaut","floor":16},{"not_picked":["Iron Wave","Power Through"],"picked":"Armaments","floor":18},{"not_picked":["Rage","Corruption","Fire Breathing"],"picked":"SKIP","floor":19},{"not_picked":["Flex","Perfected Strike"],"picked":"Iron Wave+1","floor":20},{"not_picked":["Rage","Searing Blow","Headbutt"],"picked":"SKIP","floor":23},{"not_picked":["Pummel","Fire Breathing"],"picked":"Iron Wave","floor":25},{"not_picked":["Twin Strike","Warcry"],"picked":"Second Wind+1","floor":27}],"player_experience":128217,"relics_obtained":[{"floor":6,"key":"Strawberry"},{"floor":9,"key":"Vajra"},{"floor":11,"key":"Anchor"},{"floor":21,"key":"Red Mask"},{"floor":23,"key":"Boot"},{"floor":25,"key":"War Paint"},{"floor":26,"key":"Bottled Flame"},{"floor":27,"key":"MawBank"}],"event_choices":[{"cards_removed":["Strike_R"],"damage_healed":0,"gold_gain":0,"player_choice":"Card Removal","damage_taken":7,"max_hp_gain":0,"max_hp_loss":0,"event_name":"Golden Wing","floor":2,"gold_loss":0},{"damage_healed":0,"gold_gain":0,"player_choice":"Entered Light","damage_taken":16,"max_hp_gain":0,"max_hp_loss":0,"event_name":"Shining Light","floor":4,"gold_loss":0,"cards_upgraded":["Defend_R","Strike_R"]},{"damage_healed":0,"gold_gain":75,"player_choice":"Gather Gold","damage_taken":11,"max_hp_gain":0,"max_hp_loss":0,"event_name":"World of Goop","floor":5,"gold_loss":0},{"damage_healed":0,"gold_gain":0,"player_choice":"Grow","damage_taken":0,"max_hp_gain":0,"max_hp_loss":0,"event_name":"Living Wall","floor":8,"gold_loss":0,"cards_upgraded":["Bash"]},{"damage_healed":0,"gold_gain":0,"player_choice":"Fought Bandits","damage_taken":0,"max_hp_gain":0,"max_hp_loss":0,"event_name":"Masked Bandits","floor":21,"gold_loss":0},{"damage_healed":29,"gold_gain":0,"player_choice":"Heal","damage_taken":0,"max_hp_gain":0,"max_hp_loss":0,"event_name":"The Library","floor":24,"gold_loss":0},{"damage_healed":0,"gold_gain":0,"cards_transformed":["Strike_R","Strike_R"],"player_choice":"Became Test Subject","damage_taken":0,"max_hp_gain":0,"max_hp_loss":0,"event_name":"Drug Dealer","floor":28,"gold_loss":0,"cards_obtained":["Heavy Blade","Entrench"]}],"is_beta":false,"boss_relics":[{"not_picked":["Runic Dome","Ectoplasm"],"picked":"Runic Pyramid"}],"items_purged_floors":[22],"is_endless":false,"potions_floor_spawned":[1,14,16,20,21,27],"killed_by":"Cultist and Chosen","ascension_level":7}