{"gold_per_floor":[109,124,124,136,146,172,172,182,233,244,244,15,33,33,33,129,129,140,157,157,167,266,266],"floor_reached":23,"playtime":763,"items_purged":["Strike_R"],"score":220,"play_id":"9d42ba8b-4973-402d-9cf9-b89014b2c021","local_time":"20190124161251","is_ascension_mode":false,"campfire_choices":[{"data":"Limit Break","floor":7,"key":"SMITH"},{"data":"Flex","floor":11,"key":"SMITH"},{"data":"Heavy Blade","floor":15,"key":"SMITH"}],"neow_cost":"NONE","seed_source_timestamp":1280793651193302,"circlet_count":0,"master_deck":["Strike_R","Strike_R","Strike_R","Strike_R","Defend_R","Defend_R","Defend_R+1","Defend_R","Bash","Heavy Blade+1","Limit Break+1","Flex+1","Limit Break+1"],"relics":["Burning Blood","Boot","Gremlin Horn","Omamori","Membership Card","White Beast Statue","War Paint"],"potions_floor_usage":[6,16,19,21,21,23,23],"damage_taken":[{"damage":6,"enemies":"Cultist","floor":1,"turns":3},{"damage":3,"enemies":"Small Slimes","floor":2,"turns":4},{"damage":17,"enemies":"Jaw Worm","floor":4,"turns":5},{"damage":10,"enemies":"Exordium Thugs","floor":5,"turns":4},{"damage":26,"enemies":"3 Sentries","floor":6,"turns":7},{"damage":6,"enemies":"Exordium Wildlife","floor":8,"turns":4},{"damage":10,"enemies":"Looter","floor":10,"turns":3},{"damage":6,"enemies":"Red Slaver","floor":13,"turns":3},{"damage":25,"enemies":"Slime Boss","floor":16,"turns":5},{"damage":5,"enemies":"Chosen","floor":18,"turns":4},{"damage":10,"enemies":"3 Byrds","floor":19,"turns":3},{"damage":28,"enemies":"Shelled Parasite and Fungi","floor":21,"turns":4},{"damage":57,"enemies":"Book of Stabbing","floor":23,"turns":6}],"seed_played":"-2222870698790113275","potions_obtained":[{"floor":2,"key":"PowerPotion"},{"floor":5,"key":"Strength Potion"},{"floor":6,"key":"SkillPotion"},{"floor":8,"key":"LiquidBronze"},{"floor":18,"key":"Weak Potion"},{"floor":19,"key":"Swift Potion"},{"floor":21,"key":"Block Potion"}],"is_trial":false,"path_per_floor":["M","M","?","M","M","E","R","M","T","M","R","$","M","$","R","B",null,"M","M","?","M","?","E"],"character_chosen":"IRONCLAD","items_purchased":["Membership Card"],"campfire_rested":0,"item_purchase_floors":[12],"current_hp_per_floor":[80,80,80,69,65,45,45,45,45,41,41,41,41,41,41,22,80,80,76,76,54,54,0],"gold":266,"neow_bonus":"THREE_CARDS","is_prod":false,"is_daily":false,"chose_seed":false,"campfire_upgraded":3,"win_rate":0,"timestamp":1548375171,"path_taken":["M","M","?","M","M","E","R","M","T","M","R","$","M","?","R","BOSS","M","M","?","M","?","E"],"build_version":"2019-01-10","purchased_purges":1,"victory":false,"max_hp_per_floor":[80,80,80,80,80,80,80,80,80,80,80,80,80,80,80,80,80,80,80,80,80,80,80],"card_choices":[{"not_picked":["Rampage","Hemokinesis"],"picked":"Heavy Blade","floor":0},{"not_picked":["Anger","Thunderclap","Cleave"],"picked":"SKIP","floor":1},{"not_picked":["Heavy Blade","Feel No Pain"],"picked":"Body Slam","floor":2},{"not_picked":["Perfected Strike","Wild Strike"],"picked":"Limit Break","floor":4},{"not_picked":["True Grit","Clothesline","Rupture"],"picked":"SKIP","floor":5},{"not_picked":["Sword Boomerang","Feel No Pain","Thunderclap"],"picked":"SKIP","floor":6},{"not_picked":["Clash","Searing Blow"],"picked":"Flex","floor":8},{"not_picked":["Clash","Anger","Wild Strike"],"picked":"SKIP","floor":10},{"not_picked":["Sword Boomerang","True Grit","Infernal Blade"],"picked":"SKIP","floor":13},{"not_picked":["Barricade","Offering"],"picked":"Limit Break","floor":16},{"not_picked":["Heavy Blade","Entrench","Sever Soul"],"picked":"SKIP","floor":18},{"not_picked":["Twin Strike","Body Slam+1","Sever Soul+1"],"picked":"SKIP","floor":19},{"not_picked":["Pommel Strike","Heavy Blade","Cleave"],"picked":"SKIP","floor":21}],"player_experience":365606,"relics_obtained":[{"floor":6,"key":"Gremlin Horn"},{"floor":9,"key":"Omamori"}],"event_choices":[{"cards_removed":["Body Slam"],"damage_healed":0,"gold_gain":0,"player_choice":"Gave Card","damage_taken":0,"relics_obtained":["Boot"],"max_hp_gain":0,"max_hp_loss":0,"event_name":"WeMeetAgain","floor":3,"gold_loss":0},{"damage_healed":0,"gold_gain":0,"player_choice":"Opened","damage_taken":0,"relics_obtained":["War Paint"],"max_hp_gain":0,"max_hp_loss":0,"event_name":"The Mausoleum","floor":20,"gold_loss":0,"cards_obtained":["Writhe"]},{"damage_healed":0,"gold_gain":99,"player_choice":"Stole From Cult","damage_taken":0,"max_hp_gain":0,"max_hp_loss":0,"event_name":"Nest","floor":22,"gold_loss":0}],"is_beta":false,"boss_relics":[{"not_picked":["Snecko Eye","Runic Dome"],"picked":"White Beast Statue"}],"items_purged_floors":[12],"is_endless":false,"potions_floor_spawned":[2,5,6,8,18,19,21],"killed_by":"Book of Stabbing","ascension_level":0}