{"gold_per_floor":[117,127,49,199,199,199,215,215,215,58,6,45,60,60,60,150,150,166,166,157,172,172,172],"floor_reached":23,"playtime":1293,"items_purged":["Doubt"],"score":331,"play_id":"24762afe-f41e-47ed-877f-8c922112ce79","local_time":"20190314194103","is_ascension_mode":true,"campfire_choices":[{"data":"Zap","floor":6,"key":"SMITH"},{"data":"FTL","floor":8,"key":"SMITH"},{"floor":15,"key":"REST"}],"neow_cost":"NONE","seed_source_timestamp":263257058848436,"circlet_count":0,"master_deck":["AscendersBane","Strike_B","Strike_B","Strike_B","Strike_B","Defend_B","Defend_B","Defend_B","Defend_B","Zap+1","Dualcast","Meteor Strike","Conserve Battery","Doom and Gloom","Injury","FTL+1","Chill+1","Gash","Glacier","Multi-Cast","Glacier","Gash"],"relics":["Cracked Core","Golden Idol","Frozen Egg 2","Regal Pillow","Cursed Key"],"potions_floor_usage":[16,16,18],"damage_taken":[{"damage":8,"enemies":"2 Louse","floor":1,"turns":3},{"damage":0,"enemies":"Small Slimes","floor":2,"turns":4},{"damage":8,"enemies":"Jaw Worm","floor":7,"turns":4},{"damage":7,"enemies":"3 Sentries","floor":12,"turns":6},{"damage":7,"enemies":"3 Louse","floor":13,"turns":4},{"damage":57,"enemies":"Hexaghost","floor":16,"turns":13},{"damage":0,"enemies":"Spheric Guardian","floor":18,"turns":3},{"damage":29,"enemies":"2 Thieves","floor":20,"turns":4},{"damage":20,"enemies":"Centurion and Healer","floor":21,"turns":10},{"damage":8,"enemies":"Gremlin Leader","floor":23,"turns":2}],"seed_played":"1652568448777442427","potions_obtained":[{"floor":7,"key":"Block Potion"},{"floor":13,"key":"Poison Potion"},{"floor":14,"key":"EssenceOfSteel"},{"floor":16,"key":"AttackPotion"},{"floor":18,"key":"Poison Potion"}],"is_trial":false,"path_per_floor":["M","M","$","?","?","R","M","R","T","$","$","E","M","?","R","B",null,"M","?","M","M","?","E"],"character_chosen":"DEFECT","items_purchased":["Doom and Gloom","Chill","Gash"],"campfire_rested":1,"item_purchase_floors":[3,10,11],"current_hp_per_floor":[56,56,56,56,56,56,48,48,48,48,48,41,34,34,70,13,57,57,57,28,8,8,0],"gold":172,"neow_bonus":"ONE_RANDOM_RARE_CARD","is_prod":false,"is_daily":false,"chose_seed":false,"campfire_upgraded":2,"win_rate":0,"timestamp":1552592463,"path_taken":["M","M","$","?","?","R","M","R","T","?","$","E","M","?","R","BOSS","M","?","M","M","?","E"],"build_version":"2019-01-23","purchased_purges":1,"victory":false,"max_hp_per_floor":[71,71,71,71,71,71,71,71,71,71,71,71,71,71,71,71,71,71,71,71,71,71,71],"card_choices":[{"not_picked":["Stack","Compile Driver"],"picked":"Conserve Battery","floor":1},{"not_picked":["Beam Cell","Scrape","Leap"],"picked":"SKIP","floor":2},{"not_picked":["Rebound","Go for the Eyes"],"picked":"FTL","floor":7},{"not_picked":["Hologram","Turbo"],"picked":"Glacier","floor":12},{"not_picked":["Double Energy","Barrage","Conserve Battery"],"picked":"SKIP","floor":13},{"not_picked":["Hyperbeam","Amplify"],"picked":"Multi-Cast","floor":16},{"not_picked":["Steam","Go for the Eyes"],"picked":"Glacier","floor":18},{"not_picked":["Rebound","Redo"],"picked":"Gash","floor":20},{"not_picked":["Go for the Eyes+1","Sunder","Barrage"],"picked":"SKIP","floor":21}],"player_experience":1562679,"relics_obtained":[{"floor":9,"key":"Frozen Egg 2"},{"floor":12,"key":"Regal Pillow"}],"event_choices":[{"damage_healed":0,"gold_gain":150,"player_choice":"AGREE","damage_taken":0,"max_hp_gain":0,"max_hp_loss":0,"event_name":"Liars Game","floor":4,"gold_loss":0,"cards_obtained":["Doubt"]},{"damage_healed":0,"gold_gain":0,"player_choice":"Take Wound","damage_taken":0,"relics_obtained":["Golden Idol"],"max_hp_gain":0,"max_hp_loss":0,"event_name":"Golden Idol","floor":5,"gold_loss":0,"cards_obtained":["Injury"]},{"damage_healed":0,"gold_gain":0,"player_choice":"Got Potions","damage_taken":0,"max_hp_gain":0,"max_hp_loss":0,"event_name":"Lab","floor":14,"gold_loss":0},{"damage_healed":0,"gold_gain":0,"player_choice":"Ignored","damage_taken":0,"max_hp_gain":0,"max_hp_loss":0,"event_name":"Vampires","floor":19,"gold_loss":0},{"damage_healed":0,"gold_gain":0,"player_choice":"Upgraded","damage_taken":0,"max_hp_gain":0,"max_hp_loss":0,"event_name":"Upgrade Shrine","floor":22,"gold_loss":0,"cards_upgraded":["Chill"]}],"is_beta":false,"boss_relics":[{"not_picked":["Orrery","Ectoplasm"],"picked":"Cursed Key"}],"items_purged_floors":[10],"is_endless":false,"potions_floor_spawned":[7,13,16,18],"killed_by":"Gremlin Leader","ascension_level":15}