{"gold_per_floor":[127,139,163,188,216,228,252,264,299,343,355,392,424,454,466,583,595,619,57,67,83,83,83,113,125,125,66,66,66,31,49,49,49],"floor_reached":33,"playtime":1412,"items_purged":["Strike_R"],"score":279,"play_id":"412ff95c-3fb6-4626-850a-b09a209e6d99","local_time":"20180917143457","is_ascension_mode":false,"campfire_choices":[{"data":"Bash","floor":6,"key":"SMITH"},{"data":"Uppercut","floor":8,"key":"SMITH"},{"data":"Flame Barrier","floor":15,"key":"SMITH"},{"data":"Double Tap","floor":23,"key":"SMITH"},{"data":"Double Tap","floor":32,"key":"SMITH"}],"neow_cost":"NONE","seed_source_timestamp":316588600859101,"circlet_count":0,"master_deck":["Defend_R","Defend_R","Defend_R","Bash+1","Metallicize","Flame Barrier+1","Uppercut+1","Double Tap+1","Dropkick","Double Tap+1","Pommel Strike+1","Feel No Pain+1","Feel No Pain+1","Shrug It Off+1","Dropkick","Disarm+1","True Grit+1","Metallicize"],"relics":["Burning Blood","MawBank","Red Skull","Centennial Puzzle","Omamori","Astrolabe","Turnip","Sling","Enchiridion","Bottled Flame","Singing Bowl","Juzu Bracelet"],"potions_floor_usage":[7,10,24,24],"damage_taken":[{"damage":2,"enemies":"2 Louse","floor":1,"turns":3},{"damage":8,"enemies":"Jaw Worm","floor":3,"turns":4},{"damage":4,"enemies":"Small Slimes","floor":4,"turns":4},{"damage":3,"enemies":"2 Fungi Beasts","floor":5,"turns":6},{"damage":20,"enemies":"Gremlin Gang","floor":7,"turns":7},{"damage":24,"enemies":"3 Sentries","floor":10,"turns":9},{"damage":10,"enemies":"Lagavulin","floor":12,"turns":5},{"damage":1,"enemies":"Exordium Thugs","floor":13,"turns":4},{"damage":6,"enemies":"Large Slime","floor":14,"turns":4},{"damage":30,"enemies":"Slime Boss","floor":16,"turns":11},{"damage":3,"enemies":"3 Byrds","floor":18,"turns":4},{"damage":8,"enemies":"Shell Parasite","floor":20,"turns":5},{"damage":20,"enemies":"Centurion and Healer","floor":21,"turns":7},{"damage":1,"enemies":"Book of Stabbing","floor":24,"turns":5},{"damage":0,"enemies":"Chosen and Byrds","floor":25,"turns":3},{"damage":16,"enemies":"Sentry and Sphere","floor":31,"turns":8},{"damage":61,"enemies":"Automaton","floor":33,"turns":12}],"seed_played":"1740038954920108625","potions_obtained":[{"floor":1,"key":"BloodPotion"},{"floor":3,"key":"Swift Potion"},{"floor":5,"key":"GamblersBrew"},{"floor":14,"key":"Dexterity Potion"},{"floor":16,"key":"LiquidBronze"},{"floor":24,"key":"FearPotion"},{"floor":31,"key":"SneckoOil"}],"is_trial":false,"path_per_floor":["M","?","M","M","M","R","M","R","T","E","?","E","M","M","R","B",null,"M","$","M","M","?","R","E","M","T","?","$","?","$","M","R"],"character_chosen":"IRONCLAD","items_purchased":["Turnip","Sling","Metallicize"],"campfire_rested":0,"item_purchase_floors":[19,19,30],"current_hp_per_floor":[80,73,71,73,76,76,62,62,62,44,44,40,45,45,45,21,80,80,80,78,64,48,48,61,67,67,67,67,67,67,59,59,0],"gold":49,"neow_bonus":"RANDOM_COMMON_RELIC","is_prod":false,"is_daily":false,"chose_seed":false,"campfire_upgraded":5,"win_rate":0,"timestamp":1537220097,"path_taken":["M","?","M","M","M","R","M","R","T","E","?","E","M","?","R","BOSS","M","$","M","M","?","R","E","?","T","?","?","?","$","M","R","BOSS"],"build_version":"2018-09-06","purchased_purges":1,"victory":false,"max_hp_per_floor":[80,80,80,80,80,80,80,80,80,80,80,80,80,80,80,80,80,80,80,80,80,80,80,80,80,80,80,80,80,80,82,82,82],"card_choices":[{"not_picked":["Evolve","Rage"],"picked":"Metallicize","floor":1},{"not_picked":["True Grit","Burning Pact","Armaments"],"picked":"SKIP","floor":3},{"not_picked":["Warcry","Seeing Red","True Grit"],"picked":"SKIP","floor":4},{"not_picked":["Havoc","Thunderclap"],"picked":"Flame Barrier","floor":5},{"not_picked":["Bloodletting","Wild Strike"],"picked":"Uppercut","floor":7},{"not_picked":["Warcry","Body Slam"],"picked":"Double Tap","floor":10},{"not_picked":["Cleave","Reaper"],"picked":"Dropkick","floor":12},{"not_picked":["Havoc","Body Slam","Clothesline"],"picked":"SKIP","floor":13},{"not_picked":["Feel No Pain","Clash","Heavy Blade"],"picked":"SKIP","floor":14},{"not_picked":["Dark Embrace","Bludgeon"],"picked":"Double Tap","floor":16},{"not_picked":["Heavy Blade+1","Blood for Blood","Fire Breathing"],"picked":"SKIP","floor":18},{"not_picked":["Headbutt+1","Clash"],"picked":"Shrug It Off+1","floor":20},{"not_picked":["Ghostly Armor","Hemokinesis+1"],"picked":"Dropkick","floor":21},{"not_picked":["Thunderclap+1","Body Slam"],"picked":"Disarm+1","floor":24},{"not_picked":["Wild Strike+1","Havoc"],"picked":"True Grit+1","floor":25},{"not_picked":["Pommel Strike","Flex","Pummel"],"picked":"Singing Bowl","floor":31}],"player_experience":239969,"relics_obtained":[{"floor":9,"key":"Red Skull"},{"floor":10,"key":"Centennial Puzzle"},{"floor":12,"key":"Omamori"},{"floor":22,"key":"Enchiridion"},{"floor":24,"key":"Bottled Flame"},{"floor":26,"key":"Singing Bowl"}],"event_choices":[{"event_name":"Golden Wing","player_choice":"Card Removal","floor":2,"damage_taken":0},{"event_name":"Purifier","player_choice":"One Purge","floor":11,"damage_taken":0},{"event_name":"Cursed Tome","player_choice":"Obtained Book","floor":22,"damage_taken":0},{"event_name":"WeMeetAgain","player_choice":"Gold","floor":27,"damage_taken":0},{"event_name":"Wheel of Change","player_choice":"Curse","floor":29,"damage_taken":0}],"is_beta":false,"boss_relics":[{"not_picked":["Ectoplasm","Pandora\u0027s Box"],"picked":"Astrolabe"}],"items_purged_floors":[19],"is_endless":false,"potions_floor_spawned":[1,3,5,14,16,21,24,31],"killed_by":"Automaton","ascension_level":0}