{"gold_per_floor":[147,147,157,170,170,170,196,196,196,230,80,98,98,129,129,232,232,249,11,11,11,11,11,11],"floor_reached":24,"playtime":837,"items_purged":[],"score":270,"play_id":"d6d28bf4-0007-4ea1-9e89-ccddbe2099af","local_time":"20190319122133","is_ascension_mode":true,"campfire_choices":[{"data":"Skewer","floor":6,"key":"SMITH"},{"data":"Neutralize","floor":8,"key":"SMITH"},{"floor":13,"key":"REST"},{"data":"Noxious Fumes","floor":15,"key":"SMITH"},{"data":"Malaise","floor":23,"key":"SMITH"}],"neow_cost":"NONE","seed_source_timestamp":262001800904296,"circlet_count":0,"master_deck":["Defend_G","Defend_G","Defend_G","Defend_G","Defend_G","Strike_G","Strike_G+1","Survivor","Neutralize+1","Skewer+1","Dagger Throw+1","Unload","Noxious Fumes+1","Malaise+1","Infinite Blades+1","Skewer+1","Reflex+1","Panache","Footwork","RitualDagger"],"relics":["Ring of the Snake","Tiny Chest","WingedGreaves","Unceasing Top","Bag of Marbles","Potion Belt","Astrolabe","Question Card"],"potions_floor_usage":[3,7,10,24],"damage_taken":[{"damage":8,"enemies":"2 Louse","floor":1,"turns":3},{"damage":4,"enemies":"Small Slimes","floor":3,"turns":5},{"damage":1,"enemies":"Jaw Worm","floor":4,"turns":4},{"damage":0,"enemies":"Gremlin Nob","floor":7,"turns":2},{"damage":20,"enemies":"3 Sentries","floor":10,"turns":8},{"damage":0,"enemies":"Looter","floor":12,"turns":1},{"damage":12,"enemies":"Gremlin Nob","floor":14,"turns":3},{"damage":40,"enemies":"Slime Boss","floor":16,"turns":7},{"damage":25,"enemies":"2 Thieves","floor":18,"turns":4},{"damage":50,"enemies":"Book of Stabbing","floor":24,"turns":8}],"seed_played":"8668284214246554476","potions_obtained":[{"floor":1,"key":"Fruit Juice"},{"floor":3,"key":"AttackPotion"},{"floor":4,"key":"FearPotion"},{"floor":14,"key":"EssenceOfSteel"},{"floor":18,"key":"Explosive Potion"}],"is_trial":false,"path_per_floor":["M","?","M","M","?","R","E","R","T","E","$","M","R","E","R","B",null,"M","$","?","?","T","R","E"],"character_chosen":"THE_SILENT","items_purchased":["Unload","Panache","Footwork"],"campfire_rested":1,"item_purchase_floors":[11,19,19],"current_hp_per_floor":[62,67,68,67,51,51,51,51,51,31,31,31,55,43,43,3,80,55,55,55,49,49,49,0],"gold":11,"neow_bonus":"RANDOM_COMMON_RELIC","is_prod":false,"is_daily":false,"chose_seed":false,"campfire_upgraded":4,"win_rate":0,"timestamp":1553023293,"path_taken":["M","?","M","M","?","R","E","R","T","E","$","M","R","E","R","BOSS","M","$","?","?","?","R","E"],"build_version":"2019-01-23","purchased_purges":0,"victory":false,"max_hp_per_floor":[70,75,80,80,80,80,80,80,80,80,80,80,80,80,80,80,80,80,80,80,80,80,80,80],"card_choices":[{"not_picked":["Deflect","Outmaneuver"],"picked":"Skewer","floor":1},{"not_picked":["Prepared","Sucker Punch"],"picked":"Dagger Throw","floor":3},{"not_picked":["Slice","Prepared","Dagger Throw"],"picked":"SKIP","floor":4},{"not_picked":["Underhanded Strike","Expertise","Reflex"],"picked":"SKIP","floor":7},{"not_picked":["Slice","Outmaneuver","Cloak And Dagger"],"picked":"SKIP","floor":10},{"not_picked":["Terror","Sucker Punch"],"picked":"Noxious Fumes","floor":12},{"not_picked":["Masterful Stab","Dagger Spray","Heel Hook"],"picked":"SKIP","floor":14},{"not_picked":["Wraith Form v2","Phantasmal Killer"],"picked":"Malaise","floor":16},{"not_picked":["Dash","Accuracy","Sucker Punch"],"picked":"SKIP","floor":18}],"player_experience":47621,"relics_obtained":[{"floor":7,"key":"WingedGreaves"},{"floor":9,"key":"Unceasing Top"},{"floor":10,"key":"Bag of Marbles"},{"floor":14,"key":"Potion Belt"},{"floor":22,"key":"Question Card"}],"event_choices":[{"damage_healed":0,"gold_gain":0,"player_choice":"Donut","damage_taken":0,"max_hp_gain":5,"max_hp_loss":0,"event_name":"Big Fish","floor":2,"gold_loss":0},{"damage_healed":0,"gold_gain":0,"player_choice":"Entered Light","damage_taken":16,"max_hp_gain":0,"max_hp_loss":0,"event_name":"Shining Light","floor":5,"gold_loss":0,"cards_upgraded":["Strike_G","Dagger Throw"]},{"damage_healed":0,"gold_gain":0,"player_choice":"Joined the Cult","damage_taken":6,"max_hp_gain":0,"max_hp_loss":0,"event_name":"Nest","floor":21,"gold_loss":0,"cards_obtained":["RitualDagger"]}],"is_beta":false,"boss_relics":[{"not_picked":["Tiny House","Coffee Dripper"],"picked":"Astrolabe"}],"items_purged_floors":[],"is_endless":false,"potions_floor_spawned":[1,3,4,14,18],"killed_by":"Book of Stabbing","ascension_level":3}