{"gold_per_floor":[115,16,36,36,47,47,61,61,86,129,141,212,239,251,263,275],"floor_reached":16,"playtime":398,"items_purged":["Decay"],"score":171,"play_id":"33d1fb1c-71fb-4984-ba0b-2b1a4ee44a44","local_time":"20190115224024","is_ascension_mode":true,"campfire_choices":[{"data":"1","floor":6,"key":"LIFT"},{"data":"2","floor":11,"key":"LIFT"},{"data":"3","floor":15,"key":"LIFT"}],"neow_cost":"CURSE","seed_source_timestamp":874278767922285,"circlet_count":0,"master_deck":["AscendersBane","Strike_R","Strike_R","Strike_R","Strike_R","Strike_R","Defend_R+1","Defend_R","Defend_R","Defend_R","Bash","Cleave","Pommel Strike","Whirlwind","Offering+1","Whirlwind","Sword Boomerang","Whirlwind","Sword Boomerang"],"relics":["Burning Blood","Girya","Bronze Scales","MawBank","War Paint","Tiny Chest"],"potions_floor_usage":[10,12,16,16],"damage_taken":[{"damage":5,"enemies":"Small Slimes","floor":1,"turns":4},{"damage":7,"enemies":"Jaw Worm","floor":3,"turns":3},{"damage":0,"enemies":"2 Louse","floor":5,"turns":2},{"damage":14,"enemies":"Blue Slaver","floor":7,"turns":3},{"damage":36,"enemies":"Lagavulin","floor":10,"turns":5},{"damage":12,"enemies":"3 Sentries","floor":12,"turns":3},{"damage":10,"enemies":"Exordium Thugs","floor":13,"turns":2},{"damage":31,"enemies":"The Guardian","floor":16,"turns":8}],"seed_played":"7833307402035368796","potions_obtained":[{"floor":3,"key":"Explosive Potion"},{"floor":7,"key":"Weak Potion"},{"floor":10,"key":"Dexterity Potion"},{"floor":12,"key":"Swift Potion"}],"is_trial":false,"path_per_floor":["M","$","M","?","M","R","M","?","T","E","R","E","M","?","R","B"],"character_chosen":"IRONCLAD","items_purchased":["Pommel Strike"],"campfire_rested":0,"item_purchase_floors":[2],"current_hp_per_floor":[73,73,72,72,78,78,70,67,67,37,37,31,27,27,27,0],"gold":275,"neow_bonus":"ONE_RARE_RELIC","is_prod":false,"is_daily":false,"chose_seed":false,"campfire_upgraded":0,"win_rate":0,"timestamp":1547592024,"path_taken":["M","$","M","?","M","R","M","?","T","E","R","E","M","?","R","BOSS"],"build_version":"2019-01-10","purchased_purges":1,"victory":false,"max_hp_per_floor":[80,80,80,80,80,80,80,80,80,80,80,80,80,80,80,80],"card_choices":[{"not_picked":["Perfected Strike","Wild Strike"],"picked":"Cleave","floor":1},{"not_picked":["Flex","Blood for Blood"],"picked":"Whirlwind","floor":3},{"not_picked":["Twin Strike","Combust"],"picked":"Offering","floor":5},{"not_picked":["Shockwave","Fire Breathing"],"picked":"Whirlwind","floor":7},{"not_picked":["Sever Soul","Rage"],"picked":"Sword Boomerang","floor":10},{"not_picked":["Pummel","Armaments"],"picked":"Whirlwind","floor":12},{"not_picked":["Bloodletting","Pommel Strike"],"picked":"Sword Boomerang","floor":13}],"player_experience":118293,"relics_obtained":[{"floor":9,"key":"MawBank"},{"floor":10,"key":"War Paint"},{"floor":12,"key":"Tiny Chest"}],"event_choices":[{"damage_healed":0,"gold_gain":0,"player_choice":"Ignored","damage_taken":0,"max_hp_gain":0,"max_hp_loss":0,"event_name":"Liars Game","floor":4,"gold_loss":0},{"damage_healed":0,"gold_gain":0,"player_choice":"Success","damage_taken":3,"relics_obtained":["Bronze Scales"],"max_hp_gain":0,"max_hp_loss":0,"event_name":"Scrap Ooze","floor":8,"gold_loss":0},{"damage_healed":0,"gold_gain":0,"player_choice":"Ignored","damage_taken":0,"max_hp_gain":0,"max_hp_loss":0,"event_name":"Golden Idol","floor":14,"gold_loss":0}],"is_beta":false,"boss_relics":[],"items_purged_floors":[2],"is_endless":false,"potions_floor_spawned":[3,7,10,12],"killed_by":"The Guardian","ascension_level":11}