{"gold_per_floor":[114,114,114,130,143,143,176,176,176,197,197,218,232,275,275,401,401,417,369,393,279,279,279,96,96,96,120,120],"floor_reached":28,"playtime":791,"items_purged":[],"score":378,"play_id":"b0698789-0f30-42b3-ab3b-4ba937dead96","local_time":"20190115223336","is_ascension_mode":true,"campfire_choices":[{"data":"Anger","floor":6.0,"key":"SMITH"},{"data":"Bash","floor":8.0,"key":"SMITH"},{"data":"Pommel Strike","floor":11.0,"key":"SMITH"},{"data":"Inflame","floor":15.0,"key":"SMITH"},{"data":"Rage","floor":23.0,"key":"SMITH"},{"data":"Inflame","floor":25.0,"key":"SMITH"}],"neow_cost":"NONE","seed_source_timestamp":873436305920493,"circlet_count":0,"master_deck":["AscendersBane","Strike_R","Strike_R","Strike_R","Strike_R","Strike_R","Defend_R","Defend_R","Defend_R","Defend_R","Bash+1","Body Slam","Headbutt","Anger+1","Pommel Strike+1","Inflame+1","Twin Strike","Reaper","Sword Boomerang+1","Headbutt","Flame Barrier","Rage+1","Headbutt","Inflame+1","Headbutt","Impatience","Sword Boomerang+1"],"special_seed":0,"relics":["Burning Blood","Golden Idol","Bottled Flame","Mummified Hand","Meat on the Bone","Sozu","PreservedInsect"],"potions_floor_usage":[],"damage_taken":[{"damage":18.0,"enemies":"Jaw Worm","floor":1.0,"turns":5.0},{"damage":7.0,"enemies":"Small Slimes","floor":4.0,"turns":4.0},{"damage":6.0,"enemies":"Cultist","floor":5.0,"turns":3.0},{"damage":45.0,"enemies":"3 Sentries","floor":7.0,"turns":9.0},{"damage":7.0,"enemies":"Looter","floor":10.0,"turns":3.0},{"damage":4.0,"enemies":"2 Fungi Beasts","floor":12.0,"turns":3.0},{"damage":2.0,"enemies":"3 Louse","floor":13.0,"turns":3.0},{"damage":16.0,"enemies":"Gremlin Nob","floor":14.0,"turns":3.0},{"damage":17.0,"enemies":"Hexaghost","floor":16.0,"turns":8.0},{"damage":31.0,"enemies":"2 Thieves","floor":18.0,"turns":4.0},{"damage":19.0,"enemies":"Chosen","floor":20.0,"turns":4.0},{"damage":44.0,"enemies":"Centurion and Healer","floor":27.0,"turns":6.0},{"damage":43,"enemies":"Book of Stabbing","floor":28,"turns":4}],"seed_played":"-8644310792915256129","potions_obtained":[{"floor":5.0,"key":"Ancient Potion"},{"floor":12.0,"key":"Poison Potion"},{"floor":13.0,"key":"Energy Potion"}],"is_trial":false,"path_per_floor":["M","?","?","M","M","R","E","R","T","M","R","M","M","E","R","B",null,"M","$","M","$","?","R","$","R","T","M","E"],"character_chosen":"IRONCLAD","items_purchased":["Headbutt","Rage","Headbutt","Inflame","Headbutt","Impatience"],"campfire_rested":0,"item_purchase_floors":[19,21,21,24,24,24],"current_hp_per_floor":[68,68,68,67,67,67,28,28,28,27,27,29,33,23,23,24,67,52,52,55,55,55,55,55,55,55,37,0],"gold":120,"neow_bonus":"TEN_PERCENT_HP_BONUS","is_prod":false,"is_daily":false,"chose_seed":false,"campfire_upgraded":6,"win_rate":0,"timestamp":1547591616,"path_taken":["M","?","?","M","M","R","E","R","T","M","R","M","?","E","R","BOSS","M","$","?","$","?","R","$","R","T","M","E"],"build_version":"2019-01-10","purchased_purges":0,"victory":false,"max_hp_per_floor":[88,81,81,81,81,81,81,81,81,81,81,81,81,81,81,81,81,81,81,81,81,81,81,81,81,81,81,81],"card_choices":[{"not_picked":["Clash","Warcry"],"picked":"Body Slam","floor":1.0},{"not_picked":["Perfected Strike","Feel No Pain"],"picked":"Headbutt","floor":4.0},{"not_picked":["Armaments","Cleave"],"picked":"Anger","floor":5.0},{"not_picked":["Flex","Cleave","Twin Strike"],"picked":"SKIP","floor":7.0},{"not_picked":["Disarm","Searing Blow"],"picked":"Pommel Strike","floor":10.0},{"not_picked":["Perfected Strike","Reckless Charge"],"picked":"Inflame","floor":12.0},{"not_picked":["Armaments","Body Slam"],"picked":"Twin Strike","floor":13.0},{"not_picked":["Sentinel","Brutality","Fire Breathing"],"picked":"SKIP","floor":14.0},{"not_picked":["Exhume","Brutality"],"picked":"Reaper","floor":16.0},{"not_picked":["Seeing Red","Thunderclap"],"picked":"Sword Boomerang+1","floor":18.0},{"not_picked":["Uppercut","Wild Strike"],"picked":"Flame Barrier","floor":20.0},{"not_picked":["True Grit","Pommel Strike"],"picked":"Sword Boomerang+1","floor":27.0}],"player_experience":117502,"relics_obtained":[{"floor":7.0,"key":"Bottled Flame"},{"floor":9.0,"key":"Mummified Hand"},{"floor":14.0,"key":"Meat on the Bone"},{"floor":26.0,"key":"PreservedInsect"}],"event_choices":[{"damage_healed":0.0,"max_hp_gain":0.0,"max_hp_loss":7.0,"gold_gain":0.0,"event_name":"Golden Idol","player_choice":"Lose Max HP","floor":2.0,"gold_loss":0.0,"damage_taken":0.0,"relics_obtained":["Golden Idol"]},{"damage_healed":0.0,"max_hp_gain":0.0,"max_hp_loss":0.0,"gold_gain":0.0,"event_name":"Liars Game","player_choice":"Ignored","floor":3.0,"gold_loss":0.0,"damage_taken":0.0},{"damage_healed":0.0,"max_hp_gain":0.0,"max_hp_loss":0.0,"gold_gain":0.0,"event_name":"Ghosts","player_choice":"Ignored","floor":22.0,"gold_loss":0.0,"damage_taken":0.0}],"is_beta":false,"boss_relics":[{"not_picked":["Lizard Tail","Velvet Choker"],"picked":"Sozu"}],"items_purged_floors":[],"is_endless":false,"potions_floor_spawned":[5,12,13,16,20,27],"killed_by":"Book of Stabbing","ascension_level":11}