{"gold_per_floor":[109,127,52,68,87,116,116,116,139,178,209,252,276,322,334,441,453,483,512,534,560,62,62,62,73,73,86,113,133,160,175,175,280,280,291,191,191,207,219,219,233,259,259,313,323,341,372,0,0,0],"floor_reached":51,"playtime":3686,"items_purged":["Strike_R","Strike_R"],"score":976,"play_id":"abf98da2-a13a-4bd4-9473-c8046b118c2e","local_time":"20180810105730","is_ascension_mode":true,"campfire_choices":[{"data":"Armaments","floor":8.0,"key":"SMITH"},{"floor":15.0,"key":"REST"},{"data":"Demon Form","floor":23.0,"key":"SMITH"},{"data":"Feed","floor":32.0,"key":"SMITH"},{"floor":40,"key":"REST"},{"data":"1","floor":49,"key":"LIFT"}],"neow_cost":"NONE","seed_source_timestamp":0,"circlet_count":0,"master_deck":["Strike_R","Strike_R","Defend_R","Defend_R","Defend_R","Defend_R","Bash","Bludgeon+1","Shrug It Off","Whirlwind+1","Armaments+1","Thunderclap","Pommel Strike","Disarm","Disarm","Disarm","Uppercut+1","Clothesline","Demon Form+1","Pommel Strike+1","Ghostly Armor+1","Battle Trance+1","Shockwave+1","Feed+1","Battle Trance+1","Metallicize+1","Intimidate+1","Disarm+1","Warcry+1","Double Tap+1","Uppercut+1","True Grit+1","Ghostly Armor+1","Shrug It Off+1","Shrug It Off+1","Warcry+1","Shrug It Off+1","Bludgeon"],"special_seed":0,"relics":["Burning Blood","Happy Flower","MawBank","Dream Catcher","Darkstone Periapt","Toxic Egg 2","Philosopher\u0027s Stone","Orichalcum","Whetstone","Bottled Lightning","Oddly Smooth Stone","Matryoshka","Fusion Hammer","Kunai","Anchor","Blood Vial","Girya","Boot","Red Mask"],"potions_floor_usage":[50,50],"damage_taken":[{"damage":1.0,"enemies":"Jaw Worm","floor":1.0,"turns":3.0},{"damage":6.0,"enemies":"Cultist","floor":2.0,"turns":3.0},{"damage":0.0,"enemies":"Small Slimes","floor":4.0,"turns":2.0},{"damage":7.0,"enemies":"Blue Slaver","floor":5.0,"turns":4.0},{"damage":15.0,"enemies":"Gremlin Nob","floor":6.0,"turns":4.0},{"damage":13.0,"enemies":"3 Sentries","floor":10.0,"turns":4.0},{"damage":3.0,"enemies":"Red Slaver","floor":11.0,"turns":2.0},{"damage":23.0,"enemies":"Gremlin Nob","floor":12.0,"turns":5.0},{"damage":5.0,"enemies":"Looter","floor":13.0,"turns":2.0},{"damage":18.0,"enemies":"3 Sentries","floor":14.0,"turns":8.0},{"damage":0.0,"enemies":"The Guardian","floor":16.0,"turns":12.0},{"damage":13.0,"enemies":"Spheric Guardian","floor":18.0,"turns":4.0},{"damage":27.0,"enemies":"2 Thieves","floor":19.0,"turns":3.0},{"damage":21.0,"enemies":"Centurion and Healer","floor":20.0,"turns":5.0},{"damage":0.0,"enemies":"Snake Plant","floor":21.0,"turns":6.0},{"damage":2.0,"enemies":"Snecko","floor":25.0,"turns":5.0},{"damage":2.0,"enemies":"Cultist and Chosen","floor":27.0,"turns":6.0},{"damage":17.0,"enemies":"Gremlin Leader","floor":28.0,"turns":4.0},{"damage":0.0,"enemies":"Snake Plant","floor":29.0,"turns":5.0},{"damage":10.0,"enemies":"Book of Stabbing","floor":30.0,"turns":6.0},{"damage":0.0,"enemies":"Centurion and Healer","floor":31.0,"turns":5.0},{"damage":33.0,"enemies":"Champ","floor":33.0,"turns":19.0},{"damage":6,"enemies":"Flame Bruiser 1 Orb","floor":35,"turns":6},{"damage":0,"enemies":"3 Shapes","floor":38,"turns":7},{"damage":22,"enemies":"Spire Growth","floor":39,"turns":7},{"damage":0,"enemies":"3 Darklings","floor":41,"turns":4},{"damage":25,"enemies":"Giant Head","floor":42,"turns":11},{"damage":5,"floor":44,"turns":7},{"damage":1,"enemies":"Maw","floor":45,"turns":9},{"damage":0,"enemies":"Flame Bruiser 2 Orb","floor":46,"turns":4},{"damage":25,"enemies":"2 Orb Walkers","floor":47,"turns":6},{"damage":21,"enemies":"Awakened One","floor":50,"turns":13}],"seed_played":"-3594676154536041739","potions_obtained":[{"floor":2.0,"key":"Swift Potion"},{"floor":4.0,"key":"EssenceOfSteel"},{"floor":5.0,"key":"Dexterity Potion"},{"floor":18.0,"key":"Fire Potion"},{"floor":19.0,"key":"SteroidPotion"},{"floor":28.0,"key":"Block Potion"},{"floor":33.0,"key":"Weak Potion"},{"floor":35,"key":"Fire Potion"},{"floor":42,"key":"Swift Potion"}],"is_trial":false,"path_per_floor":["M","M","$","M","M","E","?","R","T","E","M","E","M","E","R","B",null,"M","M","M","M","$","R","?","M","T","M","E","M","E","M","R","B",null,"M","$","?","M","M","R","M","E","T","?","M","M","E","?","R","B"],"character_chosen":"IRONCLAD","items_purchased":["Orichalcum","Shockwave+1","Whetstone","Feed"],"campfire_rested":2,"item_purchase_floors":[22,22,22,22],"current_hp_per_floor":[80,80,80,80,79,70,70,70,70,63,66,49,50,38,62,68,80,73,52,37,43,43,43,80,80,80,83,75,85,81,90,90,63,93,93,93,93,97,81,97,97,78,78,85,92,100,86,86,86,77],"gold":0,"neow_bonus":"ONE_RANDOM_RARE_CARD","is_prod":false,"is_daily":false,"chose_seed":false,"campfire_upgraded":3,"win_rate":0,"timestamp":1533923850,"path_taken":["M","M","$","M","M","E","?","R","T","E","M","E","M","E","R","BOSS","M","M","M","M","$","R","?","M","T","M","E","M","E","M","R","BOSS","M","$","?","M","M","R","M","E","T","?","M","M","E","?","R","BOSS"],"build_version":"2018-08-09","purchased_purges":2,"victory":true,"max_hp_per_floor":[80,80,80,80,80,80,80,80,80,80,80,80,80,80,80,80,80,80,80,80,80,80,80,80,80,80,83,86,90,90,93,93,93,93,93,93,93,97,97,97,97,97,97,101,101,101,105,105,105,109],"card_choices":[{"not_picked":["Clash","Shockwave"],"picked":"Shrug It Off","floor":1.0},{"not_picked":["Seeing Red","Warcry","Twin Strike"],"picked":"SKIP","floor":2.0},{"not_picked":["Shockwave","Iron Wave"],"picked":"Whirlwind","floor":4.0},{"not_picked":["Fiend Fire","Warcry"],"picked":"Armaments","floor":5.0},{"not_picked":["Anger","Body Slam"],"picked":"Thunderclap","floor":6.0},{"not_picked":["Armaments","Berserk"],"picked":"Pommel Strike","floor":10.0},{"not_picked":["Dropkick","Shrug It Off"],"picked":"Disarm","floor":11.0},{"not_picked":["Anger","Shockwave"],"picked":"Disarm","floor":12.0},{"not_picked":["Carnage","Heavy Blade"],"picked":"Disarm","floor":13.0},{"not_picked":["Reckless Charge","Ghostly Armor"],"picked":"Uppercut","floor":14.0},{"not_picked":["Anger","Body Slam"],"picked":"Clothesline","floor":15.0},{"not_picked":["Impervious+1","Dark Embrace"],"picked":"Demon Form","floor":16.0},{"not_picked":["Dropkick","Reckless Charge"],"picked":"Pommel Strike+1","floor":18.0},{"not_picked":["Headbutt+1","Warcry+1"],"picked":"Ghostly Armor+1","floor":19.0},{"not_picked":["Shrug It Off+1","Inflame"],"picked":"Intimidate+1","floor":20.0},{"not_picked":["Rage+1","Armaments+1"],"picked":"Battle Trance+1","floor":21.0},{"not_picked":["Twin Strike","Anger+1"],"picked":"Battle Trance+1","floor":25.0},{"not_picked":["Whirlwind","True Grit+1"],"picked":"Metallicize+1","floor":27.0},{"not_picked":["Twin Strike","Pommel Strike+1"],"picked":"Intimidate+1","floor":28.0},{"not_picked":["Cleave","Armaments+1","Bloodletting+1"],"picked":"SKIP","floor":29.0},{"not_picked":["Offering+1","Pommel Strike"],"picked":"Disarm+1","floor":30.0},{"not_picked":["Inflame","Sever Soul"],"picked":"Warcry+1","floor":31.0},{"not_picked":["Fiend Fire","Berserk"],"picked":"Double Tap+1","floor":33.0},{"not_picked":["Searing Blow+1","Flex+1"],"picked":"Uppercut+1","floor":35},{"not_picked":["Armaments+1","Clothesline"],"picked":"True Grit+1","floor":38},{"not_picked":["Cleave+1","Body Slam"],"picked":"Ghostly Armor+1","floor":39},{"not_picked":["Anger+1","Rampage"],"picked":"Shrug It Off+1","floor":40},{"not_picked":["Blood for Blood","Iron Wave","Shockwave+1"],"picked":"SKIP","floor":41},{"not_picked":["Feed","Thunderclap","Iron Wave"],"picked":"SKIP","floor":42},{"not_picked":["Clothesline+1","Warcry+1"],"picked":"Shrug It Off+1","floor":44},{"not_picked":["Thunderclap+1","Carnage"],"picked":"Warcry+1","floor":45},{"not_picked":["Intimidate+1","Heavy Blade"],"picked":"Shrug It Off+1","floor":46},{"not_picked":["Clothesline","Flex+1"],"picked":"Bludgeon","floor":47}],"player_experience":13367,"relics_obtained":[{"floor":6.0,"key":"Happy Flower"},{"floor":9.0,"key":"MawBank"},{"floor":10.0,"key":"Dream Catcher"},{"floor":12.0,"key":"Darkstone Periapt"},{"floor":14.0,"key":"Toxic Egg 2"},{"floor":26.0,"key":"Bottled Lightning"},{"floor":28.0,"key":"Oddly Smooth Stone"},{"floor":30.0,"key":"Matryoshka"},{"floor":42,"key":"Kunai"},{"floor":43,"key":"Anchor"},{"floor":43,"key":"Blood Vial"},{"floor":44,"key":"Girya"},{"floor":47,"key":"Boot"}],"event_choices":[{"event_name":"Upgrade Shrine","player_choice":"Upgraded","floor":7.0,"damage_taken":0.0},{"event_name":"Bonfire Elementals","player_choice":"UNCOMMON","floor":24.0,"damage_taken":0.0},{"event_name":"Purifier","player_choice":"One Purge","floor":37,"damage_taken":0},{"event_name":"Mysterious Sphere","player_choice":"Fight","floor":44,"damage_taken":0},{"event_name":"Tomb of Lord Red Mask","player_choice":"Paid","floor":48,"damage_taken":0}],"is_beta":false,"boss_relics":[{"not_picked":["Runic Dome","Runic Pyramid"],"picked":"Philosopher\u0027s Stone"},{"not_picked":["Lizard Tail","Velvet Choker"],"picked":"Fusion Hammer"}],"items_purged_floors":[3,36],"is_endless":false,"potions_floor_spawned":[2,4,5,6,11,18,19,25,27,28,33,35,39,42,44,45],"ascension_level":1}