{"gold_per_floor":[114,125,125,50,70,104,127,127,151,170,170,194,194,230,230,353,353,376,392,392,143,143,176,192,207,207,222,260,260,185,229,229,359,359,383,47,61,77,145,145,145],"floor_reached":41,"playtime":1456,"items_purged":["Defend_R"],"score":488,"play_id":"56848b60-796d-4c61-88c3-8f060ebb566b","local_time":"20180927140420","is_ascension_mode":false,"campfire_choices":[{"data":"Perfected Strike","floor":8,"key":"SMITH"},{"data":"Perfected Strike","floor":13,"key":"SMITH"},{"data":"Flame Barrier","floor":15,"key":"SMITH"},{"floor":29,"key":"REST"},{"floor":32,"key":"REST"},{"floor":40,"key":"REST"}],"neow_cost":"NONE","seed_source_timestamp":332769148388228,"circlet_count":0,"master_deck":["Strike_R+1","Strike_R","Strike_R+1","Strike_R","Strike_R","Defend_R","Defend_R","Bash","Perfected Strike+1","Pommel Strike","Flame Barrier+1","Perfected Strike+1","Sentinel+1","Flame Barrier","Shrug It Off+1","Demon Form","Perfected Strike","Perfected Strike+1"],"relics":["Black Blood","NeowsBlessing","Golden Idol","Blood Vial","Centennial Puzzle","Happy Flower","Fusion Hammer","Question Card","Dead Branch","Letter Opener","Mercury Hourglass","Calipers","Ice Cream","Prayer Wheel"],"potions_floor_usage":[16,23,28,33,33,33,39,41],"damage_taken":[{"damage":0,"enemies":"Cultist","floor":1,"turns":1},{"damage":0,"enemies":"Small Slimes","floor":2,"turns":1},{"damage":0,"enemies":"Jaw Worm","floor":5,"turns":1},{"damage":31,"enemies":"Lagavulin","floor":6,"turns":7},{"damage":2,"enemies":"Blue Slaver","floor":7,"turns":5},{"damage":1,"enemies":"Red Slaver","floor":10,"turns":2},{"damage":0,"enemies":"2 Fungi Beasts","floor":12,"turns":2},{"damage":11,"enemies":"Gremlin Nob","floor":14,"turns":3},{"damage":37,"enemies":"The Guardian","floor":16,"turns":9},{"damage":10,"enemies":"Shell Parasite","floor":18,"turns":2},{"damage":0,"enemies":"Spheric Guardian","floor":19,"turns":2},{"damage":24,"enemies":"Book of Stabbing","floor":23,"turns":4},{"damage":5,"enemies":"Shelled Parasite and Fungi","floor":24,"turns":4},{"damage":0,"enemies":"Sentry and Sphere","floor":25,"turns":3},{"damage":5,"enemies":"Snake Plant","floor":27,"turns":2},{"damage":29,"enemies":"Gremlin Leader","floor":28,"turns":3},{"damage":3,"enemies":"Slavers","floor":31,"turns":4},{"damage":53,"enemies":"Champ","floor":33,"turns":10},{"damage":8,"enemies":"Orb Walker","floor":35,"turns":4},{"damage":1,"enemies":"3 Shapes","floor":37,"turns":6},{"damage":11,"enemies":"Spire Growth","floor":38,"turns":3},{"damage":12,"enemies":"Mysterious Sphere","floor":39,"turns":5},{"damage":87,"enemies":"Giant Head","floor":41,"turns":7}],"seed_played":"4274314375772449434","potions_obtained":[{"floor":1,"key":"BloodPotion"},{"floor":7,"key":"BloodPotion"},{"floor":12,"key":"PowerPotion"},{"floor":20,"key":"Fire Potion"},{"floor":23,"key":"Block Potion"},{"floor":28,"key":"Ancient Potion"},{"floor":35,"key":"Explosive Potion"},{"floor":39,"key":"Swift Potion"}],"is_trial":false,"path_per_floor":["M","M","?","$","M","E","M","R","T","M","?","M","R","E","R","B",null,"M","M","?","$","?","E","M","M","T","M","E","R","?","E","R","B",null,"M","$","M","M","?","R"],"character_chosen":"IRONCLAD","items_purchased":["Question Card","Perfected Strike","Ice Cream"],"campfire_rested":3,"item_purchase_floors":[21,36,36],"current_hp_per_floor":[80,80,60,60,66,41,47,47,47,54,38,46,46,43,43,14,80,76,80,80,80,80,70,73,80,80,80,57,80,80,80,80,41,80,80,80,80,79,78,80,0],"gold":145,"neow_bonus":"THREE_ENEMY_KILL","is_prod":false,"is_daily":false,"chose_seed":false,"campfire_upgraded":3,"win_rate":0,"timestamp":1538082260,"path_taken":["M","?","?","$","M","E","M","R","T","M","?","?","R","E","R","BOSS","M","M","?","$","?","E","M","M","T","M","E","R","?","E","R","BOSS","M","$","?","M","?","R","E"],"build_version":"2018-09-20","purchased_purges":1,"victory":false,"max_hp_per_floor":[80,80,80,80,80,80,80,80,80,80,80,80,80,80,80,80,80,80,80,80,80,80,80,80,80,80,80,80,80,80,80,80,80,80,80,80,80,80,80,80,80],"card_choices":[{"not_picked":["Reckless Charge","Clothesline"],"picked":"Perfected Strike","floor":1},{"not_picked":["Thunderclap","Ghostly Armor","Wild Strike"],"picked":"SKIP","floor":2},{"not_picked":["Anger","Twin Strike"],"picked":"Pommel Strike","floor":5},{"not_picked":["Impervious","Blood for Blood"],"picked":"Flame Barrier","floor":6},{"not_picked":["True Grit","Shrug It Off"],"picked":"Perfected Strike","floor":7},{"not_picked":["Warcry","Flex","Sentinel"],"picked":"SKIP","floor":10},{"not_picked":["Havoc","Bloodletting","Clothesline"],"picked":"SKIP","floor":12},{"not_picked":["Fiend Fire","Heavy Blade","Flex"],"picked":"SKIP","floor":14},{"not_picked":["Carnage","Sever Soul","Anger"],"picked":"SKIP","floor":18},{"not_picked":["Heavy Blade","Armaments","Clothesline"],"picked":"SKIP","floor":19},{"not_picked":["Ghostly Armor","Thunderclap+1","Clash","Spot Weakness+1"],"picked":"SKIP","floor":23},{"not_picked":["Rupture","Warcry+1","Pummel+1"],"picked":"Sentinel+1","floor":24},{"not_picked":["Dropkick+1","Cleave","Heavy Blade"],"picked":"Flame Barrier","floor":25},{"not_picked":["Thunderclap","Double Tap","True Grit"],"picked":"Shrug It Off+1","floor":27},{"not_picked":["Sever Soul","True Grit","Rupture","Flex"],"picked":"SKIP","floor":28},{"not_picked":["True Grit","Entrench+1","Clash+1","Inflame"],"picked":"SKIP","floor":31},{"not_picked":["Barricade","Impervious","Fiend Fire"],"picked":"Demon Form","floor":33},{"not_picked":["Sever Soul+1","Clothesline+1","Armaments","Headbutt+1"],"picked":"SKIP","floor":35},{"not_picked":["Armaments","Combust","Clothesline","Iron Wave+1"],"picked":"SKIP","floor":37},{"not_picked":["Sword Boomerang","Clothesline+1","Carnage","Metallicize+1"],"picked":"SKIP","floor":38},{"not_picked":["Reckless Charge+1","Clash","Cleave"],"picked":"Perfected Strike+1","floor":39}],"player_experience":267441,"relics_obtained":[{"floor":6,"key":"Blood Vial"},{"floor":9,"key":"Centennial Puzzle"},{"floor":14,"key":"Happy Flower"},{"floor":23,"key":"Dead Branch"},{"floor":26,"key":"Letter Opener"},{"floor":28,"key":"Mercury Hourglass"},{"floor":31,"key":"Calipers"},{"floor":39,"key":"Prayer Wheel"}],"event_choices":[{"event_name":"Golden Idol","player_choice":"Take Damage","floor":3,"damage_taken":0},{"event_name":"Shining Light","player_choice":"Entered Light","floor":11,"damage_taken":0},{"event_name":"The Lab","player_choice":"Got Potions","floor":20,"damage_taken":0},{"event_name":"Ghosts","player_choice":"Ignored","floor":22,"damage_taken":0},{"event_name":"Beggar","player_choice":"Gave Gold","floor":30,"damage_taken":0},{"event_name":"Mysterious Sphere","player_choice":"Fight","floor":39,"damage_taken":0}],"is_beta":false,"boss_relics":[{"not_picked":["Runic Pyramid","Cursed Key"],"picked":"Fusion Hammer"},{"not_picked":["Runic Cube","Lizard Tail"],"picked":"Black Blood"}],"items_purged_floors":[4],"is_endless":false,"potions_floor_spawned":[1,7,12,14,23,25,28,31,35,39],"killed_by":"Giant Head","ascension_level":0}