{"gold_per_floor":[111,127,127,139,156,185,185,213,213,213,232,249,4,29,29,127,127,82,82,82,30,30,30,30,30,30,30,30,30,30,30,30,30,30,30,30,0,0,0],"floor_reached":39,"playtime":3106,"items_purged":[],"score":547,"play_id":"3107e7cf-6d46-47ea-8cea-c4fac8b998d7","local_time":"20190418101138","is_ascension_mode":true,"campfire_choices":[{"floor":7,"key":"REST"},{"floor":10,"key":"REST"},{"floor":15,"key":"REST"},{"data":"True Grit","floor":23,"key":"SMITH"},{"floor":27,"key":"REST"},{"floor":30,"key":"REST"},{"floor":32,"key":"REST"}],"neow_cost":"NONE","seed_source_timestamp":53691710009882,"circlet_count":0,"master_deck":["Strike_R","Strike_R","Strike_R","Defend_R","Defend_R","Defend_R","Defend_R","Bash","Battle Trance","Hemokinesis","Inflame","Carnage","Evolve","Immolate","Iron Wave+1","Pommel Strike+1","Offering","Armaments+1","True Grit+1","Wild Strike+1","Wild Strike+1","Metallicize+1","Shrug It Off","Barricade","Spot Weakness","Power Through"],"relics":["Burning Blood","Anchor","Bottled Lightning","Gremlin Horn","Question Card","Molten Egg 2","Dream Catcher","Ectoplasm","StoneCalendar","Mark of Pain","Red Mask"],"potions_floor_usage":[6,16,33,33,33,39],"damage_taken":[{"damage":5,"enemies":"Cultist","floor":1,"turns":5},{"damage":7,"enemies":"Small Slimes","floor":2,"turns":5},{"damage":5,"enemies":"2 Louse","floor":4,"turns":3},{"damage":24,"enemies":"Lots of Slimes","floor":5,"turns":6},{"damage":15,"enemies":"3 Sentries","floor":6,"turns":6},{"damage":38,"enemies":"Gremlin Nob","floor":8,"turns":4},{"damage":9,"enemies":"Exordium Thugs","floor":11,"turns":3},{"damage":4,"enemies":"Looter","floor":12,"turns":2},{"damage":17,"enemies":"3 Sentries","floor":14,"turns":5},{"damage":39,"enemies":"Slime Boss","floor":16,"turns":7},{"damage":14,"enemies":"2 Thieves","floor":18,"turns":3},{"damage":9,"enemies":"Spheric Guardian","floor":19,"turns":2},{"damage":22,"enemies":"Shelled Parasite and Fungi","floor":20,"turns":4},{"damage":24,"enemies":"Snake Plant","floor":22,"turns":4},{"damage":10,"enemies":"3 Cultists","floor":24,"turns":3},{"damage":8,"enemies":"Chosen and Byrds","floor":28,"turns":4},{"damage":20,"enemies":"Sentry and Sphere","floor":31,"turns":4},{"damage":72,"enemies":"Champ","floor":33,"turns":12},{"damage":0,"enemies":"3 Shapes","floor":35,"turns":4},{"damage":23,"enemies":"3 Darklings","floor":36,"turns":5},{"damage":55,"enemies":"Transient","floor":39,"turns":4}],"seed_played":"-2828560104014475952","potions_obtained":[{"floor":4,"key":"Explosive Potion"},{"floor":8,"key":"Fire Potion"},{"floor":14,"key":"Energy Potion"},{"floor":16,"key":"AttackPotion"},{"floor":18,"key":"SteroidPotion"},{"floor":31,"key":"Dexterity Potion"},{"floor":35,"key":"GamblersBrew"}],"is_trial":false,"path_per_floor":["M","?","M","?","?","M","?","?"],"character_chosen":"IRONCLAD","items_purchased":["Molten Egg 2","Wild Strike+1"],"campfire_rested":6,"item_purchase_floors":[13,21],"current_hp_per_floor":[73,72,72,73,55,46,70,38,38,62,59,61,61,50,74,41,70,62,59,43,43,25,25,21,21,21,45,43,43,67,53,77,11,63,69,52,52,52,0],"gold":0,"neow_bonus":"RANDOM_COMMON_RELIC","is_prod":false,"is_daily":false,"chose_seed":false,"campfire_upgraded":1,"win_rate":0,"timestamp":1555603898,"path_taken":["M","?","?","M","M","E","R","E","T","R","M","M","$","E","R","BOSS","M","?","M","$","M","R","M","?","T","R","M","?","R","?","R","BOSS","M","M","?","?","M"],"build_version":"2019-01-23","purchased_purges":0,"victory":false,"max_hp_per_floor":[80,80,80,80,80,80,80,80,80,80,80,80,80,80,80,80,80,80,80,80,80,80,80,80,80,80,80,80,80,80,80,80,80,80,80,80,80,80,80],"card_choices":[{"not_picked":["Twin Strike","Power Through"],"picked":"Battle Trance","floor":1},{"not_picked":["Bloodletting","Heavy Blade","Intimidate"],"picked":"SKIP","floor":2},{"not_picked":["Power Through","Warcry"],"picked":"Inflame","floor":4},{"not_picked":["Bloodletting","Clash"],"picked":"Carnage","floor":5},{"not_picked":["Wild Strike","Intimidate"],"picked":"Evolve","floor":6},{"not_picked":["Bludgeon","Perfected Strike"],"picked":"Immolate","floor":8},{"not_picked":["Dual Wield","Clothesline","Heavy Blade","Sword Boomerang"],"picked":"SKIP","floor":11},{"not_picked":["Rupture","Intimidate","Heavy Blade","Cleave"],"picked":"SKIP","floor":12},{"not_picked":["Havoc","Metallicize","Inflame"],"picked":"Iron Wave+1","floor":14},{"not_picked":["True Grit","Hemokinesis+1","Sentinel"],"picked":"Pommel Strike+1","floor":15},{"not_picked":["Exhume","Dark Embrace","Limit Break"],"picked":"Offering","floor":16},{"not_picked":["Twin Strike+1","Clash+1","Flex"],"picked":"Armaments+1","floor":18},{"not_picked":["Sever Soul+1","Carnage+1","Warcry"],"picked":"True Grit","floor":19},{"not_picked":["Battle Trance","Bloodletting","Twin Strike+1","Cleave+1"],"picked":"SKIP","floor":20},{"not_picked":["Second Wind","Searing Blow+1","Headbutt+1"],"picked":"Wild Strike+1","floor":22},{"not_picked":["Flex","Pommel Strike+1","Exhume","Thunderclap+1"],"picked":"SKIP","floor":24},{"not_picked":["Hemokinesis+1","True Grit","Shockwave","Sword Boomerang+1"],"picked":"SKIP","floor":28},{"not_picked":["Juggernaut","Combust+1","Spot Weakness+1"],"picked":"Metallicize+1","floor":31},{"not_picked":["Flex+1","Disarm","Clash+1"],"picked":"Shrug It Off","floor":32},{"not_picked":["Bludgeon+1","Berserk","Demon Form"],"picked":"Barricade","floor":33},{"not_picked":["Headbutt+1","Searing Blow+1","Warcry+1"],"picked":"Spot Weakness","floor":35},{"not_picked":["Thunderclap+1","Havoc","Flex+1"],"picked":"Power Through","floor":36}],"player_experience":568640,"relics_obtained":[{"floor":6,"key":"Bottled Lightning"},{"floor":8,"key":"Gremlin Horn"},{"floor":9,"key":"Question Card"},{"floor":14,"key":"Dream Catcher"},{"floor":26,"key":"StoneCalendar"}],"event_choices":[{"damage_healed":0,"gold_gain":0,"cards_transformed":["Strike_R"],"player_choice":"Transformed","damage_taken":0,"max_hp_gain":0,"max_hp_loss":0,"event_name":"Transmorgrifier","floor":3,"gold_loss":0,"cards_obtained":["Hemokinesis"]},{"damage_healed":0,"gold_gain":0,"player_choice":"Ignored","damage_taken":0,"max_hp_gain":0,"max_hp_loss":0,"event_name":"Ghosts","floor":25,"gold_loss":0},{"cards_removed":["Strike_R"],"damage_healed":0,"gold_gain":0,"player_choice":"Offered Basic","damage_taken":0,"max_hp_gain":0,"max_hp_loss":0,"event_name":"Bonfire Elementals","floor":29,"gold_loss":0},{"damage_healed":0,"gold_gain":0,"player_choice":"Paid","damage_taken":0,"relics_obtained":["Red Mask"],"max_hp_gain":0,"max_hp_loss":0,"event_name":"Tomb of Lord Red Mask","floor":37,"gold_loss":30},{"damage_healed":0,"gold_gain":0,"player_choice":"Ignored","damage_taken":0,"max_hp_gain":0,"max_hp_loss":0,"event_name":"SecretPortal","floor":38,"gold_loss":0}],"is_beta":false,"boss_relics":[{"not_picked":["Black Blood","Runic Cube"],"picked":"Ectoplasm"},{"not_picked":["White Beast Statue","Orrery"],"picked":"Mark of Pain"}],"items_purged_floors":[],"is_endless":false,"potions_floor_spawned":[4,8,14,16,18,20,24,28,31,35],"killed_by":"Transient","ascension_level":7}