{"gold_per_floor":[211,10,28,28,44,72,88,104,104,104,118,179,179,196,196,196],"floor_reached":16,"playtime":500,"items_purged":[],"score":120,"play_id":"5e07583b-8250-4110-8420-ac367ce53999","local_time":"20181222125415","is_ascension_mode":true,"campfire_choices":[{"floor":10,"key":"REST"},{"floor":15,"key":"REST"}],"neow_cost":"NONE","seed_source_timestamp":228832214914513,"circlet_count":0,"master_deck":["Strike_B","Strike_B","Strike_B","Strike_B","Defend_B","Defend_B","Defend_B","Defend_B","Zap","Dualcast","Leap","Flying Knee","Infernal Blade","Slice","Disarm","Consume","Inflame","Heavy Blade","Noxious Fumes"],"relics":["Cracked Core","PrismaticShard","Meat on the Bone","Pen Nib"],"potions_floor_usage":[6,12,13],"damage_taken":[{"damage":0,"enemies":"Small Slimes","floor":1,"turns":3},{"damage":7,"enemies":"Jaw Worm","floor":3,"turns":4},{"damage":11,"enemies":"2 Louse","floor":5,"turns":3},{"damage":33,"enemies":"Gremlin Nob","floor":6,"turns":4},{"damage":8,"enemies":"Large Slime","floor":7,"turns":5},{"damage":17,"enemies":"2 Fungi Beasts","floor":8,"turns":4},{"damage":8,"enemies":"Exordium Wildlife","floor":11,"turns":4},{"damage":27,"enemies":"3 Sentries","floor":12,"turns":4},{"damage":23,"enemies":"Lagavulin","floor":13,"turns":4},{"damage":13,"enemies":"Red Slaver","floor":14,"turns":3},{"damage":46,"enemies":"The Guardian","floor":16,"turns":8}],"seed_played":"6632195569894568985","potions_obtained":[{"floor":1,"key":"Poison Potion"},{"floor":8,"key":"GamblersBrew"},{"floor":11,"key":"Fire Potion"},{"floor":12,"key":"SmokeBomb"}],"is_trial":false,"path_per_floor":["M","$","M","?","M","E","M","M","T","R","M","?","E","M","R","B"],"character_chosen":"DEFECT","items_purchased":["PrismaticShard"],"campfire_rested":2,"item_purchase_floors":[2],"current_hp_per_floor":[75,75,68,68,57,24,28,23,23,45,49,34,23,22,44,0],"gold":196,"neow_bonus":"HUNDRED_GOLD","is_prod":false,"is_daily":false,"chose_seed":false,"campfire_upgraded":0,"win_rate":0,"timestamp":1545512055,"path_taken":["M","$","M","?","M","E","M","M","T","R","M","?","E","M","R","BOSS"],"build_version":"2018-12-20","purchased_purges":0,"victory":false,"max_hp_per_floor":[75,75,75,75,75,75,75,75,75,75,75,75,75,75,75,75],"card_choices":[{"not_picked":["Storm","Beam Cell"],"picked":"Leap","floor":1},{"not_picked":["Redo","Blizzard"],"picked":"Flying Knee","floor":3},{"not_picked":["Underhanded Strike","Shrug It Off"],"picked":"Infernal Blade","floor":5},{"not_picked":["Beam Cell","Battle Trance"],"picked":"Slice","floor":6},{"not_picked":["Phantasmal Killer","Sentinel"],"picked":"Disarm","floor":7},{"not_picked":["Rampage","Entrench"],"picked":"Consume","floor":8},{"not_picked":["Iron Wave","Madness"],"picked":"Inflame","floor":11},{"not_picked":["Chaos","Self Repair"],"picked":"Heavy Blade","floor":12},{"not_picked":["Sweeping Beam","Ball Lightning"],"picked":"Noxious Fumes","floor":14}],"player_experience":311544,"relics_obtained":[{"floor":6,"key":"Meat on the Bone"},{"floor":12,"key":"Pen Nib"}],"event_choices":[{"damage_healed":0,"gold_gain":0,"player_choice":"Leave","damage_taken":0,"max_hp_gain":0,"max_hp_loss":0,"event_name":"The Cleric","floor":4,"gold_loss":0},{"damage_healed":0,"gold_gain":0,"player_choice":"Searched \u00271\u0027 times","damage_taken":0,"max_hp_gain":0,"max_hp_loss":0,"event_name":"Dead Adventurer","floor":12,"gold_loss":0}],"is_beta":false,"boss_relics":[],"items_purged_floors":[],"is_endless":false,"potions_floor_spawned":[1,8,11,12,13],"killed_by":"The Guardian","ascension_level":1}