{"gold_per_floor":[110,127,138,152,77,107,107,57,57,57,73,73,92,18,18,18],"floor_reached":16,"playtime":743,"items_purged":[],"score":107,"play_id":"a0578e22-aff2-4082-a958-9e485336570f","local_time":"20190409144017","is_ascension_mode":true,"campfire_choices":[{"data":"Darkness","floor":7,"key":"SMITH"},{"data":"Zap","floor":10,"key":"SMITH"},{"floor":12,"key":"REST"},{"data":"Chaos","floor":15,"key":"SMITH"}],"neow_cost":"NONE","seed_source_timestamp":1573523999121100,"circlet_count":0,"master_deck":["Strike_B","Strike_B","Strike_B","Defend_B","Defend_B","Defend_B","Defend_B","Zap+1","Dualcast","Coolheaded","Compile Driver","Ball Lightning","Rebound","Coolheaded","Cold Snap","Darkness+1","Auto Shields","Chaos+1","Auto Shields"],"relics":["Cracked Core","NeowsBlessing","Question Card","Gambling Chip"],"potions_floor_usage":[16],"damage_taken":[{"damage":0,"enemies":"Jaw Worm","floor":1,"turns":1},{"damage":0,"enemies":"Cultist","floor":2,"turns":1},{"damage":0,"enemies":"Small Slimes","floor":3,"turns":1},{"damage":11,"enemies":"2 Fungi Beasts","floor":4,"turns":3},{"damage":26,"enemies":"Lagavulin","floor":6,"turns":6},{"damage":27,"enemies":"Lots of Slimes","floor":11,"turns":3},{"damage":5,"enemies":"Blue Slaver","floor":13,"turns":2},{"damage":32,"enemies":"The Guardian","floor":16,"turns":5}],"seed_played":"1182051758607879520","potions_obtained":[{"floor":1,"key":"Dexterity Potion"},{"floor":2,"key":"Energy Potion"},{"floor":6,"key":"FocusPotion"}],"is_trial":false,"path_per_floor":["M","M","M","M","$","E","R","?","T","R","M","R","M","$","R","B"],"character_chosen":"DEFECT","items_purchased":["Coolheaded","Cold Snap","Auto Shields"],"campfire_rested":1,"item_purchase_floors":[5,5,14],"current_hp_per_floor":[75,75,75,64,64,38,38,38,38,38,11,33,28,28,28,0],"gold":18,"neow_bonus":"THREE_ENEMY_KILL","is_prod":false,"is_daily":false,"chose_seed":false,"campfire_upgraded":3,"win_rate":0,"timestamp":1554813617,"path_taken":["M","M","M","M","$","E","R","?","T","R","M","R","M","$","R","BOSS"],"build_version":"2019-01-23","purchased_purges":0,"victory":false,"max_hp_per_floor":[75,75,75,75,75,75,75,75,75,75,75,75,75,75,75,75],"card_choices":[{"not_picked":["Defragment","Compile Driver"],"picked":"Coolheaded","floor":1},{"not_picked":["Turbo","Leap"],"picked":"Compile Driver","floor":2},{"not_picked":["Leap","Gash"],"picked":"Ball Lightning","floor":3},{"not_picked":["Stack","Blizzard"],"picked":"Rebound","floor":4},{"not_picked":["Amplify","Rip and Tear"],"picked":"Darkness","floor":6},{"not_picked":["Cold Snap","Chaos","Coolheaded"],"picked":"Auto Shields","floor":11},{"not_picked":["Steam","Sweeping Beam","Loop"],"picked":"Chaos","floor":13}],"player_experience":306531,"relics_obtained":[{"floor":6,"key":"Question Card"},{"floor":9,"key":"Gambling Chip"}],"event_choices":[{"cards_removed":["Strike_B"],"damage_healed":0,"gold_gain":0,"player_choice":"Card Removal","damage_taken":0,"max_hp_gain":0,"max_hp_loss":0,"event_name":"The Cleric","floor":8,"gold_loss":50}],"is_beta":false,"boss_relics":[],"items_purged_floors":[],"is_endless":false,"potions_floor_spawned":[1,2,6,11],"killed_by":"The Guardian","ascension_level":1}