{"gold_per_floor":[119,136,136,82,102,134,309,309,332,348,379,379,453,453,453,556,556,567,567,582,582,278,278,278,278,278,288,288,27,54,3,3,3],"floor_reached":33,"playtime":1212,"items_purged":["Strike_R+1"],"score":282,"play_id":"6fd76984-307e-41b1-a108-7833afe97b97","local_time":"20190317151117","is_ascension_mode":true,"campfire_choices":[{"data":"Heavy Blade","floor":8,"key":"SMITH"},{"data":"Heavy Blade","floor":12,"key":"SMITH"},{"floor":15,"key":"REST"},{"floor":23,"key":"REST"},{"data":"Demon Form","floor":25,"key":"SMITH"},{"data":"Metallicize","floor":28,"key":"SMITH"},{"floor":32,"key":"REST"}],"neow_cost":"NONE","seed_source_timestamp":345165291550027,"circlet_count":0,"master_deck":["Strike_R","Strike_R","Defend_R","Defend_R","Defend_R","Defend_R","Bash+1","Heavy Blade+1","Iron Wave","Shrug It Off","Spot Weakness","Sword Boomerang+1","Doubt","Heavy Blade+1","Demon Form+1","Power Through+1","Metallicize","Metallicize+1","Spot Weakness","Armaments"],"relics":["Burning Blood","Bag of Preparation","Juzu Bracelet","Shuriken","Eternal Feather","PreservedInsect","Bottled Lightning","Prayer Wheel"],"potions_floor_usage":[19,20,33,33,33],"damage_taken":[{"damage":1,"enemies":"Jaw Worm","floor":1,"turns":5},{"damage":2,"enemies":"2 Louse","floor":2,"turns":2},{"damage":2,"enemies":"Small Slimes","floor":5,"turns":3},{"damage":27,"enemies":"Lagavulin","floor":6,"turns":6},{"damage":6,"enemies":"2 Fungi Beasts","floor":10,"turns":3},{"damage":22,"enemies":"3 Sentries","floor":11,"turns":8},{"damage":39,"enemies":"Slime Boss","floor":16,"turns":11},{"damage":73,"enemies":"3 Byrds","floor":18,"turns":8},{"damage":12,"enemies":"Shell Parasite","floor":20,"turns":6},{"damage":25,"enemies":"Cultist and Chosen","floor":27,"turns":6},{"damage":24,"enemies":"Book of Stabbing","floor":30,"turns":4},{"damage":81,"enemies":"Collector","floor":33,"turns":6}],"seed_played":"-8502270023488698832","potions_obtained":[{"floor":2,"key":"BloodPotion"},{"floor":5,"key":"Poison Potion"},{"floor":19,"key":"Fire Potion"},{"floor":19,"key":"Fruit Juice"},{"floor":19,"key":"FearPotion"},{"floor":20,"key":"FearPotion"}],"is_trial":false,"path_per_floor":["M","M","?","$","M","E","?","R","T","M","E","R","?","?","R","B",null,"M","?","M","?","$","R","?","R","T","M","R","$","E","$","R","B"],"character_chosen":"IRONCLAD","items_purchased":["Shrug It Off","Metallicize","PreservedInsect","Bottled Lightning","PowerPotion"],"campfire_rested":3,"item_purchase_floors":[4,22,22,29,31],"current_hp_per_floor":[80,80,80,80,80,59,59,59,59,59,43,43,43,27,51,18,80,13,18,20,20,20,54,54,63,63,44,53,53,35,35,72,0],"gold":3,"neow_bonus":"UPGRADE_CARD","is_prod":false,"is_daily":false,"chose_seed":false,"campfire_upgraded":4,"win_rate":0,"timestamp":1552857077,"path_taken":["M","M","?","$","M","E","?","R","T","M","E","R","?","?","R","BOSS","M","?","M","?","$","R","?","R","T","M","R","$","E","?","R","BOSS"],"build_version":"2019-01-23","purchased_purges":1,"victory":false,"max_hp_per_floor":[80,80,80,80,80,80,80,80,80,80,80,80,80,80,80,80,80,80,85,85,85,85,85,85,85,85,85,85,85,85,85,85,85],"card_choices":[{"not_picked":["Wild Strike","Dropkick"],"picked":"Heavy Blade","floor":1},{"not_picked":["Clash","Rampage"],"picked":"Iron Wave","floor":2},{"not_picked":["Pummel","Cleave"],"picked":"Spot Weakness","floor":5},{"not_picked":["Infernal Blade","Iron Wave"],"picked":"Sword Boomerang","floor":6},{"not_picked":["Pommel Strike","Flex"],"picked":"Heavy Blade","floor":10},{"not_picked":["Feel No Pain","Fiend Fire","Anger"],"picked":"SKIP","floor":11},{"not_picked":["Fiend Fire","Double Tap"],"picked":"Demon Form","floor":16},{"not_picked":["Headbutt","Blood for Blood"],"picked":"Power Through","floor":18},{"not_picked":["Thunderclap","Wild Strike+1"],"picked":"Metallicize","floor":20},{"not_picked":["Seeing Red","Intimidate"],"picked":"Spot Weakness","floor":27},{"not_picked":["Juggernaut","Clothesline"],"picked":"Armaments","floor":30}],"player_experience":236083,"relics_obtained":[{"floor":6,"key":"Bag of Preparation"},{"floor":9,"key":"Juzu Bracelet"},{"floor":11,"key":"Shuriken"},{"floor":30,"key":"Prayer Wheel"}],"event_choices":[{"cards_removed":["Strike_R"],"damage_healed":0,"gold_gain":0,"player_choice":"Forget","damage_taken":0,"max_hp_gain":0,"max_hp_loss":0,"event_name":"Living Wall","floor":3,"gold_loss":0},{"damage_healed":0,"gold_gain":175,"player_choice":"AGREE","damage_taken":0,"max_hp_gain":0,"max_hp_loss":0,"event_name":"Liars Game","floor":7,"gold_loss":0,"cards_obtained":["Doubt"]},{"damage_healed":0,"gold_gain":74,"player_choice":"Gained Gold","damage_taken":0,"max_hp_gain":0,"max_hp_loss":0,"event_name":"Golden Wing","floor":13,"gold_loss":0},{"damage_healed":0,"gold_gain":0,"player_choice":"Entered Light","damage_taken":16,"max_hp_gain":0,"max_hp_loss":0,"event_name":"Shining Light","floor":14,"gold_loss":0,"cards_upgraded":["Strike_R","Sword Boomerang"]},{"damage_healed":0,"gold_gain":0,"player_choice":"Got Potions","damage_taken":0,"max_hp_gain":0,"max_hp_loss":0,"event_name":"Lab","floor":19,"gold_loss":0},{"damage_healed":0,"gold_gain":0,"player_choice":"Forge","damage_taken":0,"max_hp_gain":0,"max_hp_loss":0,"event_name":"Accursed Blacksmith","floor":21,"gold_loss":0,"cards_upgraded":["Power Through"]},{"cards_removed":["Strike_R"],"damage_healed":0,"gold_gain":0,"player_choice":"Purged","damage_taken":0,"max_hp_gain":0,"max_hp_loss":0,"event_name":"Purifier","floor":24,"gold_loss":0}],"is_beta":false,"boss_relics":[{"not_picked":["Philosopher\u0027s Stone","Fusion Hammer"],"picked":"Eternal Feather"}],"items_purged_floors":[22],"is_endless":false,"potions_floor_spawned":[2,5,20],"killed_by":"Collector","ascension_level":1}