{"gold_per_floor":[109,109,109,122,122,122,143,162,209,232,250,216,216,229,229,358,358,383,398,398],"floor_reached":20,"playtime":2689,"items_purged":[],"score":168,"play_id":"5cf533e5-5d52-4af5-83ee-efb1e57dd499","local_time":"20190218203221","is_ascension_mode":false,"campfire_choices":[{"data":"Bash","floor":6,"key":"SMITH"},{"data":"Corruption","floor":13,"key":"SMITH"},{"floor":15,"key":"REST"}],"neow_cost":"PERCENT_DAMAGE","seed_source_timestamp":506352011588749,"circlet_count":0,"master_deck":["Strike_R","Strike_R","Strike_R","Strike_R","Defend_R","Defend_R","Defend_R","Bash+1","Cleave+1","Thunderclap+1","Corruption+1","Thunderclap+1","Demon Form","Disarm+1","Shrug It Off"],"relics":["Burning Blood","Golden Idol","Molten Egg 2","Boot","Lizard Tail"],"potions_floor_usage":[8,16,16],"damage_taken":[{"damage":6,"enemies":"Jaw Worm","floor":1,"turns":3},{"damage":2,"enemies":"Small Slimes","floor":4,"turns":5},{"damage":1,"enemies":"Cultist","floor":7,"turns":3},{"damage":10,"enemies":"Lots of Slimes","floor":8,"turns":9},{"damage":10,"enemies":"Looter","floor":10,"turns":3},{"damage":0,"enemies":"Large Slime","floor":11,"turns":5},{"damage":11,"enemies":"Red Slaver","floor":14,"turns":4},{"damage":32,"enemies":"Slime Boss","floor":16,"turns":7},{"damage":40,"enemies":"Spheric Guardian","floor":18,"turns":5},{"damage":49,"enemies":"Shell Parasite","floor":19,"turns":9},{"damage":57,"enemies":"Sentry and Sphere","floor":20,"turns":7}],"seed_played":"-9068476349601934504","potions_obtained":[{"floor":7,"key":"Dexterity Potion"},{"floor":10,"key":"AttackPotion"},{"floor":14,"key":"Poison Potion"},{"floor":16,"key":"Energy Potion"}],"is_trial":false,"path_per_floor":["M","?","?","M","T","R","M","M","T","M","M","$","R","M","R","B",null,"M","M","M"],"character_chosen":"IRONCLAD","items_purchased":["Corruption"],"campfire_rested":1,"item_purchase_floors":[12],"current_hp_per_floor":[56,61,40,44,44,44,49,45,45,41,47,47,47,42,67,41,85,51,8,0],"gold":398,"neow_bonus":"REMOVE_TWO","is_prod":false,"is_daily":false,"chose_seed":false,"campfire_upgraded":2,"win_rate":0,"timestamp":1550550741,"path_taken":["M","?","?","M","?","R","M","M","T","?","M","?","R","M","R","BOSS","M","M","?"],"build_version":"2019-01-23","purchased_purges":0,"victory":false,"max_hp_per_floor":[80,85,85,85,85,85,85,85,85,85,85,85,85,85,85,85,85,85,85,85],"card_choices":[{"not_picked":["Twin Strike","Cleave","Body Slam"],"picked":"SKIP","floor":1},{"not_picked":["Clothesline","Uppercut","Thunderclap"],"picked":"SKIP","floor":4},{"not_picked":["Corruption","Infernal Blade","Feel No Pain"],"picked":"SKIP","floor":7},{"not_picked":["Reckless Charge+1","Flex","Anger+1"],"picked":"SKIP","floor":8},{"not_picked":["Searing Blow+1","Pommel Strike+1"],"picked":"Cleave+1","floor":10},{"not_picked":["Heavy Blade+1","Sentinel"],"picked":"Thunderclap+1","floor":11},{"not_picked":["Fiend Fire+1","Clothesline+1"],"picked":"Thunderclap+1","floor":14},{"not_picked":["Dark Embrace","Reaper+1"],"picked":"Demon Form","floor":16},{"not_picked":["Intimidate","Perfected Strike+1"],"picked":"Disarm+1","floor":18},{"not_picked":["Battle Trance","Anger+1"],"picked":"Shrug It Off","floor":19}],"player_experience":425461,"relics_obtained":[{"floor":5,"key":"Molten Egg 2"},{"floor":9,"key":"Boot"}],"event_choices":[{"damage_healed":0,"gold_gain":0,"player_choice":"Donut","damage_taken":0,"max_hp_gain":5,"max_hp_loss":0,"event_name":"Big Fish","floor":2,"gold_loss":0},{"damage_healed":0,"gold_gain":0,"player_choice":"Take Damage","damage_taken":21,"relics_obtained":["Golden Idol"],"max_hp_gain":0,"max_hp_loss":0,"event_name":"Golden Idol","floor":3,"gold_loss":0}],"is_beta":false,"boss_relics":[{"not_picked":["Fusion Hammer","Ectoplasm"],"picked":"Lizard Tail"}],"items_purged_floors":[],"is_endless":false,"potions_floor_spawned":[7,10,14,16],"killed_by":"Sentry and Sphere","ascension_level":0}