{"gold_per_floor":[111,111,127,147,147,147,157,157,157,173,202,221,247,257,257,257],"floor_reached":16,"playtime":1080,"items_purged":[],"score":140,"play_id":"f8ec5ded-ece4-4025-a5cb-001d867ea9f3","local_time":"20190415222806","is_ascension_mode":true,"campfire_choices":[{"data":"Infernal Blade","floor":6,"key":"SMITH"},{"data":"Dark Embrace","floor":8,"key":"SMITH"},{"floor":15,"key":"REST"}],"neow_cost":"NONE","seed_source_timestamp":219530379657133,"circlet_count":0,"master_deck":["Strike_R","Strike_R","Strike_R","Strike_R","Strike_R","Defend_R","Defend_R","Defend_R","Defend_R","Bash","Dark Embrace+1","Wild Strike","Shockwave","Infernal Blade+1","Second Wind","Warcry","Clash","Burning Pact","Heavy Blade","Armaments"],"relics":["Burning Blood","Bag of Preparation","Matryoshka","Odd Mushroom"],"potions_floor_usage":[10,13,13,14,14],"damage_taken":[{"damage":11,"enemies":"Cultist","floor":1,"turns":4},{"damage":3,"enemies":"2 Louse","floor":3,"turns":3},{"damage":9,"enemies":"Small Slimes","floor":4,"turns":4},{"damage":9,"enemies":"Red Slaver","floor":7,"turns":2},{"damage":16,"enemies":"Large Slime","floor":10,"turns":6},{"damage":24,"enemies":"Gremlin Nob","floor":11,"turns":4},{"damage":0,"enemies":"Looter","floor":12,"turns":2},{"damage":15,"enemies":"The Mushroom Lair","floor":13,"turns":4},{"damage":30,"enemies":"Gremlin Gang","floor":14,"turns":5},{"damage":42,"enemies":"The Guardian","floor":16,"turns":9}],"seed_played":"-2519455573528535679","potions_obtained":[{"floor":1,"key":"FearPotion"},{"floor":4,"key":"FearPotion"},{"floor":11,"key":"Swift Potion"},{"floor":12,"key":"SneckoOil"},{"floor":13,"key":"FearPotion"}],"is_trial":false,"path_per_floor":["M","?","M","M","?","R","M","R","T","M","E","M","?","M","R","B"],"character_chosen":"IRONCLAD","items_purchased":[],"campfire_rested":1,"item_purchase_floors":[],"current_hp_per_floor":[67,72,75,72,72,72,69,69,69,59,41,47,38,14,39,0],"gold":257,"neow_bonus":"ONE_RANDOM_RARE_CARD","is_prod":false,"is_daily":false,"chose_seed":false,"campfire_upgraded":2,"win_rate":0,"timestamp":1555334886,"path_taken":["M","?","M","M","?","R","M","R","T","M","E","M","?","M","R","BOSS"],"build_version":"2019-01-23","purchased_purges":0,"victory":false,"max_hp_per_floor":[80,85,85,85,85,85,85,85,85,85,85,85,85,85,85,85],"card_choices":[{"not_picked":["Rupture","Iron Wave"],"picked":"Wild Strike","floor":1},{"not_picked":["Evolve","Sentinel"],"picked":"Shockwave","floor":3},{"not_picked":["True Grit","Hemokinesis"],"picked":"Infernal Blade","floor":4},{"not_picked":["Heavy Blade","Body Slam"],"picked":"Second Wind","floor":7},{"not_picked":["Dropkick","Armaments"],"picked":"Warcry","floor":10},{"not_picked":["Sword Boomerang","Perfected Strike"],"picked":"Clash","floor":11},{"not_picked":["Rampage","Warcry"],"picked":"Burning Pact","floor":12},{"not_picked":["Shockwave","Perfected Strike"],"picked":"Heavy Blade","floor":13},{"not_picked":["Offering","Perfected Strike"],"picked":"Armaments","floor":14}],"player_experience":349462,"relics_obtained":[{"floor":9,"key":"Bag of Preparation"},{"floor":11,"key":"Matryoshka"},{"floor":13,"key":"Odd Mushroom"}],"event_choices":[{"damage_healed":0,"gold_gain":0,"player_choice":"Donut","damage_taken":0,"max_hp_gain":5,"max_hp_loss":0,"event_name":"Big Fish","floor":2,"gold_loss":0},{"damage_healed":0,"gold_gain":0,"player_choice":"Ignored","damage_taken":0,"max_hp_gain":0,"max_hp_loss":0,"event_name":"Liars Game","floor":5,"gold_loss":0},{"damage_healed":0,"gold_gain":0,"player_choice":"Fought Mushrooms","damage_taken":0,"max_hp_gain":0,"max_hp_loss":0,"event_name":"Mushrooms","floor":13,"gold_loss":0}],"is_beta":false,"boss_relics":[],"items_purged_floors":[],"is_endless":false,"potions_floor_spawned":[1,4,11,12,13],"killed_by":"The Guardian","ascension_level":7}