{"gold_per_floor":[109,121,43,43,54,54,80,80,148,166,166,183,23,23,23,152,452,467,467,486,505,26,26],"floor_reached":23,"playtime":788,"items_purged":["Decay"],"score":292,"play_id":"2aba6b2c-012d-4e39-9781-123010d090f2","local_time":"20190114170145","is_ascension_mode":true,"campfire_choices":[{"data":"Sunder","floor":6.0,"key":"SMITH"},{"data":"Flash of Steel","floor":11.0,"key":"SMITH"},{"data":"Reinforced Body","floor":15.0,"key":"SMITH"}],"neow_cost":"CURSE","seed_source_timestamp":767205605393619,"circlet_count":0,"master_deck":["Defend_B","Defend_B","Defend_B","Defend_B","Zap","Dualcast","Forethought","Flash of Steel+1","Parasite","Reinforced Body+1","Rip and Tear+1","Sunder+1","Steam","Rebound","Sweeping Beam+1","Glacier","Biased Cognition","Core Surge+1","Doubt","Reinforced Body","Bite+1","Bite+1","Bite+1","Bite+1","Bite+1","Coolheaded+1","Ball Lightning+1","Mayhem","Steam","Rip and Tear+1","Hyperbeam+1"],"special_seed":0,"relics":["Cracked Core","Omamori","Dream Catcher","Molten Egg 2","Golden Idol","Calling Bell","PreservedInsect","Darkstone Periapt","Old Coin"],"potions_floor_usage":[20,21],"damage_taken":[{"damage":8.0,"enemies":"Small Slimes","floor":1.0,"turns":3.0},{"damage":3.0,"enemies":"2 Louse","floor":2.0,"turns":3.0},{"damage":0.0,"enemies":"Cultist","floor":5.0,"turns":3.0},{"damage":10.0,"enemies":"3 Sentries","floor":7.0,"turns":7.0},{"damage":4.0,"enemies":"Red Slaver","floor":10.0,"turns":3.0},{"damage":0.0,"enemies":"Large Slime","floor":12.0,"turns":3.0},{"damage":28,"enemies":"Slime Boss","floor":16,"turns":8},{"damage":41,"enemies":"2 Thieves","floor":18,"turns":4},{"damage":17,"enemies":"3 Byrds","floor":20,"turns":6},{"damage":14,"enemies":"3 Cultists","floor":21,"turns":6},{"damage":19,"enemies":"Centurion and Healer","floor":23,"turns":5}],"seed_played":"3894754594020926347","potions_obtained":[{"floor":7.0,"key":"SteroidPotion"},{"floor":16,"key":"EssenceOfSteel"},{"floor":18,"key":"SneckoOil"}],"is_trial":false,"path_per_floor":["M","M","$","?","M","R","E","?","T","M","R","M","$","?","R","B",null,"M","?","M","M","$","M"],"character_chosen":"DEFECT","items_purchased":["Sunder","Biased Cognition","Mayhem","Steam","Rip and Tear+1","Hyperbeam+1"],"campfire_rested":0,"item_purchase_floors":[3,13,22,22,22,22],"current_hp_per_floor":[60,57,57,57,57,57,47,40,40,36,36,36,36,36,36,8,58,17,17,15,13,13,0],"gold":26,"neow_bonus":"RANDOM_COLORLESS_2","is_prod":false,"is_daily":false,"chose_seed":false,"campfire_upgraded":3,"win_rate":0,"timestamp":1547485305,"path_taken":["M","M","$","?","M","R","E","?","T","M","R","M","$","?","R","BOSS","M","?","M","M","$","M"],"build_version":"2019-01-10","purchased_purges":1,"victory":false,"max_hp_per_floor":[75,75,75,75,75,75,75,75,75,75,75,75,75,75,75,75,75,75,52,52,52,52,52],"card_choices":[{"not_picked":["White Noise","Skim"],"picked":"Reinforced Body","floor":1.0},{"not_picked":["Reprogram","Rebound"],"picked":"Rip and Tear","floor":2.0},{"not_picked":["Coolheaded","Undo"],"picked":"Steam","floor":5.0},{"not_picked":["Skim","Hello World"],"picked":"Rebound","floor":7.0},{"not_picked":["Hologram","White Noise"],"picked":"Sweeping Beam+1","floor":10.0},{"not_picked":["Force Field","Fusion"],"picked":"Glacier","floor":12.0},{"not_picked":["Thunder Strike+1","Amplify"],"picked":"Core Surge+1","floor":16},{"not_picked":["Rebound+1","Ball Lightning+1"],"picked":"Reinforced Body","floor":18},{"not_picked":["Tempest","Meteor Strike+1"],"picked":"Coolheaded+1","floor":20},{"not_picked":["Compile Driver+1","White Noise"],"picked":"Ball Lightning+1","floor":21}],"player_experience":85700,"relics_obtained":[{"floor":7.0,"key":"Omamori"},{"floor":9.0,"key":"Molten Egg 2"},{"floor":17,"key":"PreservedInsect"},{"floor":17,"key":"Darkstone Periapt"},{"floor":17,"key":"Old Coin"}],"event_choices":[{"damage_healed":0.0,"max_hp_gain":0.0,"max_hp_loss":0.0,"gold_gain":0.0,"event_name":"Living Wall","player_choice":"Grow","floor":4.0,"gold_loss":0.0,"damage_taken":0.0,"cards_upgraded":["Rip and Tear"]},{"damage_healed":0.0,"max_hp_gain":0.0,"max_hp_loss":0.0,"gold_gain":0.0,"event_name":"Scrap Ooze","player_choice":"Success","floor":8.0,"gold_loss":0.0,"damage_taken":7.0,"relics_obtained":["Dream Catcher"]},{"damage_healed":0.0,"max_hp_gain":0.0,"max_hp_loss":0.0,"gold_gain":0.0,"event_name":"Golden Idol","player_choice":"Take Wound","floor":14.0,"gold_loss":0.0,"damage_taken":0.0,"relics_obtained":["Golden Idol"],"cards_obtained":["Injury"]},{"damage_healed":0,"gold_gain":0,"player_choice":"Became a vampire","damage_taken":0,"max_hp_gain":0,"max_hp_loss":23,"event_name":"Vampires","floor":19,"gold_loss":0,"cards_obtained":["Bite","Bite","Bite","Bite","Bite"]}],"is_beta":false,"boss_relics":[{"not_picked":["Astrolabe","Coffee Dripper"],"picked":"Calling Bell"}],"items_purged_floors":[22],"is_endless":false,"potions_floor_spawned":[7,16,18],"killed_by":"Centurion and Healer","ascension_level":8}