{"gold_per_floor":[114,114,133,149,160,189,189,217,243,243],"floor_reached":10,"playtime":284,"items_purged":[],"score":109,"play_id":"cf96a9ae-fc91-47fb-9040-05af21dce3cc","local_time":"20190502080055","is_ascension_mode":true,"campfire_choices":[{"floor":7,"key":"REST"}],"neow_cost":"NONE","seed_source_timestamp":202161511852200,"circlet_count":0,"master_deck":["Strike_B","Strike_B","Strike_B","Strike_B","Defend_B","Defend_B","Defend_B","Defend_B","Zap","Dualcast","Consume","Ball Lightning","Consume","Creative AI"],"relics":["Cracked Core","NeowsBlessing","Dead Branch","Pen Nib","Bronze Scales","Bag of Preparation"],"potions_floor_usage":[3,10],"damage_taken":[{"damage":0,"enemies":"2 Louse","floor":1,"turns":1},{"damage":0,"enemies":"Cultist","floor":3,"turns":1},{"damage":0,"enemies":"Jaw Worm","floor":4,"turns":1},{"damage":11,"enemies":"Looter","floor":5,"turns":2},{"damage":45,"enemies":"3 Sentries","floor":6,"turns":7},{"damage":30,"enemies":"Gremlin Nob","floor":8,"turns":4},{"damage":15,"enemies":"Exordium Thugs","floor":10,"turns":3}],"seed_played":"1512724400494265006","potions_obtained":[{"floor":1,"key":"Weak Potion"},{"floor":3,"key":"Fruit Juice"},{"floor":4,"key":"SneckoOil"}],"is_trial":false,"path_per_floor":["M","?","M","M","M","E","R","E","T","M"],"character_chosen":"DEFECT","items_purchased":[],"campfire_rested":1,"item_purchase_floors":[],"current_hp_per_floor":[68,68,73,73,62,17,41,11,11,0],"gold":243,"neow_bonus":"THREE_ENEMY_KILL","is_prod":false,"is_daily":false,"chose_seed":false,"campfire_upgraded":0,"win_rate":0,"timestamp":1556776855,"path_taken":["M","?","M","M","M","E","R","E","T","M"],"build_version":"2019-01-23","purchased_purges":0,"victory":false,"max_hp_per_floor":[75,75,80,80,80,80,80,80,80,80],"card_choices":[{"not_picked":["Beam Cell","Leap","Heatsinks"],"picked":"SKIP","floor":1},{"not_picked":["Darkness","Stack"],"picked":"Consume","floor":3},{"not_picked":["Streamline","Steam"],"picked":"Ball Lightning","floor":4},{"not_picked":["Chaos","Sweeping Beam","Aggregate"],"picked":"SKIP","floor":5},{"not_picked":["Sweeping Beam","Steam"],"picked":"Consume","floor":6},{"not_picked":["Stack","Reprogram"],"picked":"Creative AI","floor":8}],"player_experience":976142,"relics_obtained":[{"floor":6,"key":"Pen Nib"},{"floor":8,"key":"Bronze Scales"},{"floor":9,"key":"Bag of Preparation"}],"event_choices":[{"damage_healed":0,"gold_gain":0,"player_choice":"Gave Potion","damage_taken":0,"relics_obtained":["Dead Branch"],"max_hp_gain":0,"max_hp_loss":0,"event_name":"WeMeetAgain","floor":2,"gold_loss":0}],"is_beta":false,"boss_relics":[],"items_purged_floors":[],"is_endless":false,"potions_floor_spawned":[1,3,4],"killed_by":"Exordium Thugs","ascension_level":8}