{"gold_per_floor":[111,61,77,77,77,77,1,33,33,7,18,18,33,33,33,33],"floor_reached":16,"playtime":600,"items_purged":[],"score":108,"play_id":"1f228494-69c6-4ce2-b578-779c854c4e19","local_time":"20190318234814","is_ascension_mode":true,"campfire_choices":[{"data":"Bash","floor":6,"key":"SMITH"},{"data":"Armaments","floor":12,"key":"SMITH"},{"data":"1","floor":15,"key":"LIFT"}],"neow_cost":"NONE","seed_source_timestamp":7124044144293,"circlet_count":0,"master_deck":["Strike_R","Defend_R","Defend_R","Defend_R","Defend_R","Bash+1","Battle Trance","Pommel Strike","Feed","Shrug It Off","Armaments+1","Reaper","Pommel Strike"],"relics":["Burning Blood","Ancient Tea Set","Girya"],"potions_floor_usage":[],"damage_taken":[{"damage":11,"enemies":"2 Louse","floor":1,"turns":4},{"damage":7,"enemies":"Small Slimes","floor":3,"turns":3},{"damage":41,"enemies":"Lagavulin","floor":8,"turns":7},{"damage":4,"enemies":"Jaw Worm","floor":11,"turns":3},{"damage":0,"enemies":"Exordium Wildlife","floor":13,"turns":2},{"damage":76,"enemies":"Slime Boss","floor":16,"turns":8}],"seed_played":"-525389230782441843","potions_obtained":[{"floor":1,"key":"Ancient Potion"},{"floor":8,"key":"Fire Potion"},{"floor":13,"key":"PowerPotion"}],"is_trial":false,"path_per_floor":["M","?","M","?","?","R","$","E","T","$","M","R","M","?","R","B"],"character_chosen":"IRONCLAD","items_purchased":["Feed","Armaments"],"campfire_rested":0,"item_purchase_floors":[7,10],"current_hp_per_floor":[75,75,74,67,72,72,72,40,40,40,45,45,54,54,54,0],"gold":33,"neow_bonus":"REMOVE_CARD","is_prod":false,"is_daily":false,"chose_seed":false,"campfire_upgraded":2,"win_rate":0,"timestamp":1552974494,"path_taken":["M","?","M","?","?","R","$","E","T","?","?","R","M","?","R","BOSS"],"build_version":"2019-01-23","purchased_purges":0,"victory":false,"max_hp_per_floor":[80,80,80,80,85,85,85,88,88,88,91,91,94,94,94,94],"card_choices":[{"not_picked":["Hemokinesis","Twin Strike"],"picked":"Battle Trance","floor":1},{"not_picked":["Iron Wave","Dual Wield"],"picked":"Pommel Strike","floor":3},{"not_picked":["Inflame","Iron Wave"],"picked":"Shrug It Off","floor":8},{"not_picked":["Headbutt","Infernal Blade"],"picked":"Reaper","floor":11},{"not_picked":["Flex","Hemokinesis"],"picked":"Pommel Strike","floor":13}],"player_experience":270582,"relics_obtained":[{"floor":8,"key":"Ancient Tea Set"},{"floor":9,"key":"Girya"}],"event_choices":[{"cards_removed":["Strike_R"],"damage_healed":0,"gold_gain":0,"player_choice":"Card Removal","damage_taken":0,"max_hp_gain":0,"max_hp_loss":0,"event_name":"The Cleric","floor":2,"gold_loss":50},{"cards_removed":["Strike_R"],"damage_healed":0,"gold_gain":0,"player_choice":"Card Removal","damage_taken":7,"max_hp_gain":0,"max_hp_loss":0,"event_name":"Golden Wing","floor":4,"gold_loss":0},{"damage_healed":0,"gold_gain":0,"player_choice":"Donut","damage_taken":0,"max_hp_gain":5,"max_hp_loss":0,"event_name":"Big Fish","floor":5,"gold_loss":0},{"cards_removed":["Strike_R"],"damage_healed":0,"gold_gain":0,"player_choice":"Forget","damage_taken":0,"max_hp_gain":0,"max_hp_loss":0,"event_name":"Living Wall","floor":14,"gold_loss":0}],"is_beta":false,"boss_relics":[],"items_purged_floors":[],"is_endless":false,"potions_floor_spawned":[1,8,13],"killed_by":"Slime Boss","ascension_level":2}