{"gold_per_floor":[18,38,53,70,120,120,155,155,155,166,179,211,211,225,225,302,302,313,333,433,114,114,114,125,125,125,125,136,149,27,27,27,99,99,119,130,26,26,43,78,78,92,92,15,34,49,49,66,66,66],"floor_reached":51,"playtime":2752,"items_purged":["Strike_R","Strike_R","Strike_R"],"score":1219,"play_id":"53f2a413-a609-4b61-90fa-0e7c53d2c914","local_time":"20190201184625","is_ascension_mode":true,"campfire_choices":[{"data":"Juggernaut","floor":6,"key":"SMITH"},{"data":"Shrug It Off","floor":8,"key":"SMITH"},{"data":"Flame Barrier","floor":13,"key":"SMITH"},{"data":"Defend_R","floor":15,"key":"SMITH"},{"floor":23,"key":"REST"},{"floor":25,"key":"DIG"},{"floor":32,"key":"DIG"},{"data":"True Grit","floor":47,"key":"SMITH"},{"floor":49,"key":"REST"}],"neow_cost":"NO_GOLD","seed_source_timestamp":532672798905776,"circlet_count":0,"master_deck":["AscendersBane","Strike_R","Strike_R","Defend_R","Defend_R","Defend_R","Defend_R+1","Bash","Shrug It Off+1","Anger","Juggernaut+1","Battle Trance","Flame Barrier+1","Impervious","Battle Trance","Metallicize","Undo","Dodge and Roll","Dash","Battle Trance","Good Instincts","Backflip","True Grit+1","Good Instincts","Injury","Conserve Battery","Cloak And Dagger+1"],"relics":["Burning Blood","Incense Burner","Mercury Hourglass","Pear","Cursed Key","Shovel","Kunai","PrismaticShard","Smiling Mask","Nilry\u0027s Codex","Paper Frog","Mark of Pain","Bottled Tornado","Mango"],"potions_floor_usage":[4,11,33,35,40,40,42,42,42,50,50],"damage_taken":[{"damage":1,"enemies":"Small Slimes","floor":1,"turns":5},{"damage":1,"enemies":"Cultist","floor":2,"turns":3},{"damage":18,"enemies":"Jaw Worm","floor":3,"turns":4},{"damage":7,"enemies":"3 Louse","floor":4,"turns":4},{"damage":17,"enemies":"Gremlin Nob","floor":7,"turns":5},{"damage":6,"enemies":"Exordium Thugs","floor":10,"turns":5},{"damage":9,"enemies":"Gremlin Gang","floor":11,"turns":5},{"damage":0,"enemies":"Lagavulin","floor":12,"turns":8},{"damage":6,"enemies":"Looter","floor":14,"turns":4},{"damage":37,"enemies":"The Guardian","floor":16,"turns":12},{"damage":1,"enemies":"Chosen","floor":18,"turns":4},{"damage":0,"enemies":"Spheric Guardian","floor":19,"turns":4},{"damage":17,"enemies":"Colosseum Slavers","floor":20,"turns":4},{"damage":62,"enemies":"Colosseum Nobs","floor":20,"turns":7},{"damage":0,"enemies":"Shelled Parasite and Fungi","floor":24,"turns":5},{"damage":3,"enemies":"Snecko","floor":28,"turns":5},{"damage":0,"enemies":"Centurion and Healer","floor":29,"turns":6},{"damage":18,"enemies":"Automaton","floor":33,"turns":15},{"damage":1,"enemies":"Orb Walker","floor":35,"turns":5},{"damage":0,"enemies":"3 Shapes","floor":36,"turns":4},{"damage":3,"enemies":"Maw","floor":39,"turns":9},{"damage":4,"enemies":"Reptomancer","floor":40,"turns":6},{"damage":5,"enemies":"Jaw Worm Horde","floor":42,"turns":4},{"damage":7,"enemies":"Transient","floor":45,"turns":5},{"damage":23,"enemies":"Spire Growth","floor":46,"turns":6},{"damage":10,"enemies":"Writhing Mass","floor":48,"turns":5},{"damage":9,"enemies":"Time Eater","floor":50,"turns":13}],"seed_played":"2743132049359833794","potions_obtained":[{"floor":1,"key":"Fire Potion"},{"floor":2,"key":"Weak Potion"},{"floor":19,"key":"Energy Potion"},{"floor":29,"key":"Poison Potion"},{"floor":33,"key":"Swift Potion"},{"floor":35,"key":"Explosive Potion"},{"floor":39,"key":"GamblersBrew"},{"floor":41,"key":"EntropicBrew"},{"floor":41,"key":"EssenceOfSteel"},{"floor":48,"key":"GamblersBrew"}],"is_trial":false,"path_per_floor":["M","M","M","M","?","R","E","R","T","M","M","E","R","M","R","B",null,"M","M","?","$","?","R","M","R","T","?","M","M","$","?","R","B",null,"M","M","$","?","M","E","?","M","T","$","M","M","R","M","R","B",null],"character_chosen":"IRONCLAD","items_purchased":["Metallicize","PrismaticShard","Battle Trance","True Grit","EssenceOfSteel"],"campfire_rested":2,"item_purchase_floors":[21,21,30,37,44],"current_hp_per_floor":[73,75,63,62,62,62,51,51,61,61,58,64,64,64,64,33,72,77,83,16,16,16,41,47,47,47,26,29,35,35,85,85,73,82,85,85,85,85,85,85,85,85,99,99,98,81,81,77,99,96],"gold":66,"neow_bonus":"ONE_RARE_RELIC","is_prod":false,"is_daily":false,"chose_seed":false,"campfire_upgraded":5,"win_rate":0,"timestamp":1549046785,"path_taken":["M","M","M","M","?","R","E","R","T","?","M","E","R","M","R","BOSS","M","M","?","$","?","R","M","R","T","?","M","M","$","?","R","BOSS","M","M","$","?","?","E","?","M","T","$","?","M","R","M","R","BOSS"],"build_version":"2019-01-23","purchased_purges":3,"victory":true,"max_hp_per_floor":[75,75,75,75,75,75,75,75,85,85,85,85,85,85,85,85,85,85,85,85,85,85,85,85,85,85,85,85,85,85,85,85,85,85,85,85,85,85,85,85,85,85,99,99,99,99,99,99,99,99],"card_choices":[{"not_picked":["Blood for Blood","Cleave","Twin Strike"],"picked":"SKIP","floor":1},{"not_picked":["Cleave","Dual Wield"],"picked":"Shrug It Off","floor":2},{"not_picked":["Cleave","Metallicize"],"picked":"Anger","floor":3},{"not_picked":["True Grit","Body Slam"],"picked":"Juggernaut","floor":4},{"not_picked":["Iron Wave","Clash"],"picked":"Battle Trance","floor":7},{"not_picked":["Iron Wave","Perfected Strike"],"picked":"Flame Barrier","floor":10},{"not_picked":["Dropkick","Flex","Pommel Strike"],"picked":"SKIP","floor":11},{"not_picked":["Hemokinesis","Twin Strike","Pommel Strike"],"picked":"SKIP","floor":12},{"not_picked":["Clothesline","Dropkick","Perfected Strike"],"picked":"SKIP","floor":14},{"not_picked":["Feed","Barricade"],"picked":"Impervious","floor":16},{"not_picked":["Sentinel","Twin Strike","Pommel Strike"],"picked":"SKIP","floor":18},{"not_picked":["Clothesline","Pommel Strike","Thunderclap"],"picked":"SKIP","floor":19},{"not_picked":["Seeing Red","Wild Strike"],"picked":"Battle Trance","floor":20},{"not_picked":["Prepared","Sword Boomerang"],"picked":"Undo","floor":24},{"not_picked":["Quick Slash","PiercingWail"],"picked":"Dodge and Roll","floor":28},{"not_picked":["Body Slam","Wild Strike"],"picked":"Dash","floor":29},{"not_picked":["Headbutt","Skim+1"],"picked":"Good Instincts","floor":35},{"not_picked":["Thunderclap","Second Wind"],"picked":"Backflip","floor":36},{"not_picked":["Hello World","Sucker Punch","Flex"],"picked":"SKIP","floor":39},{"not_picked":["Finesse","Acrobatics+1"],"picked":"Good Instincts","floor":40},{"not_picked":["Rampage","Quick Slash","Ball Lightning"],"picked":"SKIP","floor":42},{"not_picked":["Sweeping Beam+1","Prepared","Bane"],"picked":"SKIP","floor":45},{"not_picked":["Stack","Iron Wave+1"],"picked":"Conserve Battery","floor":46},{"not_picked":["Metallicize","Blind"],"picked":"Cloak And Dagger+1","floor":48}],"player_experience":173804,"relics_obtained":[{"floor":7,"key":"Mercury Hourglass"},{"floor":9,"key":"Pear"},{"floor":20,"key":"Shovel"},{"floor":20,"key":"Kunai"},{"floor":25,"key":"Smiling Mask"},{"floor":27,"key":"Nilry\u0027s Codex"},{"floor":32,"key":"Paper Frog"},{"floor":40,"key":"Bottled Tornado"},{"floor":43,"key":"Mango"}],"event_choices":[{"damage_healed":0,"gold_gain":50,"player_choice":"Pray","damage_taken":0,"max_hp_gain":0,"max_hp_loss":0,"event_name":"Golden Shrine","floor":5,"gold_loss":0},{"damage_healed":0,"gold_gain":0,"player_choice":"Fight","damage_taken":0,"max_hp_gain":0,"max_hp_loss":0,"event_name":"Colosseum","floor":20,"gold_loss":0},{"damage_healed":0,"gold_gain":0,"player_choice":"Fought Nobs","damage_taken":0,"max_hp_gain":0,"max_hp_loss":0,"event_name":"Colosseum","floor":20,"gold_loss":0},{"damage_healed":0,"gold_gain":0,"player_choice":"Ignored","damage_taken":0,"max_hp_gain":0,"max_hp_loss":0,"event_name":"Vampires","floor":22,"gold_loss":0},{"damage_healed":0,"gold_gain":0,"player_choice":"Obtained Book","damage_taken":21,"max_hp_gain":0,"max_hp_loss":0,"event_name":"Cursed Tome","floor":27,"gold_loss":0},{"damage_healed":50,"gold_gain":0,"player_choice":"Full Heal","damage_taken":0,"max_hp_gain":0,"max_hp_loss":0,"event_name":"Wheel of Change","floor":31,"gold_loss":0},{"damage_healed":0,"gold_gain":0,"player_choice":"Ignored","damage_taken":0,"max_hp_gain":0,"max_hp_loss":0,"event_name":"SecretPortal","floor":38,"gold_loss":0},{"damage_healed":0,"gold_gain":0,"player_choice":"Got Potions","damage_taken":0,"max_hp_gain":0,"max_hp_loss":0,"event_name":"Lab","floor":41,"gold_loss":0}],"is_beta":false,"boss_relics":[{"not_picked":["Runic Pyramid","Runic Cube"],"picked":"Cursed Key"},{"not_picked":["Astrolabe","Eternal Feather"],"picked":"Mark of Pain"}],"items_purged_floors":[21,30,37],"is_endless":false,"potions_floor_spawned":[1,2,12,19,29,33,35,39,46,48],"ascension_level":15}