{"gold_per_floor":[115,36,55,55,55,84,84,95,121,154,173,173,2,19,19,19],"floor_reached":16,"playtime":559,"items_purged":[],"score":198,"play_id":"10fff294-6c08-43b1-bfd6-6801a958d484","local_time":"20190422123107","is_ascension_mode":true,"campfire_choices":[{"floor":7,"key":"REST"},{"data":"Shockwave","floor":12,"key":"SMITH"},{"data":"Juggernaut","floor":15,"key":"SMITH"}],"neow_cost":"NONE","seed_source_timestamp":0,"circlet_count":0,"master_deck":["AscendersBane","Strike_R","Strike_R","Strike_R","Strike_R","Strike_R","Defend_R","Defend_R","Defend_R","Defend_R","Bash","Combust","Whirlwind","Cleave","Limit Break","Shockwave+1","Shrug It Off","Juggernaut+1","Heavy Blade","Shrug It Off"],"special_seed":0,"relics":["Burning Blood","Orichalcum","Lantern","Pear","PreservedInsect"],"potions_floor_usage":[10,11,16],"damage_taken":[{"damage":7,"enemies":"Jaw Worm","floor":1,"turns":3},{"damage":3,"enemies":"Cultist","floor":3,"turns":4},{"damage":42,"enemies":"Lagavulin","floor":6,"turns":7},{"damage":4,"enemies":"Small Slimes","floor":8,"turns":3},{"damage":21,"enemies":"Gremlin Nob","floor":10,"turns":5},{"damage":4,"enemies":"Gremlin Gang","floor":11,"turns":3},{"damage":10,"enemies":"Looter","floor":14,"turns":4},{"damage":51,"enemies":"Hexaghost","floor":16,"turns":10}],"seed_played":"5302383155644320136","potions_obtained":[{"floor":6,"key":"Weak Potion"},{"floor":8,"key":"LiquidBronze"},{"floor":10,"key":"Block Potion"},{"floor":14,"key":"Ancient Potion"}],"is_trial":false,"path_per_floor":["M","$","M","?","?","E","R","M","T","E","M","R","$","M","R","B"],"character_chosen":"IRONCLAD","items_purchased":["Whirlwind","PreservedInsect"],"campfire_rested":1,"item_purchase_floors":[2,13],"current_hp_per_floor":[74,74,77,66,66,30,54,56,56,51,53,53,53,49,49,0],"gold":19,"neow_bonus":"TEN_PERCENT_HP_BONUS","is_prod":false,"is_daily":false,"chose_seed":false,"campfire_upgraded":2,"win_rate":0,"timestamp":1555961467,"path_taken":["M","$","M","?","?","E","R","M","T","E","?","R","$","M","R","BOSS"],"build_version":"2019-01-23","purchased_purges":0,"victory":false,"max_hp_per_floor":[82,82,82,82,82,82,82,82,82,92,92,92,92,92,92,92],"card_choices":[{"not_picked":["Thunderclap","Anger"],"picked":"Combust","floor":1},{"not_picked":["Sentinel","Thunderclap"],"picked":"Cleave","floor":3},{"not_picked":["Searing Blow","Dual Wield"],"picked":"Shockwave","floor":6},{"not_picked":["Pommel Strike","Second Wind"],"picked":"Shrug It Off","floor":8},{"not_picked":["Rage","Body Slam"],"picked":"Juggernaut","floor":10},{"not_picked":["Clash","Warcry"],"picked":"Heavy Blade","floor":11},{"not_picked":["Evolve","Flex"],"picked":"Shrug It Off","floor":14}],"player_experience":465095,"relics_obtained":[{"floor":6,"key":"Orichalcum"},{"floor":9,"key":"Lantern"},{"floor":10,"key":"Pear"}],"event_choices":[{"damage_healed":0,"gold_gain":0,"player_choice":"Fled","damage_taken":11,"max_hp_gain":0,"max_hp_loss":0,"event_name":"Scrap Ooze","floor":4,"gold_loss":0},{"damage_healed":0,"gold_gain":0,"player_choice":"1 cards matched","damage_taken":0,"max_hp_gain":0,"max_hp_loss":0,"event_name":"Match and Keep!","floor":5,"gold_loss":0,"cards_obtained":["Limit Break"]}],"is_beta":false,"boss_relics":[],"items_purged_floors":[],"is_endless":false,"potions_floor_spawned":[6,8,10,14],"killed_by":"Hexaghost","ascension_level":16}