{"gold_per_floor":[113,125,142,34,54,54,80,80,80,80,90,123,93,112,112,184,184,196,212,53,67,67,67,77,93,116,131,142,162,162,180,180,180],"floor_reached":33,"playtime":1752,"items_purged":["Strike_R"],"score":527,"play_id":"8b0a603e-9a45-499e-81c5-fa1fa57aca20","local_time":"20190419112009","is_ascension_mode":true,"campfire_choices":[{"data":"Clothesline","floor":6,"key":"SMITH"},{"data":"Rampage","floor":8,"key":"SMITH"},{"floor":10,"key":"REST"},{"data":"Bash","floor":15,"key":"SMITH"},{"floor":23,"key":"REST"},{"floor":30,"key":"REST"},{"floor":32,"key":"REST"}],"neow_cost":"NONE","seed_source_timestamp":39865827697725,"circlet_count":0,"master_deck":["AscendersBane","Strike_R","Strike_R","Strike_R","Strike_R","Defend_R","Defend_R","Defend_R","Defend_R","Bash+1","Twin Strike","Rampage+1","Clothesline+1","Dramatic Entrance","Intimidate","Limit Break","Shockwave","Feed","Flame Barrier","Offering","Burning Pact","Flame Barrier","Feel No Pain+1","Second Wind","Iron Wave","Cleave","True Grit+1","Seeing Red","Carnage","Reckless Charge+1"],"relics":["Burning Blood","Art of War","Frozen Egg 2","Mango","Fusion Hammer","Lantern"],"potions_floor_usage":[5,12,14,16,22,24,28,33],"damage_taken":[{"damage":4,"enemies":"Small Slimes","floor":1,"turns":5},{"damage":1,"enemies":"Cultist","floor":2,"turns":4},{"damage":4,"enemies":"2 Louse","floor":3,"turns":3},{"damage":15,"enemies":"Exordium Thugs","floor":5,"turns":4},{"damage":41,"enemies":"Lagavulin","floor":7,"turns":7},{"damage":9,"enemies":"Looter","floor":11,"turns":3},{"damage":24,"enemies":"Gremlin Nob","floor":12,"turns":4},{"damage":0,"enemies":"2 Fungi Beasts","floor":14,"turns":2},{"damage":59,"enemies":"Slime Boss","floor":16,"turns":14},{"damage":17,"enemies":"2 Thieves","floor":18,"turns":3},{"damage":2,"enemies":"3 Byrds","floor":19,"turns":3},{"damage":22,"enemies":"Snake Plant","floor":21,"turns":5},{"damage":48,"enemies":"Colosseum Slavers","floor":22,"turns":7},{"damage":14,"enemies":"Centurion and Healer","floor":24,"turns":6},{"damage":10,"enemies":"3 Cultists","floor":25,"turns":6},{"damage":24,"enemies":"Cultist and Chosen","floor":27,"turns":8},{"damage":12,"enemies":"Centurion and Healer","floor":28,"turns":11},{"damage":13,"enemies":"Snecko","floor":29,"turns":8},{"damage":24,"enemies":"Snake Plant","floor":31,"turns":5},{"damage":72,"enemies":"Collector","floor":33,"turns":6}],"seed_played":"-3751084914502727701","potions_obtained":[{"floor":1,"key":"Energy Potion"},{"floor":2,"key":"SneckoOil"},{"floor":12,"key":"GamblersBrew"},{"floor":13,"key":"Explosive Potion"},{"floor":16,"key":"Poison Potion"},{"floor":19,"key":"Strength Potion"},{"floor":27,"key":"Poison Potion"},{"floor":29,"key":"SkillPotion"}],"is_trial":false,"path_per_floor":["M","M","M","$","M","R","E","R","T","R","M","E","?","M","R","B",null,"M","M","$","M","?","R","M","M","T","M","M","M","R","M","R","B"],"character_chosen":"IRONCLAD","items_purchased":["Dramatic Entrance","Feel No Pain+1"],"campfire_rested":4,"item_purchase_floors":[4,20],"current_hp_per_floor":[77,82,82,82,73,73,38,38,38,62,59,55,55,64,64,14,80,72,79,79,63,21,53,48,47,47,29,26,19,54,36,71,0],"gold":180,"neow_bonus":"TEN_PERCENT_HP_BONUS","is_prod":false,"is_daily":false,"chose_seed":false,"campfire_upgraded":3,"win_rate":0,"timestamp":1555698009,"path_taken":["M","M","M","$","M","R","E","R","T","R","M","E","?","M","R","BOSS","M","M","?","M","?","R","?","M","T","M","M","M","R","M","R","BOSS"],"build_version":"2019-01-23","purchased_purges":1,"victory":false,"max_hp_per_floor":[82,82,82,82,82,82,82,82,82,82,82,96,96,99,99,102,102,105,108,108,108,108,108,111,114,114,114,117,117,117,117,117,117],"card_choices":[{"not_picked":["Sever Soul","Thunderclap"],"picked":"Twin Strike","floor":1},{"not_picked":["Dropkick","Anger"],"picked":"Rampage","floor":2},{"not_picked":["Anger","Combust"],"picked":"Clothesline","floor":3},{"not_picked":["Clash","Rage"],"picked":"Intimidate","floor":5},{"not_picked":["Shockwave","Havoc"],"picked":"Limit Break","floor":7},{"not_picked":["Iron Wave","Power Through"],"picked":"Shockwave","floor":11},{"not_picked":["Bludgeon","Thunderclap"],"picked":"Feed","floor":12},{"not_picked":["Perfected Strike","Clothesline"],"picked":"Flame Barrier","floor":14},{"not_picked":["Brutality+1","Exhume"],"picked":"Offering","floor":16},{"not_picked":["Wild Strike","Thunderclap"],"picked":"Burning Pact","floor":18},{"not_picked":["True Grit","Wild Strike+1"],"picked":"Flame Barrier","floor":19},{"not_picked":["Wild Strike","Clash"],"picked":"Second Wind","floor":21},{"not_picked":["Flame Barrier","Thunderclap"],"picked":"Iron Wave","floor":24},{"not_picked":["Headbutt","Anger"],"picked":"Cleave","floor":25},{"not_picked":["Headbutt+1","Exhume"],"picked":"True Grit+1","floor":27},{"not_picked":["Headbutt","Combust+1"],"picked":"Seeing Red","floor":28},{"not_picked":["Armaments","Sever Soul"],"picked":"Carnage","floor":29},{"not_picked":["Wild Strike","Bloodletting"],"picked":"Reckless Charge+1","floor":31}],"player_experience":463062,"relics_obtained":[{"floor":7,"key":"Art of War"},{"floor":9,"key":"Frozen Egg 2"},{"floor":12,"key":"Mango"},{"floor":26,"key":"Lantern"}],"event_choices":[{"damage_healed":0,"gold_gain":0,"player_choice":"Bought 2 Potions","damage_taken":0,"max_hp_gain":0,"max_hp_loss":0,"event_name":"The Woman in Blue","floor":13,"gold_loss":0},{"damage_healed":0,"gold_gain":0,"player_choice":"Fight","damage_taken":0,"max_hp_gain":0,"max_hp_loss":0,"event_name":"Colosseum","floor":22,"gold_loss":0},{"damage_healed":0,"gold_gain":0,"player_choice":"Fled From Nobs","damage_taken":0,"max_hp_gain":0,"max_hp_loss":0,"event_name":"Colosseum","floor":22,"gold_loss":0}],"is_beta":false,"boss_relics":[{"not_picked":["Orrery","Lizard Tail"],"picked":"Fusion Hammer"}],"items_purged_floors":[20],"is_endless":false,"potions_floor_spawned":[1,2,12,16,19,21,22,27,29],"killed_by":"Collector","ascension_level":16}