{"gold_per_floor":[112,131,281,206,6,31,31,57,106,118,145,157,181,225,237,322,334,363,388,420,432],"floor_reached":21,"playtime":684,"items_purged":[],"score":348,"play_id":"db503a2d-27d2-406e-a37d-176e6e79e056","local_time":"20190503183209","is_ascension_mode":true,"campfire_choices":[{"floor":7,"key":"REST"},{"data":"Die Die Die","floor":10,"key":"SMITH"},{"data":"Noxious Fumes","floor":15,"key":"SMITH"}],"neow_cost":"NONE","seed_source_timestamp":1754090985008203,"circlet_count":0,"master_deck":["AscendersBane","Defend_G","Defend_G","Defend_G","Defend_G","Defend_G","Strike_G","Strike_G","Strike_G","Strike_G","Strike_G","Survivor","Neutralize+1","Poisoned Stab","Noxious Fumes+1","Flying Knee","Die Die Die+1","Poisoned Stab","Corpse Explosion","Poisoned Stab"],"relics":["Ring of the Snake","PreservedInsect","Juzu Bracelet","Boot","MawBank","Oddly Smooth Stone","White Beast Statue"],"potions_floor_usage":[6,8,16,16,19,20],"damage_taken":[{"damage":0,"enemies":"Cultist","floor":1,"turns":4},{"damage":1,"enemies":"2 Louse","floor":2,"turns":3},{"damage":19,"enemies":"3 Sentries","floor":6,"turns":8},{"damage":15,"enemies":"Lagavulin","floor":8,"turns":5},{"damage":2,"enemies":"Jaw Worm","floor":11,"turns":4},{"damage":1,"enemies":"Blue Slaver","floor":13,"turns":4},{"damage":12,"enemies":"Gremlin Nob","floor":14,"turns":3},{"damage":12,"enemies":"Slime Boss","floor":16,"turns":9},{"damage":6,"enemies":"3 Byrds","floor":18,"turns":3},{"damage":22,"enemies":"2 Thieves","floor":19,"turns":2},{"damage":20,"enemies":"Sentry and Sphere","floor":20,"turns":4},{"damage":9,"enemies":"Centurion and Healer","floor":21,"turns":2}],"seed_played":"-6085307779230807384","potions_obtained":[{"floor":2,"key":"SpeedPotion"},{"floor":6,"key":"Ancient Potion"},{"floor":11,"key":"Strength Potion"},{"floor":14,"key":"EssenceOfSteel"},{"floor":18,"key":"AttackPotion"},{"floor":19,"key":"EssenceOfSteel"},{"floor":20,"key":"Explosive Potion"}],"is_trial":false,"path_per_floor":["M","M","?","?","$","E","R","E","T","R","M","$","M","E","R","B",null,"M","M","M","M"],"character_chosen":"THE_SILENT","items_purchased":["PreservedInsect","Poison Potion"],"campfire_rested":1,"item_purchase_floors":[5,5],"current_hp_per_floor":[59,58,58,58,58,39,58,43,43,43,41,41,40,28,28,16,54,48,26,6,0],"gold":432,"neow_bonus":"UPGRADE_CARD","is_prod":false,"is_daily":false,"chose_seed":false,"campfire_upgraded":2,"win_rate":0,"timestamp":1556933529,"path_taken":["M","M","?","?","?","E","R","E","T","R","M","?","M","E","R","BOSS","M","M","M","M"],"build_version":"2019-01-23","purchased_purges":0,"victory":false,"max_hp_per_floor":[66,66,66,66,66,66,66,66,66,66,66,66,66,66,66,66,66,66,66,66,66],"card_choices":[{"not_picked":["Sucker Punch","Dodge and Roll"],"picked":"Poisoned Stab","floor":1},{"not_picked":["Blade Dance","Setup"],"picked":"Noxious Fumes","floor":2},{"not_picked":["Outmaneuver","Deflect"],"picked":"Flying Knee","floor":6},{"not_picked":["Expertise","Cloak And Dagger"],"picked":"Die Die Die","floor":8},{"not_picked":["Concentrate","Distraction","Underhanded Strike"],"picked":"SKIP","floor":11},{"not_picked":["Quick Slash","Concentrate","Setup"],"picked":"SKIP","floor":13},{"not_picked":["Deadly Poison","Infinite Blades"],"picked":"Poisoned Stab","floor":14},{"not_picked":["Phantasmal Killer","Grand Finale"],"picked":"Corpse Explosion","floor":16},{"not_picked":["Finisher","PiercingWail"],"picked":"Poisoned Stab","floor":18},{"not_picked":["Blade Dance","Endless Agony","Skewer"],"picked":"SKIP","floor":19},{"not_picked":["Underhanded Strike","Eviscerate+1","Acrobatics"],"picked":"SKIP","floor":20}],"player_experience":392919,"relics_obtained":[{"floor":6,"key":"Juzu Bracelet"},{"floor":8,"key":"Boot"},{"floor":9,"key":"MawBank"},{"floor":14,"key":"Oddly Smooth Stone"}],"event_choices":[{"damage_healed":0,"gold_gain":150,"player_choice":"AGREE","damage_taken":0,"max_hp_gain":0,"max_hp_loss":0,"event_name":"Liars Game","floor":3,"gold_loss":0,"cards_obtained":["Doubt"]},{"cards_removed":["Doubt"],"damage_healed":0,"gold_gain":0,"player_choice":"Card Removal","damage_taken":0,"max_hp_gain":0,"max_hp_loss":0,"event_name":"The Cleric","floor":4,"gold_loss":75}],"is_beta":false,"boss_relics":[{"not_picked":["HoveringKite","Tiny House"],"picked":"White Beast Statue"}],"items_purged_floors":[],"is_endless":false,"potions_floor_spawned":[2,6,11,14,18,19,20],"killed_by":"Centurion and Healer","ascension_level":15}