{"gold_per_floor":[113,38,38,49,10,10,43,43,43,55,55,55,86,100,100,100],"floor_reached":16,"playtime":495,"items_purged":["Defend_R"],"score":160,"play_id":"7d56781d-bab5-4a03-aece-2666b199122a","local_time":"20190405183207","is_ascension_mode":true,"campfire_choices":[{"data":"Fire Breathing","floor":6,"key":"SMITH"},{"data":"Inflame","floor":8,"key":"SMITH"},{"data":"Bash","floor":15,"key":"SMITH"}],"neow_cost":"NONE","seed_source_timestamp":32475806660885,"circlet_count":0,"master_deck":["Strike_R","Strike_R","Strike_R","Strike_R","Strike_R","Defend_R","Defend_R","Defend_R","Bash+1","Iron Wave","Inflame+1","Fire Breathing+1","Dropkick","Thunderclap","Injury","Pommel Strike","Reaper"],"relics":["Burning Blood","NeowsBlessing","CultistMask","Dream Catcher","Ice Cream","Potion Belt","Golden Idol","Blood Vial"],"potions_floor_usage":[16],"damage_taken":[{"damage":0,"enemies":"Jaw Worm","floor":1,"turns":1},{"damage":0,"enemies":"Cultist","floor":4,"turns":1},{"damage":0,"enemies":"Lagavulin","floor":7,"turns":2},{"damage":0,"enemies":"Small Slimes","floor":10,"turns":2},{"damage":25,"enemies":"3 Sentries","floor":13,"turns":6},{"damage":18,"enemies":"Exordium Thugs","floor":14,"turns":4},{"damage":55,"enemies":"The Guardian","floor":16,"turns":8}],"seed_played":"-8617219527713370227","potions_obtained":[{"floor":1,"key":"Strength Potion"},{"floor":7,"key":"SpeedPotion"}],"is_trial":false,"path_per_floor":["M","$","?","M","$","R","E","R","T","M","?","?","E","M","R","B"],"character_chosen":"IRONCLAD","items_purchased":["Fire Breathing"],"campfire_rested":0,"item_purchase_floors":[5],"current_hp_per_floor":[80,80,80,80,80,80,80,80,80,80,80,80,61,51,51,0],"gold":100,"neow_bonus":"THREE_ENEMY_KILL","is_prod":false,"is_daily":false,"chose_seed":false,"campfire_upgraded":3,"win_rate":0,"timestamp":1554481927,"path_taken":["M","$","?","?","$","R","E","R","T","M","?","?","E","M","R","BOSS"],"build_version":"2019-01-23","purchased_purges":1,"victory":false,"max_hp_per_floor":[80,80,80,80,80,80,80,80,80,80,80,80,80,80,80,80],"card_choices":[{"not_picked":["Sever Soul","Warcry"],"picked":"Iron Wave","floor":1},{"not_picked":["Headbutt","Feel No Pain"],"picked":"Inflame","floor":4},{"not_picked":["Second Wind","Twin Strike"],"picked":"Dropkick","floor":7},{"not_picked":["Heavy Blade","Twin Strike"],"picked":"Thunderclap","floor":10},{"not_picked":["Thunderclap","Metallicize"],"picked":"Pommel Strike","floor":13},{"not_picked":["Carnage","Power Through"],"picked":"Reaper","floor":14}],"player_experience":247363,"relics_obtained":[{"floor":7,"key":"Dream Catcher"},{"floor":9,"key":"Ice Cream"},{"floor":13,"key":"Blood Vial"}],"event_choices":[{"damage_healed":0,"gold_gain":0,"player_choice":"Trade","damage_taken":0,"relics_obtained":["CultistMask"],"max_hp_gain":0,"max_hp_loss":0,"event_name":"FaceTrader","floor":3,"gold_loss":0},{"damage_healed":0,"gold_gain":0,"player_choice":"Searched \u00272\u0027 times","damage_taken":0,"relics_obtained":["Potion Belt"],"max_hp_gain":0,"max_hp_loss":0,"event_name":"Dead Adventurer","floor":11,"gold_loss":0},{"damage_healed":0,"gold_gain":0,"player_choice":"Take Wound","damage_taken":0,"relics_obtained":["Golden Idol"],"max_hp_gain":0,"max_hp_loss":0,"event_name":"Golden Idol","floor":12,"gold_loss":0,"cards_obtained":["Injury"]}],"is_beta":false,"boss_relics":[],"items_purged_floors":[2],"is_endless":false,"potions_floor_spawned":[1,7],"killed_by":"The Guardian","ascension_level":4}