{"gold_per_floor":[114,189,139,155,117,117,117,147,174,205,224,224,258,269,269,365,365,378,395,445,460,476,476],"floor_reached":23,"playtime":753,"items_purged":[],"score":307,"play_id":"98594bf9-eb82-4ae3-8ec8-735f9eb2815d","local_time":"20190329190619","is_ascension_mode":true,"campfire_choices":[{"data":"Bash","floor":6,"key":"SMITH"},{"data":"Disarm","floor":15,"key":"SMITH"}],"neow_cost":"NONE","seed_source_timestamp":755447194643511,"circlet_count":0,"master_deck":["Strike_R","Strike_R","Strike_R","Strike_R","Defend_R","Defend_R","Defend_R","Defend_R","Bash+1","Headbutt","Reckless Charge","Body Slam","Disarm+1","Spot Weakness","Inflame","Whirlwind","Impervious","Hemokinesis+1","True Grit","Carnage+1"],"relics":["Burning Blood","NeowsBlessing","Shuriken","Bag of Preparation","Lantern","Mummified Hand","Runic Pyramid"],"potions_floor_usage":[10,23],"damage_taken":[{"damage":0,"enemies":"2 Louse","floor":1,"turns":1},{"damage":0,"enemies":"Jaw Worm","floor":4,"turns":1},{"damage":0,"enemies":"Lagavulin","floor":8,"turns":1},{"damage":20,"enemies":"Gremlin Nob","floor":10,"turns":4},{"damage":0,"enemies":"Cultist","floor":11,"turns":2},{"damage":20,"enemies":"3 Sentries","floor":13,"turns":5},{"damage":0,"enemies":"Large Slime","floor":14,"turns":3},{"damage":23,"enemies":"The Guardian","floor":16,"turns":10},{"damage":8,"enemies":"Shell Parasite","floor":18,"turns":5},{"damage":0,"enemies":"Chosen","floor":19,"turns":3},{"damage":17,"enemies":"Snecko","floor":21,"turns":3},{"damage":37,"enemies":"Shelled Parasite and Fungi","floor":22,"turns":6},{"damage":34,"enemies":"Slavers","floor":23,"turns":1}],"seed_played":"81260179570176972","potions_obtained":[{"floor":1,"key":"Block Potion"},{"floor":4,"key":"EssenceOfSteel"},{"floor":16,"key":"SpeedPotion"},{"floor":21,"key":"LiquidBronze"}],"is_trial":false,"path_per_floor":["M","?","?","M","$","R","?","E","T","E","M","?","E","M","R","B",null,"M","M","?","M","M","E"],"character_chosen":"IRONCLAD","items_purchased":["Reckless Charge"],"campfire_rested":0,"item_purchase_floors":[5],"current_hp_per_floor":[78,67,67,73,73,73,80,80,80,66,72,72,58,64,64,47,72,70,76,76,65,34,0],"gold":476,"neow_bonus":"THREE_ENEMY_KILL","is_prod":false,"is_daily":false,"chose_seed":false,"campfire_upgraded":2,"win_rate":0,"timestamp":1553911579,"path_taken":["M","?","?","M","$","R","?","E","T","E","?","?","E","M","R","BOSS","M","M","?","M","M","E"],"build_version":"2019-01-23","purchased_purges":0,"victory":false,"max_hp_per_floor":[80,80,80,80,80,80,80,80,80,80,80,80,80,80,80,80,80,80,80,80,80,80,80],"card_choices":[{"not_picked":["Power Through","Armaments"],"picked":"Combust","floor":1},{"not_picked":["Perfected Strike","Pommel Strike"],"picked":"Headbutt","floor":4},{"not_picked":["Ghostly Armor","Wild Strike"],"picked":"Body Slam","floor":8},{"not_picked":["Fire Breathing","Clothesline"],"picked":"Disarm","floor":10},{"not_picked":["Clothesline","Anger"],"picked":"Spot Weakness","floor":11},{"not_picked":["Iron Wave","Berserk"],"picked":"Inflame","floor":13},{"not_picked":["Power Through","Clash"],"picked":"Whirlwind","floor":14},{"not_picked":["Berserk","Bludgeon"],"picked":"Impervious","floor":16},{"not_picked":["Dual Wield","Anger+1"],"picked":"Hemokinesis+1","floor":18},{"not_picked":["Body Slam","Clothesline"],"picked":"True Grit","floor":19},{"not_picked":["Battle Trance","Anger"],"picked":"Carnage+1","floor":21},{"not_picked":["Clash","Rupture+1","Twin Strike"],"picked":"SKIP","floor":22}],"player_experience":94341,"relics_obtained":[{"floor":8,"key":"Shuriken"},{"floor":9,"key":"Bag of Preparation"},{"floor":10,"key":"Lantern"},{"floor":13,"key":"Mummified Hand"}],"event_choices":[{"damage_healed":0,"gold_gain":75,"player_choice":"Gather Gold","damage_taken":11,"max_hp_gain":0,"max_hp_loss":0,"event_name":"World of Goop","floor":2,"gold_loss":0},{"cards_removed":["Strike_R"],"damage_healed":0,"gold_gain":0,"player_choice":"Card Removal","damage_taken":0,"max_hp_gain":0,"max_hp_loss":0,"event_name":"The Cleric","floor":3,"gold_loss":50},{"cards_removed":["Combust"],"damage_healed":7,"gold_gain":0,"player_choice":"Offered Uncommon","damage_taken":0,"max_hp_gain":0,"max_hp_loss":0,"event_name":"Bonfire Elementals","floor":7,"gold_loss":0},{"damage_healed":0,"gold_gain":0,"player_choice":"Ignored","damage_taken":0,"max_hp_gain":0,"max_hp_loss":0,"event_name":"Liars Game","floor":12,"gold_loss":0},{"damage_healed":0,"gold_gain":100,"player_choice":"Bet on Murderer","damage_taken":0,"max_hp_gain":0,"max_hp_loss":0,"event_name":"The Joust","floor":20,"gold_loss":50}],"is_beta":false,"boss_relics":[{"not_picked":["Eternal Feather","Philosopher\u0027s Stone"],"picked":"Runic Pyramid"}],"items_purged_floors":[],"is_endless":false,"potions_floor_spawned":[1,4,16,21],"killed_by":"Slavers","ascension_level":6}