{"gold_per_floor":[109,109,123,136,146,180,180,213,213,233,263,275,275,275,275,405,405,419,419,419,419,80,113,126,153,221,241,270,270,195,213,213,309,309,325,325,339,391,391,420,433,433,456,456,490,490,517,149,149,149],"floor_reached":51,"playtime":3223,"items_purged":["Strike_R","Clumsy"],"score":1421,"play_id":"148e9fd3-03e3-41b7-9919-c6b6f6d0c2f8","local_time":"20190417132230","is_ascension_mode":true,"campfire_choices":[{"data":"Combust","floor":7.0,"key":"SMITH"},{"floor":15.0,"key":"REST"},{"data":"Armaments","floor":29.0,"key":"SMITH"},{"floor":32.0,"key":"REST"},{"floor":42.0,"key":"REST"},{"data":"Rupture","floor":44.0,"key":"SMITH"},{"floor":46,"key":"REST"},{"data":"Rupture","floor":49,"key":"SMITH"}],"neow_cost":"NONE","seed_source_timestamp":0,"circlet_count":0,"master_deck":["AscendersBane","Strike_R","Strike_R","Defend_R","Defend_R+1","Defend_R+1","Defend_R","Bash","Clothesline","Uppercut","Combust+1","Anger","Cleave","Inflame","Armaments+1","Immolate","Demon Form","Iron Wave+1","Combust+1","Metallicize","Pommel Strike+1","Offering","True Grit+1","True Grit+1","Feed","Disarm+1","Rupture+1","Disarm+1","Havoc+1","Inflame+1","Warcry+1","Brutality","Fire Breathing","Evolve","Metallicize","Rupture+1"],"special_seed":0,"relics":["Burning Blood","PreservedInsect","Mummified Hand","Unceasing Top","Darkstone Periapt","Kunai","Bronze Scales","The Courier","Bloody Idol","Cursed Key","Nilry\u0027s Codex","DollysMirror","Potion Belt","Strawberry","Happy Flower","Meat on the Bone","Black Star","Girya","Centennial Puzzle","War Paint","Anchor","Peace Pipe","Lantern","Pen Nib","Vajra"],"potions_floor_usage":[],"damage_taken":[{"damage":6.0,"enemies":"2 Louse","floor":1.0,"turns":4.0},{"damage":7.0,"enemies":"Jaw Worm","floor":3.0,"turns":3.0},{"damage":0.0,"enemies":"Small Slimes","floor":4.0,"turns":3.0},{"damage":7.0,"enemies":"Red Slaver","floor":5.0,"turns":4.0},{"damage":3.0,"enemies":"Gremlin Nob","floor":6.0,"turns":3.0},{"damage":28.0,"enemies":"Lagavulin","floor":8.0,"turns":4.0},{"damage":6.0,"enemies":"Gremlin Gang","floor":10.0,"turns":4.0},{"damage":20.0,"enemies":"3 Sentries","floor":11.0,"turns":4.0},{"damage":6.0,"enemies":"Blue Slaver","floor":12.0,"turns":3.0},{"damage":33.0,"enemies":"Slime Boss","floor":16.0,"turns":7.0},{"damage":21.0,"enemies":"Spheric Guardian","floor":18.0,"turns":4.0},{"damage":16.0,"enemies":"Book of Stabbing","floor":23.0,"turns":4.0},{"damage":5.0,"enemies":"Shell Parasite","floor":24.0,"turns":3.0},{"damage":27.0,"enemies":"Slavers","floor":25.0,"turns":2.0},{"damage":11.0,"enemies":"Cultist and Chosen","floor":27.0,"turns":3.0},{"damage":15.0,"enemies":"Gremlin Leader","floor":28.0,"turns":5.0},{"damage":7.0,"enemies":"3 Cultists","floor":31.0,"turns":3.0},{"damage":15.0,"enemies":"Champ","floor":33.0,"turns":9.0},{"damage":7.0,"enemies":"3 Shapes","floor":35.0,"turns":10.0},{"damage":26.0,"enemies":"3 Darklings","floor":37.0,"turns":7.0},{"damage":64.0,"enemies":"2 Orb Walkers","floor":38.0,"turns":4.0},{"damage":41.0,"enemies":"Nemesis","floor":40.0,"turns":7.0},{"damage":41.0,"enemies":"Jaw Worm Horde","floor":41.0,"turns":4.0},{"damage":45.0,"enemies":"Giant Head","floor":45.0,"turns":7.0},{"damage":16,"enemies":"Nemesis","floor":47,"turns":7},{"damage":66,"enemies":"Time Eater","floor":50,"turns":9}],"seed_played":"2797031473272881199","potions_obtained":[{"floor":1.0,"key":"BloodPotion"},{"floor":8.0,"key":"SteroidPotion"},{"floor":10.0,"key":"Regen Potion"},{"floor":11.0,"key":"BloodPotion"},{"floor":24.0,"key":"Poison Potion"},{"floor":33.0,"key":"FearPotion"},{"floor":35.0,"key":"SkillPotion"},{"floor":37.0,"key":"Strength Potion"},{"floor":40.0,"key":"EssenceOfSteel"},{"floor":45.0,"key":"AttackPotion"}],"is_trial":false,"path_per_floor":["M","?","M","M","M","E","R","E","T","M","E","M","?","?","R","B",null,"M","?","?","?","$","E","M","E","T","M","E","R","?","M","R","B",null,"M","?","M","?","?","E","M","R","T","R","E","R","E","$","R","B",null],"character_chosen":"IRONCLAD","items_purchased":["DollysMirror","Potion Belt","Brutality","Fire Breathing","Evolve","Metallicize","Rupture"],"campfire_rested":4,"item_purchase_floors":[22,22,48,48,48,48,48],"current_hp_per_floor":[72,54,53,59,58,61,61,39,39,39,39,39,39,19,43,16,64,49,33,33,33,33,35,41,25,36,36,32,32,32,48,75,71,88,95,95,83,42,42,33,28,58,69,69,47,79,74,74,74,26],"gold":149,"neow_bonus":"RANDOM_COMMON_RELIC","is_prod":false,"is_daily":false,"chose_seed":false,"campfire_upgraded":4,"win_rate":0,"timestamp":1555532550,"path_taken":["M","?","M","M","M","E","R","E","T","M","E","M","?","?","R","BOSS","M","?","?","?","$","E","?","E","T","?","E","R","?","M","R","BOSS","M","?","M","?","?","E","M","R","T","R","E","R","E","$","R","BOSS"],"build_version":"2019-01-23","purchased_purges":2,"victory":true,"max_hp_per_floor":[80,80,80,80,80,80,80,80,80,80,80,80,80,80,80,80,80,80,80,80,80,80,87,87,87,93,93,93,93,93,93,93,93,93,96,96,99,99,99,99,103,103,109,109,109,109,109,109,109,109],"card_choices":[{"not_picked":["Reckless Charge","Armaments"],"picked":"Clothesline","floor":1.0},{"not_picked":["Wild Strike","Seeing Red"],"picked":"Uppercut","floor":3.0},{"not_picked":["Infernal Blade","Rupture"],"picked":"Combust","floor":4.0},{"not_picked":["Heavy Blade","Iron Wave"],"picked":"Anger","floor":5.0},{"not_picked":["Flex","Limit Break"],"picked":"Cleave","floor":6.0},{"not_picked":["Intimidate","Shrug It Off"],"picked":"Inflame","floor":8.0},{"not_picked":["Body Slam","Sever Soul"],"picked":"Armaments","floor":10.0},{"not_picked":["Havoc","Body Slam","Pommel Strike"],"picked":"SKIP","floor":11.0},{"not_picked":["Body Slam","Blood for Blood"],"picked":"Immolate","floor":12.0},{"not_picked":["Juggernaut","Impervious"],"picked":"Demon Form","floor":16.0},{"not_picked":["Headbutt","Ghostly Armor+1"],"picked":"Iron Wave+1","floor":18.0},{"not_picked":["Sword Boomerang","Shrug It Off"],"picked":"Metallicize","floor":23.0},{"not_picked":["Clothesline","Wild Strike"],"picked":"Pommel Strike+1","floor":24.0},{"not_picked":["Entrench","Uppercut"],"picked":"Offering","floor":25.0},{"not_picked":["Body Slam","Whirlwind"],"picked":"True Grit+1","floor":27.0},{"not_picked":["Wild Strike","Havoc","Sword Boomerang"],"picked":"SKIP","floor":28.0},{"not_picked":["Heavy Blade","Evolve"],"picked":"True Grit+1","floor":31.0},{"not_picked":["Fiend Fire","Immolate"],"picked":"Feed","floor":33.0},{"not_picked":["Iron Wave","Thunderclap+1"],"picked":"Disarm+1","floor":35.0},{"not_picked":["Body Slam+1","Perfected Strike"],"picked":"Rupture","floor":37.0},{"not_picked":["Iron Wave+1","Blood for Blood+1"],"picked":"Disarm+1","floor":38.0},{"not_picked":["Ghostly Armor","Body Slam+1","Infernal Blade"],"picked":"SKIP","floor":40.0},{"not_picked":["Wild Strike+1","Sword Boomerang"],"picked":"Havoc+1","floor":41.0},{"not_picked":["Infernal Blade+1","Burning Pact"],"picked":"Inflame+1","floor":45.0},{"not_picked":["Sword Boomerang","Heavy Blade"],"picked":"Warcry+1","floor":47}],"player_experience":247654,"relics_obtained":[{"floor":6.0,"key":"Unceasing Top"},{"floor":8.0,"key":"Darkstone Periapt"},{"floor":9.0,"key":"Kunai"},{"floor":11.0,"key":"Bronze Scales"},{"floor":19.0,"key":"Nilry\u0027s Codex"},{"floor":23.0,"key":"Strawberry"},{"floor":25.0,"key":"Happy Flower"},{"floor":28.0,"key":"Meat on the Bone"},{"floor":38.0,"key":"Girya"},{"floor":40.0,"key":"Centennial Puzzle"},{"floor":40.0,"key":"War Paint"},{"floor":43.0,"key":"Anchor"},{"floor":45.0,"key":"Peace Pipe"},{"floor":45.0,"key":"Lantern"},{"floor":47,"key":"Pen Nib"},{"floor":47,"key":"Vajra"}],"event_choices":[{"damage_healed":0.0,"max_hp_gain":0.0,"max_hp_loss":0.0,"gold_gain":0.0,"event_name":"Scrap Ooze","player_choice":"Success","floor":2.0,"gold_loss":0.0,"damage_taken":18.0,"relics_obtained":["Mummified Hand"]},{"damage_healed":0.0,"max_hp_gain":0.0,"max_hp_loss":0.0,"gold_gain":0.0,"event_name":"Dead Adventurer","player_choice":"Searched \u00271\u0027 times","floor":13.0,"gold_loss":0.0,"damage_taken":0.0,"relics_obtained":["The Courier"]},{"damage_healed":0.0,"max_hp_gain":0.0,"max_hp_loss":0.0,"gold_gain":0.0,"event_name":"Golden Idol","player_choice":"Take Damage","floor":14.0,"gold_loss":0.0,"damage_taken":20.0,"relics_obtained":["Golden Idol"]},{"damage_healed":0.0,"max_hp_gain":0.0,"max_hp_loss":0.0,"gold_gain":0.0,"event_name":"Cursed Tome","player_choice":"Obtained Book","floor":19.0,"gold_loss":0.0,"damage_taken":16.0},{"damage_healed":0.0,"max_hp_gain":0.0,"max_hp_loss":0.0,"gold_gain":0.0,"event_name":"Forgotten Altar","player_choice":"Gave Idol","floor":20.0,"relics_lost":["Golden Idol"],"gold_loss":0.0,"damage_taken":0.0,"relics_obtained":["Bloody Idol"]},{"cards_removed":["Strike_R"],"damage_healed":0.0,"max_hp_gain":0.0,"max_hp_loss":0.0,"gold_gain":0.0,"event_name":"Bonfire Elementals","player_choice":"Offered Basic","floor":21.0,"gold_loss":0.0,"damage_taken":0.0},{"cards_removed":["Regret"],"damage_healed":0.0,"max_hp_gain":0.0,"max_hp_loss":0.0,"gold_gain":0.0,"event_name":"Beggar","player_choice":"Gave Gold","floor":30.0,"gold_loss":75.0,"damage_taken":0.0},{"damage_healed":0.0,"max_hp_gain":0.0,"max_hp_loss":0.0,"gold_gain":0.0,"event_name":"Tomb of Lord Red Mask","player_choice":"Ignored","floor":36.0,"gold_loss":0.0,"damage_taken":0.0},{"damage_healed":0.0,"max_hp_gain":0.0,"max_hp_loss":0.0,"gold_gain":0.0,"event_name":"Mysterious Sphere","player_choice":"Fight","floor":38.0,"gold_loss":0.0,"damage_taken":0.0},{"cards_removed":["Strike_R"],"damage_healed":0.0,"max_hp_gain":0.0,"max_hp_loss":0.0,"gold_gain":0.0,"event_name":"Purifier","player_choice":"Purged","floor":39.0,"gold_loss":0.0,"damage_taken":0.0}],"is_beta":false,"boss_relics":[{"not_picked":["Runic Dome","Runic Pyramid"],"picked":"Cursed Key"},{"not_picked":["Black Blood","Mark of Pain"],"picked":"Black Star"}],"items_purged_floors":[22,48],"is_endless":false,"potions_floor_spawned":[1,8,10,11,16,24,33,35,37,40,45],"ascension_level":11}