{"gold_per_floor":[117,131,231,248,248,248,248,248,248,275,287,33,45,65,65,163,163,175,175,206,229,241,253,265],"floor_reached":24,"playtime":1606,"items_purged":[],"score":287,"play_id":"f8040e02-ce33-4fbf-969c-7c3abccebae4","local_time":"20190503164823","is_ascension_mode":true,"campfire_choices":[{"data":"Predator","floor":6,"key":"SMITH"},{"data":"Well Laid Plans","floor":15,"key":"SMITH"},{"data":"Catalyst","floor":23,"key":"SMITH"}],"neow_cost":"NONE","seed_source_timestamp":1295261529108900,"circlet_count":0,"master_deck":["Defend_G","Defend_G","Defend_G","Defend_G","Defend_G","Strike_G","Strike_G","Strike_G","Strike_G","Strike_G","Survivor","Neutralize+1","Poisoned Stab+1","Predator+1","Parasite","Die Die Die","Deadly Poison","Well Laid Plans+1","Deadly Poison","Slice","Flying Knee","After Image","Catalyst+1","Footwork"],"relics":["Ring of the Snake","Meat on the Bone","Bottled Flame","Snake Skull","Busted Crown","MawBank"],"potions_floor_usage":[16,24],"damage_taken":[{"damage":0,"enemies":"2 Louse","floor":1,"turns":4},{"damage":2,"enemies":"Cultist","floor":2,"turns":4},{"damage":4,"enemies":"Jaw Worm","floor":4,"turns":3},{"damage":22,"enemies":"Gremlin Nob","floor":10,"turns":4},{"damage":3,"enemies":"Looter","floor":11,"turns":2},{"damage":5,"enemies":"Red Slaver","floor":13,"turns":3},{"damage":8,"enemies":"Blue Slaver","floor":14,"turns":3},{"damage":30,"enemies":"Hexaghost","floor":16,"turns":6},{"damage":6,"enemies":"Spheric Guardian","floor":18,"turns":4},{"damage":6,"enemies":"Shell Parasite","floor":20,"turns":4},{"damage":43,"enemies":"Cultist and Chosen","floor":21,"turns":7},{"damage":41,"enemies":"Gremlin Leader","floor":24,"turns":7}],"seed_played":"-1363408223745680177","potions_obtained":[{"floor":4,"key":"Ancient Potion"},{"floor":8,"key":"FairyPotion"},{"floor":8,"key":"Explosive Potion"},{"floor":13,"key":"Dexterity Potion"},{"floor":14,"key":"PowerPotion"}],"is_trial":false,"path_per_floor":["?","M","?","?","?","T","?"],"character_chosen":"THE_SILENT","items_purchased":["Snake Skull","Well Laid Plans","Deadly Poison"],"campfire_rested":0,"item_purchase_floors":[12,12,12],"current_hp_per_floor":[63,61,61,57,57,57,70,70,70,48,45,45,40,44,44,26,59,53,53,47,16,39,39,0],"gold":265,"neow_bonus":"UPGRADE_CARD","is_prod":false,"is_daily":false,"chose_seed":false,"campfire_upgraded":3,"win_rate":0,"timestamp":1556923703,"path_taken":["M","M","?","?","?","R","?","?","T","E","M","$","M","M","R","BOSS","M","?","M","M","?","R","E"],"build_version":"2019-01-23","purchased_purges":0,"victory":false,"max_hp_per_floor":[70,70,70,70,70,70,70,70,70,70,70,70,70,70,70,70,70,70,70,70,70,70,70,70],"card_choices":[{"not_picked":["Prepared","Blade Dance"],"picked":"Poisoned Stab","floor":1},{"not_picked":["Cloak And Dagger","Deflect"],"picked":"Predator","floor":2},{"not_picked":["Outmaneuver","Bane","Tactician"],"picked":"SKIP","floor":4},{"not_picked":["Outmaneuver","Reflex"],"picked":"Die Die Die","floor":10},{"not_picked":["Acrobatics","Underhanded Strike"],"picked":"Deadly Poison","floor":11},{"not_picked":["Acrobatics","Cloak And Dagger"],"picked":"Slice","floor":13},{"not_picked":["Quick Slash","Prepared"],"picked":"Flying Knee","floor":14},{"not_picked":["Phantasmal Killer","Unload"],"picked":"After Image","floor":16},{"not_picked":[],"picked":"Catalyst","floor":18},{"not_picked":["Flying Knee"],"picked":"SKIP","floor":20},{"not_picked":[],"picked":"Footwork","floor":21}],"player_experience":648106,"relics_obtained":[{"floor":9,"key":"Meat on the Bone"},{"floor":10,"key":"Bottled Flame"},{"floor":19,"key":"MawBank"}],"event_choices":[{"damage_healed":0,"gold_gain":100,"player_choice":"Pray","damage_taken":0,"max_hp_gain":0,"max_hp_loss":0,"event_name":"Golden Shrine","floor":3,"gold_loss":0},{"damage_healed":0,"gold_gain":0,"player_choice":"Grow","damage_taken":0,"max_hp_gain":0,"max_hp_loss":0,"event_name":"Living Wall","floor":5,"gold_loss":0,"cards_upgraded":["Poisoned Stab"]},{"damage_healed":17,"gold_gain":0,"player_choice":"Healed and dodged fight","damage_taken":0,"max_hp_gain":0,"max_hp_loss":0,"event_name":"Mushrooms","floor":7,"gold_loss":0,"cards_obtained":["Parasite"]},{"damage_healed":0,"gold_gain":0,"player_choice":"Got Potions","damage_taken":0,"max_hp_gain":0,"max_hp_loss":0,"event_name":"Lab","floor":8,"gold_loss":0},{"damage_healed":23,"gold_gain":0,"player_choice":"Heal","damage_taken":0,"max_hp_gain":0,"max_hp_loss":0,"event_name":"The Library","floor":22,"gold_loss":0}],"is_beta":false,"boss_relics":[{"not_picked":["Astrolabe","Ectoplasm"],"picked":"Busted Crown"}],"items_purged_floors":[],"is_endless":false,"potions_floor_spawned":[4,11,13,14],"killed_by":"Gremlin Leader","ascension_level":9}