{"gold_per_floor":[116,116,291,308,2,2,2,13,13,0,32,42,55,85,85,85],"floor_reached":16,"playtime":514,"items_purged":[],"score":121,"play_id":"447159e3-af3a-4f96-b613-92dbd87af985","local_time":"20190329071926","is_ascension_mode":true,"campfire_choices":[{"data":"Secret Weapon","floor":6,"key":"SMITH"},{"floor":15,"key":"REST"}],"neow_cost":"NONE","seed_source_timestamp":896163204580720,"circlet_count":0,"master_deck":["Strike_B","Strike_B","Strike_B","Strike_B","Defend_B","Defend_B","Defend_B","Defend_B","Zap","Dualcast","Lockon","Doubt","Ball Lightning","Static Discharge+1","Secret Weapon+1","Sweeping Beam","Conserve Battery","Reinforced Body","Auto Shields","Reboot"],"relics":["Cracked Core","NeowsBlessing","Incense Burner","Art of War","Anchor"],"potions_floor_usage":[11,13,14,16],"damage_taken":[{"damage":0,"enemies":"Jaw Worm","floor":1,"turns":1},{"damage":0,"enemies":"2 Louse","floor":4,"turns":1},{"damage":0,"enemies":"Small Slimes","floor":8,"turns":1},{"damage":27,"enemies":"3 Sentries","floor":11,"turns":3},{"damage":14,"enemies":"Blue Slaver","floor":12,"turns":3},{"damage":23,"enemies":"Gremlin Gang","floor":13,"turns":4},{"damage":8,"enemies":"Lagavulin","floor":14,"turns":7},{"damage":40,"enemies":"Slime Boss","floor":16,"turns":9}],"seed_played":"-4744845761253999900","potions_obtained":[{"floor":12,"key":"FearPotion"},{"floor":13,"key":"EssenceOfSteel"},{"floor":14,"key":"PowerPotion"}],"is_trial":false,"path_per_floor":["M","?","?","M","$","R","?","M","T","?","E","M","M","E","R","B"],"character_chosen":"DEFECT","items_purchased":["Static Discharge","Secret Weapon","Fire Potion"],"campfire_rested":1,"item_purchase_floors":[5,5,5],"current_hp_per_floor":[75,80,80,80,80,80,80,80,80,80,53,39,16,8,32,0],"gold":85,"neow_bonus":"THREE_ENEMY_KILL","is_prod":false,"is_daily":false,"chose_seed":false,"campfire_upgraded":1,"win_rate":0,"timestamp":1553869166,"path_taken":["M","?","?","M","$","R","?","M","T","?","E","?","M","E","R","BOSS"],"build_version":"2019-01-23","purchased_purges":0,"victory":false,"max_hp_per_floor":[75,80,80,80,80,80,80,80,80,80,80,80,80,80,80,80],"card_choices":[{"not_picked":["Sweeping Beam","Compile Driver"],"picked":"Lockon","floor":1},{"not_picked":["Go for the Eyes","Steam Power"],"picked":"Ball Lightning","floor":4},{"not_picked":["Coolheaded","Steam"],"picked":"Sweeping Beam","floor":8},{"not_picked":["Beam Cell","Gash"],"picked":"Conserve Battery","floor":11},{"not_picked":["Machine Learning","Hologram"],"picked":"Reinforced Body","floor":12},{"not_picked":["Stack","Rebound"],"picked":"Auto Shields","floor":13},{"not_picked":["Sweeping Beam","Rip and Tear"],"picked":"Reboot","floor":14}],"player_experience":378081,"relics_obtained":[{"floor":9,"key":"Incense Burner"},{"floor":11,"key":"Art of War"},{"floor":14,"key":"Anchor"}],"event_choices":[{"damage_healed":0,"gold_gain":0,"player_choice":"Donut","damage_taken":0,"max_hp_gain":5,"max_hp_loss":0,"event_name":"Big Fish","floor":2,"gold_loss":0},{"damage_healed":0,"gold_gain":175,"player_choice":"AGREE","damage_taken":0,"max_hp_gain":0,"max_hp_loss":0,"event_name":"Liars Game","floor":3,"gold_loss":0,"cards_obtained":["Doubt"]},{"damage_healed":0,"gold_gain":0,"player_choice":"Grow","damage_taken":0,"max_hp_gain":0,"max_hp_loss":0,"event_name":"Living Wall","floor":7,"gold_loss":0,"cards_upgraded":["Static Discharge"]},{"damage_healed":0,"gold_gain":0,"player_choice":"Left Gold","damage_taken":0,"max_hp_gain":0,"max_hp_loss":0,"event_name":"World of Goop","floor":10,"gold_loss":13}],"is_beta":false,"boss_relics":[],"items_purged_floors":[],"is_endless":false,"potions_floor_spawned":[12,13,14],"killed_by":"Slime Boss","ascension_level":2}