{"gold_per_floor":[116,130,142,152,169,200,219,219,219,46,58,73,90,107,107,205,205,221,232,232,249,266,296,308,5,5,22,40,53,64,89,89,184,184,195,208,131,147,158,158,188,288,288,198,230,241,266,286,286,286],"floor_reached":51,"playtime":9222,"items_purged":["Defend_R"],"score":820,"play_id":"9d68f3f1-f423-42ab-a0fe-e1612a5a3ef4","local_time":"20190406141926","is_ascension_mode":false,"campfire_choices":[{"data":"1","floor":8,"key":"LIFT"},{"data":"2","floor":15,"key":"LIFT"},{"data":"3","floor":32,"key":"LIFT"},{"floor":40,"key":"REST"},{"floor":49,"key":"REST"}],"neow_cost":"PERCENT_DAMAGE","seed_source_timestamp":1304385364478500,"circlet_count":0,"master_deck":["Strike_R","Strike_R","Strike_R","Strike_R","Strike_R","Defend_R","Defend_R","Defend_R","Bash","Inflame","Thunderclap","Iron Wave","Iron Wave","Shrug It Off","Brutality","Wild Strike","Anger","Twin Strike","Blood for Blood","Disarm","Anger","Reaper","Wild Strike+1","Flex+1","Necronomicurse","Battle Trance+1","Shrug It Off+1","Rage+1","Heavy Blade","Apotheosis+1","Iron Wave","Battle Trance","Battle Trance","Intimidate","Whirlwind","Heavy Blade+1","Pommel Strike","Demon Form","Sword Boomerang+1","Wild Strike","Rupture","Reckless Charge+1","Clothesline+1","Combust+1","Warcry+1","Rage+1","Clash","Infernal Blade","Shockwave"],"relics":["Burning Blood","Girya","Regal Pillow","Dodecahedron","Fusion Hammer","Necronomicon","Pen Nib","Red Skull","Happy Flower","Runic Dome","Champion Belt","Turnip","Letter Opener","Sundial","Ornamental Fan"],"potions_floor_usage":[7,16,22,22,31,33,33,33,36,38],"damage_taken":[{"damage":1,"enemies":"Cultist","floor":1,"turns":3},{"damage":1,"enemies":"Small Slimes","floor":2,"turns":4},{"damage":0,"enemies":"2 Louse","floor":3,"turns":2},{"damage":0,"enemies":"Large Slime","floor":4,"turns":4},{"damage":10,"enemies":"Red Slaver","floor":5,"turns":4},{"damage":17,"enemies":"Gremlin Nob","floor":6,"turns":4},{"damage":29,"enemies":"Exordium Thugs","floor":7,"turns":6},{"damage":11,"enemies":"3 Louse","floor":11,"turns":3},{"damage":0,"enemies":"Exordium Wildlife","floor":12,"turns":2},{"damage":11,"enemies":"Lots of Slimes","floor":13,"turns":2},{"damage":11,"enemies":"Exordium Thugs","floor":14,"turns":5},{"damage":10,"enemies":"Slime Boss","floor":16,"turns":8},{"damage":19,"enemies":"Spheric Guardian","floor":18,"turns":4},{"damage":23,"enemies":"3 Byrds","floor":19,"turns":5},{"damage":4,"enemies":"Cultist and Chosen","floor":21,"turns":4},{"damage":0,"enemies":"Snake Plant","floor":22,"turns":4},{"damage":19,"enemies":"Book of Stabbing","floor":23,"turns":3},{"damage":17,"enemies":"Sentry and Sphere","floor":24,"turns":4},{"damage":0,"enemies":"Chosen and Byrds","floor":27,"turns":4},{"damage":18,"enemies":"Shelled Parasite and Fungi","floor":28,"turns":2},{"damage":3,"enemies":"Snecko","floor":29,"turns":4},{"damage":12,"enemies":"Centurion and Healer","floor":30,"turns":2},{"damage":8,"enemies":"Gremlin Leader","floor":31,"turns":4},{"damage":37,"enemies":"Collector","floor":33,"turns":5},{"damage":18,"enemies":"3 Shapes","floor":35,"turns":2},{"damage":0,"enemies":"Orb Walker","floor":36,"turns":2},{"damage":0,"enemies":"3 Darklings","floor":38,"turns":2},{"damage":13,"enemies":"4 Shapes","floor":39,"turns":1},{"damage":0,"enemies":"Reptomancer","floor":41,"turns":2},{"damage":0,"enemies":"Mind Bloom Boss Battle","floor":42,"turns":2},{"damage":18,"enemies":"Nemesis","floor":45,"turns":3},{"damage":1,"enemies":"Transient","floor":46,"turns":5},{"damage":32,"enemies":"Reptomancer","floor":47,"turns":3},{"damage":1,"enemies":"Jaw Worm Horde","floor":48,"turns":2},{"damage":76,"enemies":"Donu and Deca","floor":50,"turns":5}],"seed_played":"2510979705400779355","potions_obtained":[{"floor":1,"key":"Energy Potion"},{"floor":3,"key":"AttackPotion"},{"floor":7,"key":"Block Potion"},{"floor":13,"key":"AttackPotion"},{"floor":18,"key":"Energy Potion"},{"floor":28,"key":"Strength Potion"},{"floor":29,"key":"FearPotion"},{"floor":30,"key":"AttackPotion"},{"floor":31,"key":"Strength Potion"},{"floor":33,"key":"EntropicBrew"},{"floor":35,"key":"SkillPotion"},{"floor":38,"key":"Strength Potion"}],"is_trial":false,"path_per_floor":["M","M","M","M","M","E","M","R","T","$","M","M","M","M","R","B",null,"M","M","?","M","M","E","M","$","T","M","M","M","M","E","R","B",null,"M","M","$","M","M","R","E","?","T","?","E","M","E","M","R","B",null],"character_chosen":"IRONCLAD","items_purchased":["Wild Strike","Anger","Apotheosis","Iron Wave","Battle Trance","Rupture"],"campfire_rested":2,"item_purchase_floors":[10,10,25,25,25,37],"current_hp_per_floor":[61,66,72,78,74,63,40,40,40,40,35,41,36,31,31,27,80,67,50,34,54,60,47,36,36,36,42,30,51,45,43,43,36,80,80,80,80,80,73,80,80,80,80,80,68,80,54,59,80,13],"gold":286,"neow_bonus":"ONE_RARE_RELIC","is_prod":false,"is_daily":false,"chose_seed":false,"campfire_upgraded":0,"win_rate":0.0,"timestamp":1554553166,"path_taken":["M","M","M","M","M","E","M","R","T","$","M","?","M","M","R","BOSS","M","M","?","M","M","E","M","$","T","M","M","M","M","E","R","BOSS","M","M","$","M","M","R","E","?","T","?","E","M","E","M","R","BOSS"],"build_version":"2019-01-23","purchased_purges":1,"victory":true,"max_hp_per_floor":[80,80,80,80,80,80,80,80,80,80,80,80,80,80,80,80,80,80,80,80,80,80,80,80,80,80,80,80,80,80,80,80,80,80,80,80,80,80,80,80,80,80,80,80,80,80,80,80,80,80],"card_choices":[{"not_picked":["Blood for Blood","Rage"],"picked":"Inflame","floor":1},{"not_picked":["Perfected Strike","Flame Barrier"],"picked":"Thunderclap","floor":2},{"not_picked":["Ghostly Armor","Perfected Strike"],"picked":"Iron Wave","floor":3},{"not_picked":["Cleave","Twin Strike"],"picked":"Iron Wave","floor":4},{"not_picked":["Sword Boomerang","Hemokinesis"],"picked":"Shrug It Off","floor":5},{"not_picked":["Headbutt","Searing Blow"],"picked":"Brutality","floor":6},{"not_picked":["Flex","Clothesline"],"picked":"Evolve","floor":7},{"not_picked":["Thunderclap","Clash"],"picked":"Twin Strike","floor":11},{"not_picked":["Fire Breathing","Searing Blow"],"picked":"Blood for Blood","floor":12},{"not_picked":["Blood for Blood","Pommel Strike"],"picked":"Disarm","floor":13},{"not_picked":["Warcry","Wild Strike"],"picked":"Anger","floor":14},{"not_picked":["Demon Form","Double Tap"],"picked":"Reaper","floor":16},{"not_picked":["Twin Strike","Clash"],"picked":"Wild Strike+1","floor":18},{"not_picked":["Intimidate","Twin Strike"],"picked":"Flex+1","floor":19},{"not_picked":["Sword Boomerang+1","Twin Strike"],"picked":"Battle Trance+1","floor":21},{"not_picked":["Heavy Blade","Body Slam"],"picked":"Shrug It Off+1","floor":22},{"not_picked":["Metallicize","Berserk"],"picked":"Rage+1","floor":23},{"not_picked":["Sword Boomerang","Cleave"],"picked":"Heavy Blade","floor":24},{"not_picked":["Cleave","Fire Breathing"],"picked":"Battle Trance","floor":27},{"not_picked":["Warcry","Sword Boomerang"],"picked":"Intimidate","floor":28},{"not_picked":["Body Slam","Sword Boomerang"],"picked":"Whirlwind","floor":29},{"not_picked":["Armaments+1","Body Slam"],"picked":"Heavy Blade+1","floor":30},{"not_picked":["Evolve","Rampage"],"picked":"Pommel Strike","floor":31},{"not_picked":["Feed","Berserk"],"picked":"Demon Form","floor":33},{"not_picked":["Metallicize","Entrench+1"],"picked":"Sword Boomerang+1","floor":35},{"not_picked":["Sever Soul","Flex"],"picked":"Wild Strike","floor":36},{"not_picked":["Sever Soul","Feel No Pain+1"],"picked":"Reckless Charge+1","floor":38},{"not_picked":["Armaments+1","Feel No Pain+1"],"picked":"Clothesline+1","floor":39},{"not_picked":["Cleave+1","Clothesline+1"],"picked":"Combust+1","floor":41},{"not_picked":["Disarm","Ghostly Armor"],"picked":"Warcry+1","floor":42},{"not_picked":["Reckless Charge","Uppercut"],"picked":"Rage+1","floor":45},{"not_picked":["Wild Strike","Rampage"],"picked":"Clash","floor":46},{"not_picked":["Anger","Searing Blow"],"picked":"Infernal Blade","floor":47},{"not_picked":["Combust+1","Warcry"],"picked":"Shockwave","floor":48}],"player_experience":124871,"relics_obtained":[{"floor":6,"key":"Regal Pillow"},{"floor":9,"key":"Dodecahedron"},{"floor":20,"key":"Necronomicon"},{"floor":23,"key":"Pen Nib"},{"floor":26,"key":"Red Skull"},{"floor":31,"key":"Happy Flower"},{"floor":41,"key":"Champion Belt"},{"floor":42,"key":"Turnip"},{"floor":43,"key":"Letter Opener"},{"floor":45,"key":"Sundial"},{"floor":47,"key":"Ornamental Fan"}],"event_choices":[{"damage_healed":0,"gold_gain":0,"player_choice":"Obtained Book","damage_taken":16,"max_hp_gain":0,"max_hp_loss":0,"event_name":"Cursed Tome","floor":20,"gold_loss":0},{"damage_healed":0,"gold_gain":0,"player_choice":"Fight","damage_taken":0,"max_hp_gain":0,"max_hp_loss":0,"event_name":"MindBloom","floor":42,"gold_loss":0},{"cards_removed":["Evolve"],"damage_healed":0,"gold_gain":0,"player_choice":"Upgrade and Remove","damage_taken":0,"max_hp_gain":0,"max_hp_loss":0,"event_name":"Designer","floor":44,"gold_loss":90,"cards_upgraded":["Apotheosis"]}],"is_beta":false,"boss_relics":[{"not_picked":["Philosopher\u0027s Stone","Tiny House"],"picked":"Fusion Hammer"},{"not_picked":["Empty Cage","Black Blood"],"picked":"Runic Dome"}],"items_purged_floors":[10],"is_endless":false,"potions_floor_spawned":[1,3,7,13,18,28,29,30,31,33,35,38,42,45],"ascension_level":0}