{"gold_per_floor":[109,125,137,150,169,169,54,54,103,21,56,56,71,104,104,206,206,221,235,157,157,157,157],"floor_reached":23,"playtime":1905,"items_purged":[],"score":231,"play_id":"a3fee186-5be6-4fe7-ad1c-3a02c8c18a3c","local_time":"20190506160904","is_ascension_mode":true,"campfire_choices":[{"data":"Infinite Blades","floor":6,"key":"SMITH"},{"data":"Infinite Blades","floor":8,"key":"SMITH"},{"floor":12,"key":"REST"},{"data":"Concentrate","floor":15,"key":"SMITH"}],"neow_cost":"NONE","seed_source_timestamp":575433294765300,"circlet_count":0,"master_deck":["Defend_G","Defend_G","Defend_G","Defend_G","Defend_G","Strike_G","Strike_G","Strike_G","Strike_G","Strike_G","Survivor","Neutralize","Deadly Poison","Concentrate+1","Infinite Blades+1","Infinite Blades+1","Deadly Poison","Well Laid Plans","Die Die Die","Deadly Poison","Envenom","Noxious Fumes"],"relics":["Black Star","Orichalcum","Shuriken","Blood Vial","Unceasing Top","Turnip","WristBlade"],"potions_floor_usage":[5,14,14,21,21],"damage_taken":[{"damage":2,"enemies":"2 Louse","floor":1,"turns":4},{"damage":0,"enemies":"Small Slimes","floor":2,"turns":4},{"damage":0,"enemies":"Cultist","floor":3,"turns":5},{"damage":6,"enemies":"Blue Slaver","floor":4,"turns":6},{"damage":10,"enemies":"Lots of Slimes","floor":5,"turns":5},{"damage":23,"enemies":"3 Sentries","floor":11,"turns":9},{"damage":11,"enemies":"Red Slaver","floor":13,"turns":4},{"damage":17,"enemies":"Lagavulin","floor":14,"turns":6},{"damage":36,"enemies":"The Guardian","floor":16,"turns":9},{"damage":6,"enemies":"Chosen","floor":18,"turns":4},{"damage":26,"enemies":"2 Thieves","floor":19,"turns":4},{"damage":33,"enemies":"Colosseum Slavers","floor":21,"turns":4},{"damage":0,"enemies":"Slavers","floor":23,"turns":1}],"seed_played":"-9035425386684593435","potions_obtained":[{"floor":1,"key":"Energy Potion"},{"floor":5,"key":"Ancient Potion"},{"floor":11,"key":"Regen Potion"},{"floor":13,"key":"Regen Potion"},{"floor":19,"key":"Strength Potion"},{"floor":22,"key":"Strength Potion"},{"floor":22,"key":"Swift Potion"},{"floor":22,"key":"Energy Potion"}],"is_trial":false,"path_per_floor":["M","M","M","M","M","R","$","R","T","$","E","R","M","E","R","B",null,"M","M","$","?","?","E"],"character_chosen":"THE_SILENT","items_purchased":["Infinite Blades","Deadly Poison","Well Laid Plans","Noxious Fumes"],"campfire_rested":1,"item_purchase_floors":[7,7,10,20],"current_hp_per_floor":[68,68,68,62,52,52,52,52,52,52,29,50,41,53,53,19,70,64,40,40,9,9,11],"gold":157,"neow_bonus":"BOSS_RELIC","is_prod":false,"is_daily":false,"chose_seed":false,"campfire_upgraded":3,"win_rate":0,"timestamp":1557151744,"path_taken":["M","M","M","M","M","R","$","R","T","$","E","R","M","E","R","BOSS","M","M","$","?","?","E"],"build_version":"2019-01-23","purchased_purges":0,"victory":false,"max_hp_per_floor":[70,70,70,70,70,70,70,70,70,70,70,70,70,70,70,70,70,70,70,70,70,70,70],"card_choices":[{"not_picked":["Heel Hook","Finisher","Underhanded Strike"],"picked":"SKIP","floor":1},{"not_picked":["Deflect","Bane"],"picked":"Deadly Poison","floor":2},{"not_picked":["Outmaneuver","Bane"],"picked":"Concentrate","floor":3},{"not_picked":["Calculated Gamble","Blade Dance"],"picked":"Infinite Blades","floor":4},{"not_picked":["Quick Slash","Slice","Sucker Punch"],"picked":"SKIP","floor":5},{"not_picked":["Endless Agony","Deflect"],"picked":"Die Die Die","floor":11},{"not_picked":["Deflect","Tactician"],"picked":"Deadly Poison","floor":13},{"not_picked":["Underhanded Strike","Poisoned Stab","Dagger Throw"],"picked":"SKIP","floor":14},{"not_picked":["Wraith Form v2","Storm of Steel"],"picked":"Envenom","floor":16},{"not_picked":["Riddle With Holes+1","Underhanded Strike","Slice"],"picked":"SKIP","floor":18},{"not_picked":["Setup","Finisher","Endless Agony+1"],"picked":"SKIP","floor":19}],"player_experience":1149547,"relics_obtained":[{"floor":9,"key":"Orichalcum"},{"floor":11,"key":"Shuriken"},{"floor":11,"key":"Blood Vial"},{"floor":14,"key":"Unceasing Top"},{"floor":14,"key":"Turnip"}],"event_choices":[{"damage_healed":0,"gold_gain":0,"player_choice":"Fight","damage_taken":0,"max_hp_gain":0,"max_hp_loss":0,"event_name":"Colosseum","floor":21,"gold_loss":0},{"damage_healed":0,"gold_gain":0,"player_choice":"Fled From Nobs","damage_taken":0,"max_hp_gain":0,"max_hp_loss":0,"event_name":"Colosseum","floor":21,"gold_loss":0},{"damage_healed":0,"gold_gain":0,"player_choice":"Got Potions","damage_taken":0,"max_hp_gain":0,"max_hp_loss":0,"event_name":"Lab","floor":22,"gold_loss":0}],"is_beta":false,"boss_relics":[{"not_picked":["Velvet Choker","Ectoplasm"],"picked":"WristBlade"}],"items_purged_floors":[],"is_endless":false,"potions_floor_spawned":[1,5,11,13,19,21],"killed_by":"Slavers","ascension_level":3}