{"gold_per_floor":[114,127,127,34,44,60,60,79,102,102,119,139,139,157,157,157],"floor_reached":16,"playtime":713,"items_purged":[],"score":106,"play_id":"c2ef6893-d690-4100-83e2-a7fe094996f3","local_time":"20190318144906","is_ascension_mode":true,"campfire_choices":[{"data":"Barricade","floor":7.0,"key":"SMITH"},{"floor":10.0,"key":"REST"},{"floor":13.0,"key":"REST"},{"floor":15.0,"key":"REST"}],"neow_cost":"TEN_PERCENT_HP_LOSS","seed_source_timestamp":0,"circlet_count":0,"master_deck":["Strike_R","Strike_R","Strike_R","Strike_R","Strike_R","Defend_R","Defend_R","Bash","Clothesline","Infernal Blade","Purity+1","Barricade+1","Dark Shackles+1","Armaments","Seeing Red","Pommel Strike","Warcry","Shrug It Off","Ghostly Armor"],"special_seed":0,"relics":["Burning Blood","War Paint"],"potions_floor_usage":[],"damage_taken":[{"damage":14.0,"enemies":"Jaw Worm","floor":1.0,"turns":3.0},{"damage":4.0,"enemies":"Cultist","floor":2.0,"turns":3.0},{"damage":6.0,"enemies":"2 Louse","floor":5.0,"turns":3.0},{"damage":7.0,"enemies":"Large Slime","floor":6.0,"turns":6.0},{"damage":37.0,"enemies":"Gremlin Gang","floor":8.0,"turns":5.0},{"damage":30.0,"enemies":"Exordium Thugs","floor":11.0,"turns":6.0},{"damage":14.0,"enemies":"Lots of Slimes","floor":12.0,"turns":5.0},{"damage":27.0,"enemies":"3 Louse","floor":14.0,"turns":3.0},{"damage":45,"enemies":"The Guardian","floor":16,"turns":11}],"seed_played":"4006068037374344485","potions_obtained":[{"floor":5.0,"key":"Weak Potion"},{"floor":8.0,"key":"Poison Potion"},{"floor":14.0,"key":"SpeedPotion"}],"is_trial":false,"path_per_floor":["M","M","?","$","M","M","R","M","T","R","M","M","R","M","R","B"],"character_chosen":"IRONCLAD","items_purchased":["Dark Shackles"],"campfire_rested":3,"item_purchase_floors":[4],"current_hp_per_floor":[64,66,66,66,66,65,65,34,34,55,31,23,44,23,44,0],"gold":157,"neow_bonus":"REMOVE_TWO","is_prod":false,"is_daily":false,"chose_seed":false,"campfire_upgraded":1,"win_rate":0,"timestamp":1552942146,"path_taken":["M","M","?","$","M","M","R","M","T","R","?","M","R","M","R","BOSS"],"build_version":"2019-01-23","purchased_purges":0,"victory":false,"max_hp_per_floor":[72,72,72,72,72,72,72,72,72,72,72,72,72,72,72,72],"card_choices":[{"not_picked":["Body Slam","Cleave"],"picked":"Clothesline","floor":1.0},{"not_picked":["Burning Pact","Blood for Blood"],"picked":"Infernal Blade","floor":2.0},{"not_picked":["Flex","Iron Wave"],"picked":"Armaments","floor":5.0},{"not_picked":["Dual Wield","Dropkick"],"picked":"Seeing Red","floor":6.0},{"not_picked":["Perfected Strike","Carnage"],"picked":"Pommel Strike","floor":8.0},{"not_picked":["Twin Strike","Evolve"],"picked":"Warcry","floor":11.0},{"not_picked":["Heavy Blade","Warcry"],"picked":"Shrug It Off","floor":12.0},{"not_picked":["Dual Wield","Bloodletting"],"picked":"Ghostly Armor","floor":14.0}],"player_experience":258152,"relics_obtained":[{"floor":9.0,"key":"War Paint"}],"event_choices":[{"damage_healed":0.0,"max_hp_gain":0.0,"max_hp_loss":0.0,"gold_gain":0.0,"event_name":"Match and Keep!","player_choice":"2 cards matched","floor":3.0,"gold_loss":0.0,"damage_taken":0.0,"cards_obtained":["Purity","Barricade"]}],"is_beta":false,"boss_relics":[],"items_purged_floors":[],"is_endless":false,"potions_floor_spawned":[5,8,14],"killed_by":"The Guardian","ascension_level":2}