{"gold_per_floor":[111,122,122,297,316,342,355,355,355,381,381,381,397,397,397,502,502,520,520,520,538,573,605,605,631,631,631,631,631,631,631,631,727,727,738,750,800,813,517,544,544,242,242,275,378,428,447,497,497,497],"floor_reached":51,"playtime":2603,"items_purged":["Defend_G+1"],"score":1067,"play_id":"2b8d8fda-16e1-442d-b76b-f6299bcf618b","local_time":"20190404135500","is_ascension_mode":true,"campfire_choices":[{"floor":8,"key":"REST"},{"data":"Blade Dance","floor":12,"key":"SMITH"},{"floor":15,"key":"REST"},{"data":"After Image","floor":28,"key":"SMITH"},{"data":"Dagger Spray","floor":30,"key":"SMITH"},{"data":"Choke","floor":32,"key":"SMITH"},{"data":"Neutralize","floor":41,"key":"SMITH"},{"data":"Cloak And Dagger","floor":49,"key":"SMITH"}],"neow_cost":"NONE","seed_source_timestamp":13751338343161,"circlet_count":0,"master_deck":["Defend_G+1","Defend_G+1","Defend_G+1","Defend_G+1","Strike_G+1","Strike_G+1","Strike_G+1","Survivor+1","Neutralize+1","Backstab","Deadly Poison","Dagger Spray+1","Blade Dance+1","Cloak And Dagger+1","Deadly Poison+1","Leg Sweep+1","After Image+1","Blade Dance+1","Poisoned Stab","Dodge and Roll+1","Choke+1","Ghostly+1","Ghostly+1","Ghostly+1","Ghostly+1","Ghostly+1","Adrenaline+1","Blade Dance+1","Caltrops+1","Cloak And Dagger+1","Bouncing Flask+1","PiercingWail+1","Dodge and Roll+1","Backflip+1","Footwork+1","Dramatic Entrance+1"],"relics":["Ring of the Snake","Juzu Bracelet","Shuriken","Dodecahedron","Toxic Egg 2","Sundial","Coffee Dripper","Red Mask","Omamori","Anchor","Bottled Lightning","Darkstone Periapt","SsserpentHead","Eternal Feather","Boot","Oddly Smooth Stone","Snake Skull","Sling","Orichalcum","Molten Egg 2","Nunchaku"],"potions_floor_usage":[6,21,21,25,38],"damage_taken":[{"damage":0,"enemies":"Small Slimes","floor":1,"turns":3},{"damage":0,"enemies":"Cultist","floor":2,"turns":3},{"damage":0,"enemies":"Jaw Worm","floor":5,"turns":4},{"damage":20,"enemies":"Gremlin Nob","floor":6,"turns":4},{"damage":12,"enemies":"Exordium Wildlife","floor":7,"turns":3},{"damage":10,"enemies":"3 Sentries","floor":10,"turns":7},{"damage":1,"enemies":"Looter","floor":13,"turns":3},{"damage":14,"enemies":"Hexaghost","floor":16,"turns":9},{"damage":4,"enemies":"Shell Parasite","floor":18,"turns":5},{"damage":4,"enemies":"Colosseum Slavers","floor":20,"turns":5},{"damage":3,"enemies":"2 Thieves","floor":21,"turns":3},{"damage":3,"enemies":"Masked Bandits","floor":22,"turns":4},{"damage":6,"enemies":"Gremlin Leader","floor":23,"turns":5},{"damage":16,"enemies":"Book of Stabbing","floor":25,"turns":5},{"damage":17,"enemies":"Automaton","floor":33,"turns":10},{"damage":0,"enemies":"Orb Walker","floor":35,"turns":3},{"damage":0,"enemies":"3 Darklings","floor":36,"turns":4},{"damage":0,"enemies":"Jaw Worm Horde","floor":38,"turns":1},{"damage":0,"enemies":"Nemesis","floor":40,"turns":7},{"damage":0,"enemies":"Giant Head","floor":44,"turns":7},{"damage":0,"enemies":"2 Orb Walkers","floor":45,"turns":4},{"damage":0,"enemies":"4 Shapes","floor":47,"turns":6},{"damage":0,"enemies":"Donu and Deca","floor":50,"turns":10}],"seed_played":"-1458608914023111236","potions_obtained":[{"floor":1,"key":"PowerPotion"},{"floor":2,"key":"FearPotion"},{"floor":10,"key":"LiquidBronze"},{"floor":16,"key":"Regen Potion"},{"floor":21,"key":"GamblersBrew"},{"floor":33,"key":"SkillPotion"},{"floor":35,"key":"Weak Potion"},{"floor":38,"key":"Ancient Potion"},{"floor":47,"key":"Explosive Potion"}],"is_trial":false,"path_per_floor":["M","M","?","?","M","E","M","R","T","E","?","R","M","?","R","B",null,"M","?","?","M","?","E","?","E","T","?","R","?","R","?","R","B",null,"M","M","?","M","$","E","R","$","T","E","?","?","M","?","R","B",null],"character_chosen":"THE_SILENT","items_purchased":["Bouncing Flask+1","Boot","Snake Skull","Sling"],"campfire_rested":2,"item_purchase_floors":[39,39,42,42],"current_hp_per_floor":[70,70,56,56,56,36,24,45,45,35,35,35,34,34,55,41,70,66,66,62,68,65,59,59,43,43,43,43,35,35,35,35,18,35,35,35,35,35,35,35,35,35,35,35,35,35,35,35,35,35],"gold":497,"neow_bonus":"RANDOM_COMMON_RELIC","is_prod":false,"is_daily":false,"chose_seed":false,"campfire_upgraded":6,"win_rate":0,"timestamp":1554378900,"path_taken":["M","M","?","?","M","E","M","R","T","E","?","R","M","?","R","BOSS","M","?","?","M","?","E","?","E","T","?","R","?","R","?","R","BOSS","M","M","?","M","$","E","R","?","T","E","?","?","M","?","R","BOSS"],"build_version":"2019-01-23","purchased_purges":1,"victory":true,"max_hp_per_floor":[70,70,70,70,70,70,70,70,70,70,70,70,70,70,70,70,70,70,70,70,70,70,70,70,70,70,70,70,35,35,35,35,35,35,35,35,35,35,35,35,35,35,35,35,35,35,35,35,35,35],"card_choices":[{"not_picked":["Blade Dance","Acrobatics"],"picked":"Backstab","floor":1},{"not_picked":["Distraction","Backstab"],"picked":"Deadly Poison","floor":2},{"not_picked":["Prepared","Underhanded Strike"],"picked":"Dagger Spray","floor":5},{"not_picked":["Quick Slash","Bouncing Flask"],"picked":"Blade Dance","floor":6},{"not_picked":["Outmaneuver","Poisoned Stab"],"picked":"Cloak And Dagger","floor":7},{"not_picked":["Cloak And Dagger","Sucker Punch"],"picked":"Deadly Poison","floor":10},{"not_picked":["Expertise+1","Cloak And Dagger+1"],"picked":"Leg Sweep+1","floor":13},{"not_picked":["Doppelganger+1","Die Die Die"],"picked":"After Image","floor":16},{"not_picked":["Predator","PiercingWail+1"],"picked":"Blade Dance+1","floor":18},{"not_picked":["Dagger Throw","Calculated Gamble+1","Skewer"],"picked":"SKIP","floor":21},{"not_picked":["Dagger Throw","Catalyst+1"],"picked":"Poisoned Stab","floor":22},{"not_picked":["Calculated Gamble+1","Acrobatics+1"],"picked":"Well Laid Plans","floor":23},{"not_picked":["Sucker Punch","Acrobatics+1"],"picked":"Dodge and Roll+1","floor":25},{"not_picked":["Malaise+1","Storm of Steel+1"],"picked":"Adrenaline+1","floor":33},{"not_picked":["Concentrate+1","Poisoned Stab"],"picked":"Blade Dance+1","floor":35},{"not_picked":["Heel Hook+1","Deadly Poison+1"],"picked":"Caltrops+1","floor":36},{"not_picked":["Dodge and Roll+1","Underhanded Strike+1"],"picked":"Cloak And Dagger+1","floor":38},{"not_picked":["Terror+1","Underhanded Strike"],"picked":"PiercingWail+1","floor":40},{"not_picked":["Finisher","Sucker Punch"],"picked":"Dodge and Roll+1","floor":44},{"not_picked":["Quick Slash+1","Setup+1"],"picked":"Backflip+1","floor":45},{"not_picked":["Sucker Punch+1","Bane+1"],"picked":"Footwork+1","floor":47},{"not_picked":["Swift Strike+1","Violence+1"],"picked":"Dramatic Entrance+1","floor":48}],"player_experience":230739,"relics_obtained":[{"floor":6,"key":"Shuriken"},{"floor":9,"key":"Dodecahedron"},{"floor":10,"key":"Toxic Egg 2"},{"floor":11,"key":"Sundial"},{"floor":22,"key":"Red Mask"},{"floor":23,"key":"Omamori"},{"floor":25,"key":"Bottled Lightning"},{"floor":26,"key":"Darkstone Periapt"},{"floor":40,"key":"Oddly Smooth Stone"},{"floor":43,"key":"Orichalcum"},{"floor":44,"key":"Molten Egg 2"},{"floor":45,"key":"Nunchaku"}],"event_choices":[{"damage_healed":0,"gold_gain":0,"player_choice":"Entered Light","damage_taken":14,"max_hp_gain":0,"max_hp_loss":0,"event_name":"Shining Light","floor":3,"gold_loss":0,"cards_upgraded":["Strike_G","Survivor"]},{"damage_healed":0,"gold_gain":175,"player_choice":"AGREE","damage_taken":0,"max_hp_gain":0,"max_hp_loss":0,"event_name":"Liars Game","floor":4,"gold_loss":0,"cards_obtained":["Doubt"]},{"damage_healed":0,"gold_gain":0,"player_choice":"Relic","damage_taken":0,"max_hp_gain":0,"max_hp_loss":0,"event_name":"Wheel of Change","floor":11,"gold_loss":0},{"damage_healed":0,"gold_gain":0,"player_choice":"Ignored","damage_taken":0,"max_hp_gain":0,"max_hp_loss":0,"event_name":"Golden Idol","floor":14,"gold_loss":0},{"damage_healed":0,"gold_gain":0,"player_choice":"Simplicity","damage_taken":0,"max_hp_gain":0,"max_hp_loss":0,"event_name":"Back to Basics","floor":19,"gold_loss":0,"cards_upgraded":["Defend_G","Defend_G","Defend_G","Defend_G","Defend_G","Strike_G","Strike_G","Strike_G","Strike_G"]},{"damage_healed":0,"gold_gain":0,"player_choice":"Fight","damage_taken":0,"max_hp_gain":0,"max_hp_loss":0,"event_name":"Colosseum","floor":20,"gold_loss":0},{"damage_healed":0,"gold_gain":0,"player_choice":"Fled From Nobs","damage_taken":0,"max_hp_gain":0,"max_hp_loss":0,"event_name":"Colosseum","floor":20,"gold_loss":0},{"damage_healed":0,"gold_gain":0,"player_choice":"Fought Bandits","damage_taken":0,"max_hp_gain":0,"max_hp_loss":0,"event_name":"Masked Bandits","floor":22,"gold_loss":0},{"damage_healed":0,"gold_gain":0,"player_choice":"Opened","damage_taken":0,"relics_obtained":["Anchor"],"max_hp_gain":0,"max_hp_loss":0,"event_name":"The Mausoleum","floor":24,"gold_loss":0,"cards_obtained":["Writhe"]},{"damage_healed":0,"gold_gain":0,"cards_transformed":["Doubt","Strike_G"],"player_choice":"Became Test Subject","damage_taken":0,"max_hp_gain":0,"max_hp_loss":0,"event_name":"Drug Dealer","floor":27,"gold_loss":0,"cards_obtained":["Normality","Choke"]},{"damage_healed":0,"gold_gain":0,"player_choice":"Became a Ghost","damage_taken":0,"max_hp_gain":0,"max_hp_loss":35,"event_name":"Ghosts","floor":29,"gold_loss":0,"cards_obtained":["Ghostly","Ghostly","Ghostly","Ghostly","Ghostly"]},{"damage_healed":0,"gold_gain":0,"player_choice":"Trade","damage_taken":0,"relics_obtained":["SsserpentHead"],"max_hp_gain":0,"max_hp_loss":0,"event_name":"FaceTrader","floor":31,"gold_loss":0},{"cards_removed":["Strike_G"],"damage_healed":0,"gold_gain":0,"player_choice":"Offered Basic","damage_taken":0,"max_hp_gain":0,"max_hp_loss":0,"event_name":"Bonfire Elementals","floor":37,"gold_loss":0},{"damage_healed":0,"gold_gain":0,"player_choice":"Fight","damage_taken":0,"max_hp_gain":0,"max_hp_loss":0,"event_name":"Mysterious Sphere","floor":45,"gold_loss":0},{"cards_removed":["Well Laid Plans"],"damage_healed":0,"gold_gain":0,"player_choice":"Removed Power","damage_taken":0,"max_hp_gain":0,"max_hp_loss":0,"event_name":"Falling","floor":46,"gold_loss":0},{"damage_healed":0,"gold_gain":0,"player_choice":"Memory 1","damage_taken":0,"max_hp_gain":0,"max_hp_loss":0,"event_name":"SensoryStone","floor":48,"gold_loss":0}],"is_beta":false,"boss_relics":[{"not_picked":["Velvet Choker","Runic Dome"],"picked":"Coffee Dripper"},{"not_picked":["Lizard Tail","Empty Cage"],"picked":"Eternal Feather"}],"items_purged_floors":[39],"is_endless":false,"potions_floor_spawned":[1,2,10,16,20,21,33,35,38,44,47],"ascension_level":3}