{"gold_per_floor":[112,13,28,203,128,128,156,189,239,239,265,265,280,305,317,430,442,466,489,512,43,56,56,56,56,56,56,56,84,103,120,120,217,217,229,242,260,278,278,278,293,323,348,380,380,390,410,442,442,442],"floor_reached":50,"playtime":1783,"items_purged":["Doubt","Body Slam"],"score":759,"play_id":"4095e389-e793-44d7-8090-18813f30c6ab","local_time":"20190326214727","is_ascension_mode":true,"campfire_choices":[{"data":"Bash","floor":6,"key":"SMITH"},{"data":"Limit Break","floor":12,"key":"SMITH"},{"data":"Disarm","floor":15,"key":"SMITH"},{"floor":23,"key":"REST"},{"data":"Shockwave","floor":25,"key":"SMITH"},{"data":"Limit Break","floor":27,"key":"SMITH"},{"floor":32,"key":"REST"},{"floor":40,"key":"REST"},{"floor":49,"key":"RECALL"}],"neow_cost":"NONE","seed_source_timestamp":504880850517215,"circlet_count":0,"master_deck":["Bash+1","Disarm+1","Twin Strike","Inflame","Pummel","Clothesline","Armaments+1","Limit Break+1","Cleave","Limit Break+1","Fiend Fire","Limit Break","Whirlwind+1","Clothesline","Shockwave+1","Bloodletting","Thunderclap","Armaments+1","Pummel","Battle Trance+1","Metallicize","Heavy Blade+1","Feel No Pain+1","Sentinel","Disarm+1","Fiend Fire+1","Inflame","Feel No Pain+1","Pummel+1","Shrug It Off","Heavy Blade+1","Rage+1","Seeing Red+1","Intimidate+1"],"relics":["Burning Blood","NeowsBlessing","Odd Mushroom","Potion Belt","Red Skull","Question Card","MawBank","Pandora\u0027s Box","Magic Flower","Blue Candle","Busted Crown","Whetstone","Art of War","Centennial Puzzle","Bronze Scales"],"potions_floor_usage":[22,29,33,36,36,44,47,48,50],"damage_taken":[{"damage":0,"enemies":"Cultist","floor":1,"turns":1},{"damage":0,"enemies":"Jaw Worm","floor":3,"turns":1},{"damage":6,"enemies":"The Mushroom Lair","floor":7,"turns":3},{"damage":24,"enemies":"Gremlin Nob","floor":8,"turns":4},{"damage":21,"enemies":"Lagavulin","floor":11,"turns":7},{"damage":0,"enemies":"Small Slimes","floor":13,"turns":3},{"damage":17,"enemies":"Hexaghost","floor":16,"turns":10},{"damage":32,"enemies":"2 Thieves","floor":18,"turns":3},{"damage":7,"enemies":"Chosen","floor":19,"turns":4},{"damage":31,"enemies":"Snake Plant","floor":20,"turns":3},{"damage":16,"enemies":"Centurion and Healer","floor":22,"turns":5},{"damage":29,"enemies":"Book of Stabbing","floor":29,"turns":4},{"damage":9,"enemies":"Sentry and Sphere","floor":30,"turns":3},{"damage":23,"enemies":"Snecko","floor":31,"turns":4},{"damage":38,"enemies":"Automaton","floor":33,"turns":5},{"damage":31,"enemies":"3 Shapes","floor":35,"turns":3},{"damage":42,"enemies":"3 Darklings","floor":36,"turns":5},{"damage":0,"enemies":"Maw","floor":37,"turns":4},{"damage":20,"enemies":"Spire Growth","floor":38,"turns":4},{"damage":10,"enemies":"Transient","floor":41,"turns":5},{"damage":15,"enemies":"Giant Head","floor":42,"turns":7},{"damage":2,"enemies":"Nemesis","floor":44,"turns":3},{"damage":18,"enemies":"4 Shapes","floor":46,"turns":6},{"damage":18,"enemies":"Spire Growth","floor":47,"turns":3},{"damage":60,"enemies":"Giant Head","floor":48,"turns":8},{"damage":26,"enemies":"Awakened One","floor":50,"turns":2}],"seed_played":"-8637025605143014164","potions_obtained":[{"floor":1,"key":"BloodPotion"},{"floor":11,"key":"Strength Potion"},{"floor":13,"key":"SkillPotion"},{"floor":16,"key":"AttackPotion"},{"floor":20,"key":"Regen Potion"},{"floor":29,"key":"Block Potion"},{"floor":31,"key":"FearPotion"},{"floor":38,"key":"FearPotion"},{"floor":41,"key":"Ancient Potion"},{"floor":46,"key":"Poison Potion"},{"floor":47,"key":"EssenceOfSteel"},{"floor":48,"key":"Regen Potion"}],"is_trial":false,"path_per_floor":["M","$","M","?","$","R","?","E","T","?","E","R","M","T","R","B",null,"M","M","M","$","M","R","$","R","T","R","?","E","M","M","R","B",null,"M","M","M","M","?","R","M","E","T","E","?","M","M","E","R","B"],"character_chosen":"IRONCLAD","items_purchased":["Twin Strike","Inflame","Magic Flower","Metallicize"],"campfire_rested":3,"item_purchase_floors":[2,2,21,21],"current_hp_per_floor":[80,80,80,80,80,80,80,62,62,62,47,47,53,53,53,42,71,45,44,19,19,12,36,36,36,36,36,62,42,42,28,52,23,66,44,23,32,21,21,45,44,38,38,53,80,71,62,11,11,0],"gold":442,"neow_bonus":"THREE_ENEMY_KILL","is_prod":false,"is_daily":false,"chose_seed":false,"campfire_upgraded":5,"win_rate":0,"timestamp":1553662047,"path_taken":["M","$","?","?","$","R","?","E","T","?","E","R","M","?","R","BOSS","M","M","M","$","M","R","$","R","T","R","?","E","M","M","R","BOSS","M","M","M","M","?","R","M","E","T","E","?","M","?","E","R","BOSS"],"build_version":"2019-01-23","purchased_purges":2,"victory":false,"max_hp_per_floor":[80,80,80,80,80,80,80,80,80,80,80,80,80,80,80,80,80,80,80,80,80,80,80,80,80,80,80,80,80,80,80,80,80,80,80,80,80,80,80,80,80,80,80,80,80,80,80,80,80,80],"card_choices":[{"not_picked":["Warcry","Sever Soul"],"picked":"Disarm","floor":1},{"not_picked":["Pommel Strike","True Grit"],"picked":"Pummel","floor":3},{"not_picked":["Pommel Strike","Evolve"],"picked":"Clothesline","floor":7},{"not_picked":["Bloodletting","Twin Strike"],"picked":"Armaments","floor":8},{"not_picked":["Flex","Body Slam"],"picked":"Limit Break","floor":11},{"not_picked":["Pommel Strike","Warcry","Havoc"],"picked":"Cleave","floor":13},{"not_picked":["Double Tap","Immolate","Berserk"],"picked":"Limit Break","floor":16},{"not_picked":["Anger","Clothesline+1","Headbutt"],"picked":"Armaments+1","floor":18},{"not_picked":["Shockwave","Cleave","Clash"],"picked":"Pummel","floor":19},{"not_picked":["Anger","Heavy Blade","Sever Soul"],"picked":"Battle Trance+1","floor":20},{"not_picked":["Sever Soul","True Grit","Flex"],"picked":"Heavy Blade+1","floor":22},{"not_picked":["Flex+1","Impervious","Armaments"],"picked":"Feel No Pain+1","floor":29},{"not_picked":["Iron Wave","Wild Strike","Flex"],"picked":"Sentinel","floor":30},{"not_picked":["Headbutt","Armaments","Carnage+1"],"picked":"Disarm+1","floor":31},{"not_picked":["Brutality","Immolate","Juggernaut"],"picked":"Fiend Fire","floor":33},{"not_picked":["Perfected Strike"],"picked":"Inflame","floor":35},{"not_picked":["Blood for Blood","Havoc"],"picked":"SKIP","floor":36},{"not_picked":["Flex+1"],"picked":"Feel No Pain+1","floor":37},{"not_picked":["Wild Strike"],"picked":"Pummel+1","floor":38},{"not_picked":["Sword Boomerang+1"],"picked":"Shrug It Off","floor":41},{"not_picked":["Warcry"],"picked":"Heavy Blade+1","floor":42},{"not_picked":["Sword Boomerang+1"],"picked":"Rage+1","floor":44},{"not_picked":["Headbutt+1"],"picked":"Seeing Red+1","floor":46},{"not_picked":["Sword Boomerang"],"picked":"Intimidate+1","floor":47},{"not_picked":["Warcry","Clothesline+1"],"picked":"SKIP","floor":48}],"player_experience":80776,"relics_obtained":[{"floor":7,"key":"Odd Mushroom"},{"floor":8,"key":"Potion Belt"},{"floor":9,"key":"Red Skull"},{"floor":11,"key":"Question Card"},{"floor":14,"key":"MawBank"},{"floor":29,"key":"Blue Candle"},{"floor":42,"key":"Whetstone"},{"floor":43,"key":"Art of War"},{"floor":44,"key":"Centennial Puzzle"},{"floor":48,"key":"Bronze Scales"}],"event_choices":[{"damage_healed":0,"gold_gain":175,"player_choice":"AGREE","damage_taken":0,"max_hp_gain":0,"max_hp_loss":0,"event_name":"Liars Game","floor":4,"gold_loss":0,"cards_obtained":["Doubt"]},{"damage_healed":0,"gold_gain":0,"player_choice":"Fought Mushrooms","damage_taken":0,"max_hp_gain":0,"max_hp_loss":0,"event_name":"Mushrooms","floor":7,"gold_loss":0},{"damage_healed":0,"gold_gain":0,"player_choice":"Grow","damage_taken":0,"max_hp_gain":0,"max_hp_loss":0,"event_name":"Living Wall","floor":10,"gold_loss":0,"cards_upgraded":["Armaments"]},{"damage_healed":26,"gold_gain":0,"player_choice":"Heal","damage_taken":0,"max_hp_gain":0,"max_hp_loss":0,"event_name":"The Library","floor":28,"gold_loss":0},{"damage_healed":0,"gold_gain":0,"player_choice":"Ignored","damage_taken":0,"max_hp_gain":0,"max_hp_loss":0,"event_name":"Tomb of Lord Red Mask","floor":39,"gold_loss":0},{"cards_removed":["Blood for Blood"],"damage_healed":27,"gold_gain":0,"player_choice":"Offered Uncommon","damage_taken":0,"max_hp_gain":0,"max_hp_loss":0,"event_name":"Bonfire Elementals","floor":45,"gold_loss":0}],"is_beta":false,"boss_relics":[{"not_picked":["Snecko Eye","Cursed Key"],"picked":"Pandora\u0027s Box"},{"not_picked":["Sozu","Velvet Choker"],"picked":"Busted Crown"}],"items_purged_floors":[5,21],"is_endless":false,"potions_floor_spawned":[1,11,13,16,20,29,31,38,41,46,47,48],"killed_by":"Awakened One","ascension_level":5}