{"gold_per_floor":[109,109,34,34,50,50,50,50,50,78,78,7,7,25,25,120,120,120,136,147,172,172],"floor_reached":22,"playtime":1179,"items_purged":[],"score":237,"play_id":"2a8aeddb-ea20-4e45-b7bc-c783a4ee7cf2","local_time":"20190406223123","is_ascension_mode":true,"campfire_choices":[{"data":"Chill","floor":6.0,"key":"SMITH"},{"data":"Redo","floor":8.0,"key":"SMITH"},{"floor":15.0,"key":"REST"}],"neow_cost":"PERCENT_DAMAGE","seed_source_timestamp":0,"circlet_count":0,"master_deck":["Strike_B","Defend_B","Defend_B","Defend_B","Zap+1","Dualcast","Storm","Thunder Strike","Chill+1","Redo+1","Cold Snap","Auto Shields","Sunder+1","Defragment","Sweeping Beam","Machine Learning","BootSequence+1","Ball Lightning","Coolheaded+1"],"special_seed":0,"relics":["Cracked Core","Shovel","Calipers","Inserter","Red Mask"],"potions_floor_usage":[18,21],"damage_taken":[{"damage":0.0,"enemies":"Small Slimes","floor":1.0,"turns":3.0},{"damage":0.0,"enemies":"Cultist","floor":5.0,"turns":3.0},{"damage":14.0,"enemies":"3 Sentries","floor":10.0,"turns":7.0},{"damage":0.0,"enemies":"2 Louse","floor":14.0,"turns":2.0},{"damage":5.0,"enemies":"The Guardian","floor":16.0,"turns":11.0},{"damage":0,"enemies":"2 Thieves","floor":18,"turns":1},{"damage":10,"enemies":"Chosen","floor":19,"turns":5},{"damage":33,"enemies":"Centurion and Healer","floor":20,"turns":7},{"damage":23,"enemies":"Masked Bandits","floor":21,"turns":4},{"damage":7,"enemies":"Colosseum Slavers","floor":22,"turns":3}],"seed_played":"-2832506977124302308","potions_obtained":[{"floor":1.0,"key":"Ancient Potion"},{"floor":5.0,"key":"SmokeBomb"},{"floor":14.0,"key":"SpeedPotion"},{"floor":20,"key":"Strength Potion"}],"is_trial":false,"path_per_floor":["M","?","$","?","M","R","$","R","T","E","?","$","?","M","R","B",null,"M","M","M","?","?"],"character_chosen":"DEFECT","items_purchased":["Redo","Cold Snap","Defragment"],"campfire_rested":1,"item_purchase_floors":[3,3,12],"current_hp_per_floor":[50,43,43,43,43,43,43,43,43,29,29,29,29,29,51,46,68,68,58,25,2,0],"gold":172,"neow_bonus":"TRANSFORM_TWO_CARDS","is_prod":false,"is_daily":false,"chose_seed":false,"campfire_upgraded":2,"win_rate":0,"timestamp":1554557483,"path_taken":["M","?","$","?","?","R","$","R","T","E","?","$","?","?","R","BOSS","M","?","M","?","?"],"build_version":"2019-01-23","purchased_purges":0,"victory":false,"max_hp_per_floor":[75,75,75,75,75,75,75,75,75,75,75,75,75,75,75,75,75,75,75,75,75,75],"card_choices":[{"not_picked":["Leap","Stack"],"picked":"Chill","floor":1.0},{"not_picked":["Beam Cell","Coolheaded"],"picked":"Auto Shields","floor":5.0},{"not_picked":["Gash","Streamline"],"picked":"Sunder","floor":10.0},{"not_picked":["Blizzard","Doom and Gloom"],"picked":"Sweeping Beam","floor":14.0},{"not_picked":["Thunder Strike","Hyperbeam"],"picked":"Machine Learning","floor":16.0},{"not_picked":["Recycle","Sweeping Beam"],"picked":"BootSequence+1","floor":19},{"not_picked":["Conserve Battery+1","Compile Driver"],"picked":"Ball Lightning","floor":20},{"not_picked":["Genetic Algorithm","Turbo"],"picked":"Coolheaded+1","floor":21}],"player_experience":269865,"relics_obtained":[{"floor":9.0,"key":"Shovel"},{"floor":10.0,"key":"Calipers"},{"floor":21,"key":"Red Mask"}],"event_choices":[{"cards_removed":["Defend_B"],"damage_healed":0.0,"max_hp_gain":0.0,"max_hp_loss":0.0,"gold_gain":0.0,"event_name":"Golden Wing","player_choice":"Card Removal","floor":2.0,"gold_loss":0.0,"damage_taken":7.0},{"damage_healed":0.0,"max_hp_gain":0.0,"max_hp_loss":0.0,"gold_gain":0.0,"event_name":"Accursed Blacksmith","player_choice":"Forge","floor":4.0,"gold_loss":0.0,"damage_taken":0.0,"cards_upgraded":["Zap"]},{"damage_healed":0.0,"max_hp_gain":0.0,"max_hp_loss":0.0,"gold_gain":0.0,"event_name":"Living Wall","player_choice":"Grow","floor":11.0,"gold_loss":0.0,"damage_taken":0.0,"cards_upgraded":["Sunder"]},{"cards_removed":["Strike_B"],"damage_healed":0.0,"max_hp_gain":0.0,"max_hp_loss":0.0,"gold_gain":0.0,"event_name":"Purifier","player_choice":"Purged","floor":13.0,"gold_loss":0.0,"damage_taken":0.0},{"damage_healed":0,"gold_gain":0,"player_choice":"Fought Bandits","damage_taken":0,"max_hp_gain":0,"max_hp_loss":0,"event_name":"Masked Bandits","floor":21,"gold_loss":0},{"damage_healed":0,"gold_gain":0,"player_choice":"Fight","damage_taken":0,"max_hp_gain":0,"max_hp_loss":0,"event_name":"Colosseum","floor":22,"gold_loss":0}],"is_beta":false,"boss_relics":[{"not_picked":["Busted Crown","Orrery"],"picked":"Inserter"}],"items_purged_floors":[],"is_endless":false,"potions_floor_spawned":[1,5,14,18,20],"killed_by":"Colosseum Slavers","ascension_level":6}