{"gold_per_floor":[115,126,144,160,160,160,187,187,187,187,220,281,308,322,322,397,397,409,426,426,426],"floor_reached":21,"playtime":713,"items_purged":[],"score":368,"play_id":"3955dc81-46fe-45f1-93a3-d217f8bb989b","local_time":"20190506145420","is_ascension_mode":true,"campfire_choices":[{"data":"Metallicize","floor":6,"key":"SMITH"},{"data":"Uppercut","floor":8,"key":"SMITH"},{"data":"Clothesline","floor":10,"key":"SMITH"},{"floor":15,"key":"REST"}],"neow_cost":"NONE","seed_source_timestamp":572137886569900,"circlet_count":0,"master_deck":["AscendersBane","Strike_R","Strike_R","Strike_R","Strike_R+1","Strike_R+1","Defend_R","Defend_R","Defend_R","Defend_R","Bash","Clothesline+1","Metallicize+1","Intimidate","Battle Trance","Uppercut+1","Reaper","Heavy Blade","Juggernaut","Whirlwind"],"relics":["Burning Blood","Whetstone","Bottled Tornado","Ice Cream","Ancient Tea Set","Kunai","Black Star"],"potions_floor_usage":[7,7,12,16,21,21],"damage_taken":[{"damage":6,"enemies":"Small Slimes","floor":1,"turns":4},{"damage":11,"enemies":"2 Louse","floor":2,"turns":3},{"damage":0,"enemies":"Cultist","floor":3,"turns":4},{"damage":38,"enemies":"Exordium Wildlife","floor":4,"turns":8},{"damage":22,"enemies":"Gremlin Nob","floor":7,"turns":5},{"damage":17,"enemies":"Lagavulin","floor":11,"turns":6},{"damage":18,"enemies":"Lagavulin Event","floor":12,"turns":5},{"damage":17,"enemies":"3 Sentries","floor":13,"turns":10},{"damage":4,"enemies":"Looter","floor":14,"turns":3},{"damage":24,"enemies":"Slime Boss","floor":16,"turns":8},{"damage":27,"enemies":"Chosen","floor":18,"turns":7},{"damage":21,"enemies":"Shell Parasite","floor":19,"turns":9},{"damage":30,"enemies":"Snake Plant","floor":21,"turns":4}],"seed_played":"-6169148076683290142","potions_obtained":[{"floor":2,"key":"Strength Potion"},{"floor":4,"key":"Regen Potion"},{"floor":11,"key":"Strength Potion"},{"floor":14,"key":"AttackPotion"},{"floor":16,"key":"Weak Potion"},{"floor":18,"key":"AttackPotion"}],"is_trial":false,"path_per_floor":["M","M","M","M","?","R","E","R","T","R","E","?","E","M","R","B",null,"M","M","$","M"],"character_chosen":"IRONCLAD","items_purchased":[],"campfire_rested":1,"item_purchase_floors":[],"current_hp_per_floor":[68,63,69,37,37,37,35,35,35,35,24,12,15,21,43,25,63,42,27,27,0],"gold":426,"neow_bonus":"THREE_CARDS","is_prod":false,"is_daily":false,"chose_seed":false,"campfire_upgraded":3,"win_rate":0,"timestamp":1557147260,"path_taken":["M","M","M","M","?","R","E","R","T","R","E","?","E","M","R","BOSS","M","M","$","M"],"build_version":"2019-01-23","purchased_purges":0,"victory":false,"max_hp_per_floor":[75,75,75,75,75,75,75,75,75,75,75,75,75,75,75,75,75,75,75,75,75],"card_choices":[{"not_picked":["Iron Wave","Twin Strike"],"picked":"Clothesline","floor":0},{"not_picked":["Perfected Strike","Sword Boomerang"],"picked":"Metallicize","floor":1},{"not_picked":["True Grit","Clash"],"picked":"Intimidate","floor":2},{"not_picked":["Warcry","Rupture","Headbutt"],"picked":"SKIP","floor":3},{"not_picked":["Burning Pact","Headbutt"],"picked":"Battle Trance","floor":4},{"not_picked":["Wild Strike","Anger"],"picked":"Uppercut","floor":7},{"not_picked":["Shockwave","Anger"],"picked":"Reaper","floor":11},{"not_picked":["Pommel Strike","Twin Strike","Rage"],"picked":"SKIP","floor":13},{"not_picked":["Perfected Strike","Carnage"],"picked":"Heavy Blade","floor":14},{"not_picked":["Berserk","Fiend Fire"],"picked":"Juggernaut","floor":16},{"not_picked":["Anger","Twin Strike","Rampage"],"picked":"SKIP","floor":18},{"not_picked":["True Grit","Wild Strike"],"picked":"Whirlwind","floor":19}],"player_experience":1148047,"relics_obtained":[{"floor":7,"key":"Whetstone"},{"floor":9,"key":"Bottled Tornado"},{"floor":11,"key":"Ice Cream"},{"floor":12,"key":"Ancient Tea Set"},{"floor":13,"key":"Kunai"}],"event_choices":[{"damage_healed":0,"gold_gain":0,"player_choice":"Ignored","damage_taken":0,"max_hp_gain":0,"max_hp_loss":0,"event_name":"Liars Game","floor":5,"gold_loss":0},{"damage_healed":0,"gold_gain":30,"player_choice":"Searched \u00272\u0027 times","damage_taken":0,"max_hp_gain":0,"max_hp_loss":0,"event_name":"Dead Adventurer","floor":12,"gold_loss":0}],"is_beta":false,"boss_relics":[{"not_picked":["Cursed Key","Sozu"],"picked":"Black Star"}],"items_purged_floors":[],"is_endless":false,"potions_floor_spawned":[2,4,11,14,16,18,19],"killed_by":"Snake Plant","ascension_level":17}