{"gold_per_floor":[109,34,47,61,61,87,105,136,182,182,31,31,31,60,60,60],"floor_reached":16,"playtime":915,"items_purged":["Clumsy","Parasite"],"score":124,"play_id":"144c905e-4d88-4146-a909-3c953469fab5","local_time":"20190505185611","is_ascension_mode":true,"campfire_choices":[{"data":"Defragment","floor":12,"key":"SMITH"},{"data":"Zap","floor":15,"key":"SMITH"}],"neow_cost":"CURSE","seed_source_timestamp":1798938502238373,"circlet_count":0,"master_deck":["Strike_B","Strike_B","Defend_B","Defend_B","Defend_B","Zap+1","Dualcast","Hyperbeam","Reinforced Body","Defragment+1","Steam","Chill","Chill","White Noise","Cold Snap"],"relics":["Cracked Core","Darkstone Periapt","Gremlin Horn","Juzu Bracelet","Centennial Puzzle"],"potions_floor_usage":[14,14,16],"damage_taken":[{"damage":0,"enemies":"Cultist","floor":1,"turns":2},{"damage":0,"enemies":"Jaw Worm","floor":3,"turns":2},{"damage":0,"enemies":"Small Slimes","floor":4,"turns":1},{"damage":21,"enemies":"3 Sentries","floor":6,"turns":6},{"damage":1,"enemies":"2 Fungi Beasts","floor":7,"turns":2},{"damage":8,"enemies":"Lagavulin","floor":8,"turns":8},{"damage":24,"enemies":"Gremlin Nob","floor":14,"turns":4},{"damage":68,"enemies":"Hexaghost","floor":16,"turns":16}],"seed_played":"2002354960608200212","potions_obtained":[{"floor":3,"key":"Poison Potion"},{"floor":6,"key":"SteroidPotion"},{"floor":7,"key":"Poison Potion"},{"floor":8,"key":"Fire Potion"}],"is_trial":false,"path_per_floor":["M","$","M","M","?","E","M","E","T","?","$","R","?","E","R","B"],"character_chosen":"DEFECT","items_purchased":["Cold Snap"],"campfire_rested":0,"item_purchase_floors":[11],"current_hp_per_floor":[75,75,75,75,75,54,53,45,45,69,69,69,88,64,64,0],"gold":60,"neow_bonus":"TRANSFORM_TWO_CARDS","is_prod":false,"is_daily":false,"chose_seed":false,"campfire_upgraded":2,"win_rate":0,"timestamp":1557078971,"path_taken":["M","$","?","M","?","E","M","E","T","?","$","R","?","E","R","BOSS"],"build_version":"2019-01-23","purchased_purges":2,"victory":false,"max_hp_per_floor":[75,75,75,75,75,75,75,75,75,81,78,78,88,88,88,88],"card_choices":[{"not_picked":["Gash","Steam"],"picked":"Defragment","floor":1},{"not_picked":["Undo","Streamline","Turbo"],"picked":"SKIP","floor":3},{"not_picked":["Undo","Ball Lightning"],"picked":"Steam","floor":4},{"not_picked":["Ball Lightning","Conserve Battery"],"picked":"Chill","floor":6},{"not_picked":["Loop","FTL"],"picked":"Chill","floor":7},{"not_picked":["Compile Driver","Multi-Cast"],"picked":"White Noise","floor":8},{"not_picked":["Lockon","Tempest","Go for the Eyes"],"picked":"SKIP","floor":14}],"player_experience":1926880,"relics_obtained":[{"floor":6,"key":"Darkstone Periapt"},{"floor":8,"key":"Gremlin Horn"},{"floor":9,"key":"Juzu Bracelet"},{"floor":14,"key":"Centennial Puzzle"}],"event_choices":[{"damage_healed":0,"gold_gain":0,"cards_transformed":["Strike_B"],"player_choice":"Transformed","damage_taken":0,"max_hp_gain":0,"max_hp_loss":0,"event_name":"Transmorgrifier","floor":5,"gold_loss":0,"cards_obtained":["Thunder Strike"]},{"damage_healed":18,"gold_gain":0,"player_choice":"Healed and dodged fight","damage_taken":0,"max_hp_gain":0,"max_hp_loss":0,"event_name":"Mushrooms","floor":10,"gold_loss":0,"cards_obtained":["Parasite"]},{"cards_removed":["Thunder Strike"],"damage_healed":9,"gold_gain":0,"player_choice":"Offered Rare","damage_taken":0,"max_hp_gain":10,"max_hp_loss":0,"event_name":"Bonfire Elementals","floor":13,"gold_loss":0}],"is_beta":false,"boss_relics":[],"items_purged_floors":[2,11],"is_endless":false,"potions_floor_spawned":[3,6,7,8],"killed_by":"Hexaghost","ascension_level":1}