{"gold_per_floor":[113,113,131,151,151,151,170,200,200,200,231,30,43,54,54,54],"floor_reached":16,"playtime":426,"items_purged":[],"score":168,"play_id":"c1e17f95-8dbb-4c36-822d-76e89dacf80f","local_time":"20190429100341","is_ascension_mode":true,"campfire_choices":[{"data":"Bash","floor":6,"key":"SMITH"},{"data":"Barricade","floor":10,"key":"SMITH"},{"floor":15,"key":"REST"}],"neow_cost":"NONE","seed_source_timestamp":1683676011709100,"circlet_count":0,"master_deck":["AscendersBane","Strike_R","Strike_R","Strike_R","Strike_R","Strike_R","Defend_R","Defend_R","Defend_R","Defend_R","Bash+1","Heavy Blade","Offering","Barricade+1","Dual Wield","PiercingWail"],"relics":["Burning Blood","NeowsBlessing","Juzu Bracelet","Gremlin Horn","Mango","PrismaticShard"],"potions_floor_usage":[11,16],"damage_taken":[{"damage":0,"enemies":"Jaw Worm","floor":1,"turns":1},{"damage":0,"enemies":"2 Louse","floor":3,"turns":1},{"damage":0,"enemies":"Small Slimes","floor":4,"turns":1},{"damage":13,"enemies":"2 Fungi Beasts","floor":7,"turns":4},{"damage":31,"enemies":"Gremlin Nob","floor":8,"turns":4},{"damage":46,"enemies":"Lagavulin","floor":11,"turns":7},{"damage":9,"enemies":"Lots of Slimes","floor":13,"turns":3},{"damage":17,"enemies":"Red Slaver","floor":14,"turns":4},{"damage":35,"enemies":"Hexaghost","floor":16,"turns":9}],"seed_played":"-715429233894139983","potions_obtained":[{"floor":3,"key":"Ancient Potion"},{"floor":11,"key":"Strength Potion"},{"floor":14,"key":"SkillPotion"}],"is_trial":false,"path_per_floor":["M","?","M","M","$","R","M","E","T","R","E","$","M","M","R","B"],"character_chosen":"IRONCLAD","items_purchased":["PrismaticShard"],"campfire_rested":1,"item_purchase_floors":[12],"current_hp_per_floor":[78,78,80,80,80,80,73,48,48,48,22,22,19,8,36,1],"gold":54,"neow_bonus":"THREE_ENEMY_KILL","is_prod":false,"is_daily":false,"chose_seed":false,"campfire_upgraded":2,"win_rate":0,"timestamp":1556525021,"path_taken":["M","?","M","M","?","R","M","E","T","R","E","$","M","M","R","BOSS"],"build_version":"2019-01-23","purchased_purges":0,"victory":false,"max_hp_per_floor":[80,80,80,80,80,80,80,80,80,80,94,94,94,94,94,94],"card_choices":[{"not_picked":["Headbutt","Clash","Fire Breathing"],"picked":"SKIP","floor":1},{"not_picked":["Headbutt","Wild Strike"],"picked":"Heavy Blade","floor":3},{"not_picked":["Flex","Power Through"],"picked":"Offering","floor":4},{"not_picked":["Twin Strike","Flex","Sword Boomerang"],"picked":"SKIP","floor":7},{"not_picked":["Clothesline","Entrench"],"picked":"Barricade","floor":8},{"not_picked":["Rupture","Sword Boomerang","Cleave"],"picked":"SKIP","floor":11},{"not_picked":["Heel Hook","Consume"],"picked":"Dual Wield","floor":13},{"not_picked":["Twin Strike","Impatience"],"picked":"PiercingWail","floor":14}],"player_experience":856848,"relics_obtained":[{"floor":8,"key":"Juzu Bracelet"},{"floor":9,"key":"Gremlin Horn"},{"floor":11,"key":"Mango"}],"event_choices":[{"damage_healed":0,"gold_gain":0,"player_choice":"Ignored","damage_taken":0,"max_hp_gain":0,"max_hp_loss":0,"event_name":"Liars Game","floor":2,"gold_loss":0}],"is_beta":false,"boss_relics":[],"items_purged_floors":[],"is_endless":false,"potions_floor_spawned":[3,11,14],"killed_by":"Hexaghost","ascension_level":10}