{"gold_per_floor":[110,130,130,130,151,192,192,208,233,142,142,67,111,111,111,111],"floor_reached":16,"playtime":832,"items_purged":["Injury"],"score":146,"play_id":"a6253aa1-1128-4b32-a2bc-b3e2b2b4b13e","local_time":"20190410221904","is_ascension_mode":true,"campfire_choices":[{"floor":11,"key":"REST"},{"floor":15,"key":"REST"}],"neow_cost":"NONE","seed_source_timestamp":363108186334193,"circlet_count":0,"master_deck":["Strike_R","Strike_R","Strike_R","Strike_R","Strike_R","Defend_R","Defend_R","Defend_R","Defend_R","Bash","Twin Strike","Perfected Strike","Cleave","Dual Wield","Perfected Strike","True Grit","Wild Strike"],"relics":["Burning Blood","Juzu Bracelet","Golden Idol","Blood Vial","MawBank","Bag of Marbles"],"potions_floor_usage":[8,13,16],"damage_taken":[{"damage":20,"enemies":"Jaw Worm","floor":1,"turns":6},{"damage":0,"enemies":"Small Slimes","floor":2,"turns":2},{"damage":1,"enemies":"Cultist","floor":5,"turns":3},{"damage":50,"enemies":"3 Sentries","floor":6,"turns":6},{"damage":11,"enemies":"Exordium Thugs","floor":8,"turns":4},{"damage":48,"enemies":"Lagavulin","floor":13,"turns":9},{"damage":49,"enemies":"The Guardian","floor":16,"turns":9}],"seed_played":"-5253646571616033603","potions_obtained":[{"floor":2,"key":"Ancient Potion"},{"floor":6,"key":"Energy Potion"},{"floor":8,"key":"BloodPotion"}],"is_trial":false,"path_per_floor":["M","M","?","?","M","E","?","M","T","$","R","$","E","?","R","B"],"character_chosen":"IRONCLAD","items_purchased":["Block Potion","True Grit"],"campfire_rested":2,"item_purchase_floors":[10,10],"current_hp_per_floor":[58,64,69,69,74,30,30,27,27,27,52,52,12,12,37,0],"gold":111,"neow_bonus":"RANDOM_COMMON_RELIC","is_prod":false,"is_daily":false,"chose_seed":false,"campfire_upgraded":0,"win_rate":0,"timestamp":1554902344,"path_taken":["M","M","?","?","M","E","?","M","T","$","R","?","E","?","R","BOSS"],"build_version":"2019-01-23","purchased_purges":1,"victory":false,"max_hp_per_floor":[80,80,85,85,85,85,85,85,85,85,85,85,85,85,85,85],"card_choices":[{"not_picked":["Body Slam","Iron Wave"],"picked":"Twin Strike","floor":1},{"not_picked":["Twin Strike","Shrug It Off"],"picked":"Perfected Strike","floor":2},{"not_picked":["Berserk","Fire Breathing"],"picked":"Cleave","floor":5},{"not_picked":["Shrug It Off","Evolve"],"picked":"Dual Wield","floor":6},{"not_picked":["Disarm","Heavy Blade"],"picked":"Perfected Strike","floor":8},{"not_picked":["Flex","Rupture"],"picked":"Wild Strike","floor":13}],"player_experience":307899,"relics_obtained":[{"floor":6,"key":"Blood Vial"},{"floor":9,"key":"MawBank"},{"floor":13,"key":"Bag of Marbles"}],"event_choices":[{"damage_healed":0,"gold_gain":0,"player_choice":"Donut","damage_taken":0,"max_hp_gain":5,"max_hp_loss":0,"event_name":"Big Fish","floor":3,"gold_loss":0},{"damage_healed":0,"gold_gain":0,"player_choice":"Take Wound","damage_taken":0,"relics_obtained":["Golden Idol"],"max_hp_gain":0,"max_hp_loss":0,"event_name":"Golden Idol","floor":4,"gold_loss":0,"cards_obtained":["Injury"]},{"damage_healed":0,"gold_gain":0,"player_choice":"Searched \u00270\u0027 times","damage_taken":0,"max_hp_gain":0,"max_hp_loss":0,"event_name":"Dead Adventurer","floor":7,"gold_loss":0},{"damage_healed":0,"gold_gain":0,"player_choice":"Leave","damage_taken":0,"max_hp_gain":0,"max_hp_loss":0,"event_name":"FaceTrader","floor":14,"gold_loss":0}],"is_beta":false,"boss_relics":[],"items_purged_floors":[12],"is_endless":false,"potions_floor_spawned":[2,6,8],"killed_by":"The Guardian","ascension_level":7}