{"gold_per_floor":[114,134,148,148,161,161,173,173,200,228,265,292,322,351,363,474,486,511,543,555,580,604,616],"floor_reached":23,"playtime":9549,"items_purged":[],"score":201,"play_id":"555f0052-3263-4678-91ec-deafa38129a4","local_time":"20190404180536","is_ascension_mode":false,"campfire_choices":[{"data":"Deadly Poison","floor":6,"key":"SMITH"},{"data":"Doppelganger","floor":8,"key":"SMITH"},{"floor":15,"key":"REST"}],"neow_cost":"NONE","seed_source_timestamp":1145032716133400,"circlet_count":0,"master_deck":["Defend_G","Defend_G","Defend_G","Defend_G","Defend_G","Strike_G","Strike_G","Strike_G","Strike_G","Strike_G","Survivor","Neutralize","Finisher","Blur+1","Deadly Poison+1","Dash","Backflip","Doppelganger+1","Underhanded Strike","Poisoned Stab","Masterful Stab","Eviscerate","Blur","Acrobatics","Tools of the Trade","Reflex+1","Bane","Poisoned Stab","Reflex"],"relics":["Ring of the Snake","MawBank","Dream Catcher","HoveringKite"],"potions_floor_usage":[11,16,22,23,23,23],"damage_taken":[{"damage":0,"enemies":"2 Louse","floor":1,"turns":3},{"damage":0,"enemies":"Small Slimes","floor":2,"turns":5},{"damage":0,"enemies":"Cultist","floor":3,"turns":5},{"damage":0,"enemies":"2 Fungi Beasts","floor":5,"turns":3},{"damage":0,"enemies":"Looter","floor":7,"turns":3},{"damage":0,"enemies":"Red Slaver","floor":10,"turns":4},{"damage":17,"enemies":"3 Sentries","floor":11,"turns":11},{"damage":8,"enemies":"Large Slime","floor":12,"turns":6},{"damage":4,"enemies":"3 Louse","floor":13,"turns":4},{"damage":8,"enemies":"Gremlin Gang","floor":14,"turns":6},{"damage":21,"enemies":"The Guardian","floor":16,"turns":12},{"damage":22,"enemies":"2 Thieves","floor":18,"turns":5},{"damage":0,"enemies":"Chosen","floor":19,"turns":5},{"damage":7,"enemies":"Snecko","floor":21,"turns":6},{"damage":3,"enemies":"Chosen and Byrds","floor":22,"turns":5},{"damage":51,"enemies":"Gremlin Leader","floor":23,"turns":6}],"seed_played":"5189234204189982153","potions_obtained":[{"floor":1,"key":"SpeedPotion"},{"floor":5,"key":"AttackPotion"},{"floor":7,"key":"Energy Potion"},{"floor":14,"key":"Dexterity Potion"},{"floor":16,"key":"Dexterity Potion"},{"floor":19,"key":"SkillPotion"},{"floor":22,"key":"Ancient Potion"}],"is_trial":false,"path_per_floor":["M","M","M","?","M","R","M","R","T","M","E","M","M","M","R","B",null,"M","M","?","M","M","E"],"character_chosen":"THE_SILENT","items_purchased":[],"campfire_rested":1,"item_purchase_floors":[],"current_hp_per_floor":[70,70,70,70,70,70,70,70,70,70,53,45,41,33,54,33,70,48,48,48,41,38,0],"gold":616,"neow_bonus":"THREE_CARDS","is_prod":false,"is_daily":false,"chose_seed":false,"campfire_upgraded":2,"win_rate":0.0,"timestamp":1554393936,"path_taken":["M","M","M","?","M","R","M","R","T","M","E","M","M","M","R","BOSS","M","M","?","M","M","E"],"build_version":"2019-01-23","purchased_purges":0,"victory":false,"max_hp_per_floor":[70,70,70,70,70,70,70,70,70,70,70,70,70,70,70,70,70,70,70,70,70,70,70],"card_choices":[{"not_picked":["Acrobatics","Masterful Stab"],"picked":"Finisher","floor":0},{"not_picked":["Bouncing Flask","Prepared"],"picked":"Blur","floor":1},{"not_picked":["Acrobatics","Blade Dance"],"picked":"Deadly Poison","floor":2},{"not_picked":["Blade Dance","Dagger Spray"],"picked":"Dash","floor":3},{"not_picked":["Calculated Gamble","Masterful Stab"],"picked":"Backflip","floor":5},{"not_picked":["Caltrops","Slice"],"picked":"Doppelganger","floor":7},{"not_picked":["Endless Agony","Slice"],"picked":"Underhanded Strike","floor":10},{"not_picked":["Crippling Poison","Quick Slash"],"picked":"Poisoned Stab","floor":11},{"not_picked":["Backflip","Flechettes"],"picked":"Masterful Stab","floor":12},{"not_picked":["Deadly Poison","Sucker Punch"],"picked":"Eviscerate","floor":13},{"not_picked":["Bane","Footwork"],"picked":"Blur","floor":14},{"not_picked":["Tactician","PiercingWail"],"picked":"Acrobatics","floor":15},{"not_picked":["Night Terror","Glass Knife"],"picked":"Tools of the Trade","floor":16},{"not_picked":["Infinite Blades","Footwork"],"picked":"Reflex","floor":18},{"not_picked":["Sucker Punch","Slice"],"picked":"Bane","floor":19},{"not_picked":["Prepared","Dagger Spray"],"picked":"Poisoned Stab","floor":21},{"not_picked":["Deadly Poison","Finisher+1"],"picked":"Reflex","floor":22}],"player_experience":40481,"relics_obtained":[{"floor":9,"key":"MawBank"},{"floor":11,"key":"Dream Catcher"}],"event_choices":[{"damage_healed":0,"gold_gain":0,"player_choice":"Grow","damage_taken":0,"max_hp_gain":0,"max_hp_loss":0,"event_name":"Living Wall","floor":4,"gold_loss":0,"cards_upgraded":["Blur"]},{"damage_healed":0,"gold_gain":0,"player_choice":"Upgraded","damage_taken":0,"max_hp_gain":0,"max_hp_loss":0,"event_name":"Upgrade Shrine","floor":20,"gold_loss":0,"cards_upgraded":["Reflex"]}],"is_beta":false,"boss_relics":[{"not_picked":["Sozu","Eternal Feather"],"picked":"HoveringKite"}],"items_purged_floors":[],"is_endless":false,"potions_floor_spawned":[1,5,7,14,16,19,22],"killed_by":"Gremlin Leader","ascension_level":0}