{"gold_per_floor":[212,227,239,256,256,256,290,260,260,260,278,288,212,231,231,333,333,346,357,371,172,87,87,115,141,141,159,159,10,24,39,39,39],"floor_reached":33,"playtime":1202,"items_purged":["Defend_R"],"score":379,"play_id":"da71cd08-c508-43c8-8e18-33ac11fbc79b","local_time":"20190421221936","is_ascension_mode":true,"campfire_choices":[{"data":"Perfected Strike","floor":6.0,"key":"SMITH"},{"floor":10.0,"key":"REST"},{"data":"Pommel Strike","floor":15.0,"key":"SMITH"},{"floor":23.0,"key":"REST"},{"floor":28.0,"key":"REST"},{"floor":32.0,"key":"REST"}],"neow_cost":"NONE","seed_source_timestamp":737211934165321,"circlet_count":0,"master_deck":["Strike_R","Strike_R","Strike_R","Strike_R","Strike_R","Defend_R","Defend_R","Defend_R","Bash","Headbutt","Perfected Strike+1","Dual Wield+1","Cleave","Ghostly Armor","Flame Barrier","Pommel Strike+1","Blood for Blood","True Grit","Perfected Strike","Armaments","Seeing Red","Shockwave+1","True Grit+1","Bloodletting+1"],"special_seed":0,"relics":["Burning Blood","Vajra","Smiling Mask","Sozu","Darkstone Periapt","Toxic Egg 2","Juzu Bracelet","Paper Frog","Regal Pillow"],"potions_floor_usage":[],"damage_taken":[{"damage":12.0,"enemies":"2 Louse","floor":1.0,"turns":4.0},{"damage":12.0,"enemies":"Jaw Worm","floor":2.0,"turns":4.0},{"damage":0.0,"enemies":"Cultist","floor":3.0,"turns":2.0},{"damage":20.0,"enemies":"3 Louse","floor":4.0,"turns":3.0},{"damage":30.0,"enemies":"3 Sentries","floor":7.0,"turns":7.0},{"damage":6.0,"enemies":"Blue Slaver","floor":11.0,"turns":3.0},{"damage":21.0,"enemies":"Gremlin Gang","floor":12.0,"turns":4.0},{"damage":0.0,"enemies":"Exordium Wildlife","floor":14.0,"turns":2.0},{"damage":2.0,"enemies":"Slime Boss","floor":16.0,"turns":9.0},{"damage":16.0,"enemies":"3 Byrds","floor":18.0,"turns":4.0},{"damage":2.0,"enemies":"Chosen","floor":19.0,"turns":3.0},{"damage":48.0,"enemies":"Shelled Parasite and Fungi","floor":20.0,"turns":6.0},{"damage":36.0,"enemies":"Slavers","floor":24.0,"turns":5.0},{"damage":12.0,"enemies":"Cultist and Chosen","floor":27.0,"turns":5.0},{"damage":20.0,"enemies":"Snake Plant","floor":30.0,"turns":3.0},{"damage":14.0,"enemies":"Centurion and Healer","floor":31.0,"turns":5.0},{"damage":61,"enemies":"Automaton","floor":33,"turns":6}],"seed_played":"-3841632361030036437","potions_obtained":[{"floor":1.0,"key":"SpeedPotion"},{"floor":2.0,"key":"FearPotion"},{"floor":8.0,"key":"Ancient Potion"},{"floor":8.0,"key":"FearPotion"},{"floor":16.0,"key":"PowerPotion"}],"is_trial":false,"path_per_floor":["M","M","M","M","?","R","E","?","T","R","M","M","$","M","R","B",null,"M","M","M","$","?","R","E","T","T","M","R","$","M","M","R","B"],"character_chosen":"IRONCLAD","items_purchased":["Pommel Strike","SteroidPotion","Perfected Strike","Armaments","Seeing Red","Regal Pillow"],"campfire_rested":4,"item_purchase_floors":[13,13,21,21,21,29],"current_hp_per_floor":[66,60,66,52,52,52,28,28,28,52,52,37,37,43,43,47,72,62,66,24,24,24,48,18,18,18,12,36,36,22,14,53,0],"gold":39,"neow_bonus":"HUNDRED_GOLD","is_prod":false,"is_daily":false,"chose_seed":false,"campfire_upgraded":2,"win_rate":0,"timestamp":1555852776,"path_taken":["M","M","M","M","?","R","E","?","T","R","M","M","$","M","R","BOSS","M","M","M","?","?","R","E","?","T","M","R","?","M","M","R","BOSS"],"build_version":"2019-01-23","purchased_purges":1,"victory":false,"max_hp_per_floor":[80,80,80,80,80,80,80,80,80,80,80,80,80,80,80,80,80,80,80,80,80,80,80,80,80,80,80,80,80,80,80,80,80],"card_choices":[{"not_picked":["Reckless Charge","Entrench"],"picked":"Headbutt","floor":1.0},{"not_picked":["Havoc","Shrug It Off"],"picked":"Perfected Strike","floor":2.0},{"not_picked":["Thunderclap","Corruption"],"picked":"Dual Wield","floor":3.0},{"not_picked":["Ghostly Armor","Headbutt"],"picked":"Cleave","floor":4.0},{"not_picked":["Sever Soul","Feel No Pain"],"picked":"Ghostly Armor","floor":7.0},{"not_picked":["Reckless Charge","Iron Wave","Power Through"],"picked":"SKIP","floor":11.0},{"not_picked":["Reaper","Clothesline"],"picked":"Flame Barrier","floor":12.0},{"not_picked":["Feel No Pain","Wild Strike","Headbutt"],"picked":"SKIP","floor":14.0},{"not_picked":["Feel No Pain","Spot Weakness"],"picked":"Blood for Blood","floor":18.0},{"not_picked":["Sentinel","Thunderclap","Flame Barrier"],"picked":"SKIP","floor":19.0},{"not_picked":["Flex","Iron Wave"],"picked":"True Grit","floor":20.0},{"not_picked":["Berserk","Searing Blow+1"],"picked":"Shockwave+1","floor":24.0},{"not_picked":["Sword Boomerang","Rampage"],"picked":"True Grit+1","floor":27.0},{"not_picked":["Metallicize","Corruption","Spot Weakness+1"],"picked":"SKIP","floor":30.0},{"not_picked":["Iron Wave","Rampage+1"],"picked":"Bloodletting+1","floor":31.0}],"player_experience":408825,"relics_obtained":[{"floor":7.0,"key":"Vajra"},{"floor":9.0,"key":"Smiling Mask"},{"floor":24.0,"key":"Toxic Egg 2"},{"floor":25.0,"key":"Juzu Bracelet"},{"floor":26.0,"key":"Paper Frog"}],"event_choices":[{"damage_healed":0.0,"max_hp_gain":0.0,"max_hp_loss":0.0,"gold_gain":0.0,"event_name":"Living Wall","player_choice":"Grow","floor":5.0,"gold_loss":0.0,"damage_taken":0.0,"cards_upgraded":["Dual Wield"]},{"damage_healed":0.0,"max_hp_gain":0.0,"max_hp_loss":0.0,"gold_gain":0.0,"event_name":"The Woman in Blue","player_choice":"Bought 2 Potions","floor":8.0,"gold_loss":0.0,"damage_taken":0.0},{"damage_healed":0.0,"max_hp_gain":0.0,"max_hp_loss":0.0,"gold_gain":0.0,"event_name":"Addict","player_choice":"Obtained Relic","floor":22.0,"gold_loss":85.0,"damage_taken":0.0,"relics_obtained":["Darkstone Periapt"]}],"is_beta":false,"boss_relics":[{"not_picked":["Astrolabe","Calling Bell"],"picked":"Sozu"}],"items_purged_floors":[21],"is_endless":false,"potions_floor_spawned":[1,2,14,16,18,19,20],"killed_by":"Automaton","ascension_level":8}