{"gold_per_floor":[209,209,227,246,421,447,458,458,482,517,517,549,559,576,576,672,672,690,705,723,367,367,367,367],"floor_reached":24,"playtime":1078,"items_purged":["Doubt"],"score":273,"play_id":"9957adbc-d155-4ff9-915d-54b7f7826c59","local_time":"20180816212833","is_ascension_mode":true,"campfire_choices":[{"data":"Bash","floor":8,"key":"SMITH"},{"floor":11,"key":"REST"},{"floor":15,"key":"REST"},{"floor":23,"key":"REST"}],"neow_cost":"NONE","seed_source_timestamp":124904686535606,"circlet_count":0,"master_deck":["Strike_R","Strike_R","Strike_R","Strike_R","Strike_R","Defend_R","Defend_R","Defend_R","Defend_R","Bash+1","Iron Wave","Clash","Cleave","Rampage","Flame Barrier","Clash","Clash","Demon Form","Anger","Anger+1","Barricade","Corruption","Armaments"],"relics":["Burning Blood","Strawberry","Omamori","Bag of Preparation","Self Forming Clay","Mark of Pain","Medical Kit"],"potions_floor_usage":[10,12,14,16,20,24],"damage_taken":[{"damage":6,"enemies":"Cultist","floor":1,"turns":3},{"damage":0,"enemies":"Small Slimes","floor":3,"turns":3},{"damage":2,"enemies":"2 Louse","floor":4,"turns":3},{"damage":45,"enemies":"Gremlin Nob","floor":6,"turns":5},{"damage":13,"enemies":"Red Slaver","floor":7,"turns":3},{"damage":19,"enemies":"3 Sentries","floor":10,"turns":9},{"damage":27,"enemies":"Lagavulin","floor":12,"turns":6},{"damage":9,"enemies":"Exordium Thugs","floor":13,"turns":4},{"damage":0,"enemies":"2 Fungi Beasts","floor":14,"turns":3},{"damage":40,"enemies":"The Guardian","floor":16,"turns":14},{"damage":4,"enemies":"3 Byrds","floor":18,"turns":3},{"damage":30,"enemies":"Shell Parasite","floor":19,"turns":5},{"damage":35,"enemies":"Centurion and Healer","floor":20,"turns":8},{"damage":50,"enemies":"Snake Plant","floor":24,"turns":5}],"seed_played":"-2412817832156913458","potions_obtained":[{"floor":3,"key":"Dexterity Potion"},{"floor":7,"key":"Dexterity Potion"},{"floor":10,"key":"Fire Potion"},{"floor":12,"key":"Block Potion"},{"floor":14,"key":"EssenceOfSteel"},{"floor":16,"key":"Energy Potion"},{"floor":19,"key":"Regen Potion"},{"floor":20,"key":"PowerPotion"}],"is_trial":false,"path_per_floor":["M","$","M","M","?","E","M","R","T","E","R","E","M","M","R","B",null,"M","M","M","$","?","R"],"character_chosen":"IRONCLAD","items_purchased":["Corruption","Medical Kit","Armaments"],"campfire_rested":3,"item_purchase_floors":[21,21,21],"current_hp_per_floor":[80,80,80,80,80,48,41,41,41,28,54,33,30,36,62,28,72,74,50,36,36,19,46,0],"gold":367,"neow_bonus":"HUNDRED_GOLD","is_prod":false,"is_daily":false,"chose_seed":false,"campfire_upgraded":1,"win_rate":0,"timestamp":1534480113,"path_taken":["M","$","M","M","?","E","?","R","T","E","R","E","M","M","R","BOSS","M","M","M","$","?","R","M"],"build_version":"2018-08-16","purchased_purges":1,"victory":false,"max_hp_per_floor":[80,80,80,80,80,87,87,87,87,87,87,87,87,87,87,87,87,87,87,87,87,92,92,92],"card_choices":[{"not_picked":["Thunderclap","Flame Barrier"],"picked":"Iron Wave","floor":1},{"not_picked":["Corruption","Flame Barrier"],"picked":"Clash","floor":3},{"not_picked":["Headbutt","Twin Strike"],"picked":"Cleave","floor":4},{"not_picked":["Feel No Pain","Barricade"],"picked":"Rampage","floor":6},{"not_picked":["Wild Strike","Heavy Blade"],"picked":"Flame Barrier","floor":7},{"not_picked":["Searing Blow","Headbutt","Corruption"],"picked":"SKIP","floor":10},{"not_picked":["Sword Boomerang","Clothesline"],"picked":"Clash","floor":12},{"not_picked":["Clothesline","Disarm"],"picked":"Clash","floor":13},{"not_picked":["Headbutt","True Grit","Reckless Charge"],"picked":"SKIP","floor":14},{"not_picked":["Immolate","Offering"],"picked":"Demon Form","floor":16},{"not_picked":["Clothesline","Power Through"],"picked":"Anger","floor":18},{"not_picked":["Twin Strike","Clothesline"],"picked":"Anger+1","floor":19},{"not_picked":["Infernal Blade","Warcry"],"picked":"Barricade","floor":20}],"player_experience":85905,"relics_obtained":[{"floor":6,"key":"Strawberry"},{"floor":9,"key":"Omamori"},{"floor":10,"key":"Bag of Preparation"},{"floor":12,"key":"Self Forming Clay"}],"event_choices":[{"event_name":"Liars Game","player_choice":"agreed","floor":5,"damage_taken":0},{"event_name":"Forgotten Altar","player_choice":"Shed Blood","floor":22,"damage_taken":0}],"is_beta":false,"boss_relics":[{"not_picked":["Coffee Dripper","Ectoplasm"],"picked":"Mark of Pain"}],"items_purged_floors":[21],"is_endless":false,"potions_floor_spawned":[3,7,10,12,14,16,19,20],"killed_by":"Snake Plant","ascension_level":5}