{"gold_per_floor":[116,135,148,46,126,126,145,179,209,223,223,223,240,59,59,158,158,170,187,286,286],"floor_reached":21,"playtime":1054,"items_purged":["Strike_B"],"score":244,"play_id":"975dda95-85f8-47e7-99de-4f9f6d388ac2","local_time":"20190417222527","is_ascension_mode":true,"campfire_choices":[{"floor":6,"key":"REST"},{"data":"Zap","floor":11,"key":"SMITH"},{"floor":15,"key":"REST"}],"neow_cost":"PERCENT_DAMAGE","seed_source_timestamp":392204518767484,"circlet_count":0,"master_deck":["Strike_B","Strike_B","Strike_B","Defend_B","Defend_B","Defend_B","Defend_B","Zap+1","Dualcast","Creative AI","Streamline","Go for the Eyes","Streamline","Conserve Battery","FTL","FTL","Fission","Cold Snap","Rebound","Hologram","Sunder","Seek","Conserve Battery"],"relics":["Cracked Core","Art of War","Tiny Chest","Eternal Feather"],"potions_floor_usage":[8,8,13,13,16,16,21],"damage_taken":[{"damage":6,"enemies":"2 Louse","floor":1,"turns":2},{"damage":9,"enemies":"Small Slimes","floor":2,"turns":3},{"damage":0,"enemies":"Cultist","floor":3,"turns":3},{"damage":0,"enemies":"Exordium Thugs","floor":7,"turns":3},{"damage":23,"enemies":"Lagavulin","floor":8,"turns":4},{"damage":6,"enemies":"Looter","floor":10,"turns":3},{"damage":0,"enemies":"Large Slime","floor":13,"turns":3},{"damage":26,"enemies":"Slime Boss","floor":16,"turns":8},{"damage":43,"enemies":"Shell Parasite","floor":18,"turns":7},{"damage":1,"enemies":"Chosen","floor":19,"turns":4},{"damage":23,"enemies":"Masked Bandits","floor":21,"turns":2}],"seed_played":"8607271555140571879","potions_obtained":[{"floor":1,"key":"Poison Potion"},{"floor":2,"key":"PowerPotion"},{"floor":8,"key":"SkillPotion"},{"floor":12,"key":"Fire Potion"},{"floor":12,"key":"Explosive Potion"},{"floor":13,"key":"Energy Potion"},{"floor":16,"key":"Dexterity Potion"},{"floor":18,"key":"Ancient Potion"}],"is_trial":false,"path_per_floor":["M","M","M","$","?","R","M","E","T","M","R","?","M","$","R","B",null,"M","M","?","?"],"character_chosen":"DEFECT","items_purchased":["Conserve Battery","FTL","Hologram","Sunder"],"campfire_rested":2,"item_purchase_floors":[4,4,14,14],"current_hp_per_floor":[44,35,35,35,35,57,57,34,34,28,28,28,28,28,50,24,62,19,18,18,0],"gold":286,"neow_bonus":"THREE_RARE_CARDS","is_prod":false,"is_daily":false,"chose_seed":false,"campfire_upgraded":1,"win_rate":0,"timestamp":1555507527,"path_taken":["M","M","M","$","?","R","M","E","T","M","R","?","?","$","R","BOSS","M","M","?","?"],"build_version":"2019-01-23","purchased_purges":1,"victory":false,"max_hp_per_floor":[75,75,75,75,75,75,75,75,75,75,75,75,75,75,75,75,75,75,75,75,75],"card_choices":[{"not_picked":["Thunder Strike","Fission"],"picked":"Creative AI","floor":0},{"not_picked":["Lockon","FTL"],"picked":"Streamline","floor":1},{"not_picked":["Streamline","Auto Shields"],"picked":"Go for the Eyes","floor":2},{"not_picked":["Stack","Hello World"],"picked":"Streamline","floor":3},{"not_picked":["Capacitor","Conserve Battery"],"picked":"FTL","floor":7},{"not_picked":["Gash","Lockon"],"picked":"Fission","floor":8},{"not_picked":["Scrape","Redo"],"picked":"Cold Snap","floor":10},{"not_picked":["Steam","Coolheaded"],"picked":"Rebound","floor":13},{"not_picked":["Multi-Cast","Rainbow"],"picked":"Seek","floor":16},{"not_picked":["Barrage","Redo","Force Field"],"picked":"SKIP","floor":18},{"not_picked":["Rebound","Steam Power"],"picked":"Conserve Battery","floor":19}],"player_experience":355806,"relics_obtained":[{"floor":8,"key":"Art of War"},{"floor":9,"key":"Tiny Chest"}],"event_choices":[{"damage_healed":0,"gold_gain":80,"player_choice":"Gained Gold","damage_taken":0,"max_hp_gain":0,"max_hp_loss":0,"event_name":"Golden Wing","floor":5,"gold_loss":0},{"damage_healed":0,"gold_gain":0,"player_choice":"Got Potions","damage_taken":0,"max_hp_gain":0,"max_hp_loss":0,"event_name":"Lab","floor":12,"gold_loss":0},{"damage_healed":0,"gold_gain":99,"player_choice":"Stole From Cult","damage_taken":0,"max_hp_gain":0,"max_hp_loss":0,"event_name":"Nest","floor":20,"gold_loss":0},{"damage_healed":0,"gold_gain":0,"player_choice":"Fought Bandits","damage_taken":0,"max_hp_gain":0,"max_hp_loss":0,"event_name":"Masked Bandits","floor":21,"gold_loss":0}],"is_beta":false,"boss_relics":[{"not_picked":["Pandora\u0027s Box","Empty Cage"],"picked":"Eternal Feather"}],"items_purged_floors":[14],"is_endless":false,"potions_floor_spawned":[1,2,8,13,16,18],"killed_by":"Masked Bandits","ascension_level":7}