{"gold_per_floor":[118,132,132,62,79,109,126,158,158,158,168,67,100,120,120,224,224,238,256,2,21,34,68,68,85,112,112,112,140,55,68,68,172,172,183,194,194,205,216,245,245,307,307,307,307,327,75,92,92,92],"floor_reached":50,"playtime":2907,"items_purged":["Strike_B"],"score":671,"play_id":"8e4f06dc-adda-4311-a9d4-300e47840d1c","local_time":"20180810224211","is_ascension_mode":true,"campfire_choices":[{"data":"Zap","floor":10,"key":"SMITH"},{"data":"Echo Form","floor":15,"key":"SMITH"},{"floor":24,"key":"REST"},{"data":"Doubt","floor":28,"key":"PURGE"},{"data":"Consume","floor":32,"key":"SMITH"},{"floor":41,"key":"REST"},{"data":"Decay","floor":44,"key":"PURGE"},{"floor":49,"key":"REST"}],"neow_cost":"NONE","seed_source_timestamp":210282390624654,"circlet_count":0,"master_deck":["Strike_B","Strike_B","Strike_B","Defend_B","Defend_B","Defend_B","Defend_B","Zap+1","Dualcast","Auto Shields+1","Melter","FTL","Rebound","Glacier+1","Ball Lightning","Hologram","Sunder","Go for the Eyes","Echo Form+1","Electrodynamics","Consume+1","Hologram+1","Hologram+1","Cold Snap+1","Sunder","Capacitor","Go for the Eyes+1","Tempest","Rainbow","Force Field+1","Glacier","Bandage Up","Mind Blast","Magnetism","Cold Snap","Barrage+1","Turbo","Storm+1","Loop+1","Panache+1","Defragment+1"],"relics":["Cracked Core","Bronze Scales","Bag of Preparation","Darkstone Periapt","Peace Pipe","Cursed Key","Kunai","Pen Nib","Potion Belt","Vajra","War Paint","Fusion Hammer","Juzu Bracelet","Tiny Chest","Frozen Egg 2"],"potions_floor_usage":[6,6,6,8,13,23,25,31,33,40,42,42],"damage_taken":[{"damage":0,"enemies":"2 Louse","floor":1,"turns":2},{"damage":5,"enemies":"Cultist","floor":2,"turns":4},{"damage":0,"enemies":"Small Slimes","floor":5,"turns":2},{"damage":1,"enemies":"Gremlin Nob","floor":6,"turns":4},{"damage":0,"enemies":"Looter","floor":7,"turns":2},{"damage":0,"enemies":"3 Sentries","floor":8,"turns":7},{"damage":0,"enemies":"Blue Slaver","floor":11,"turns":3},{"damage":4,"enemies":"Gremlin Nob","floor":13,"turns":3},{"damage":0,"enemies":"3 Louse","floor":14,"turns":3},{"damage":25,"enemies":"Slime Boss","floor":16,"turns":6},{"damage":0,"enemies":"Chosen","floor":18,"turns":3},{"damage":0,"enemies":"3 Byrds","floor":19,"turns":2},{"damage":23,"enemies":"Cultist and Chosen","floor":21,"turns":7},{"damage":9,"enemies":"Snecko","floor":22,"turns":5},{"damage":7,"enemies":"Book of Stabbing","floor":23,"turns":5},{"damage":0,"enemies":"3 Cultists","floor":25,"turns":2},{"damage":18,"enemies":"Gremlin Leader","floor":29,"turns":5},{"damage":0,"enemies":"Centurion and Healer","floor":31,"turns":4},{"damage":43,"enemies":"Collector","floor":33,"turns":9},{"damage":0,"enemies":"3 Shapes","floor":35,"turns":3},{"damage":0,"enemies":"Flame Bruiser 1 Orb","floor":36,"turns":6},{"damage":14,"enemies":"3 Darklings","floor":38,"turns":12},{"damage":6,"enemies":"4 Shapes","floor":39,"turns":13},{"damage":56,"enemies":"Nemesis","floor":40,"turns":16},{"damage":15,"enemies":"2 Orb Walkers","floor":42,"turns":4},{"damage":0,"enemies":"Flame Bruiser 2 Orb","floor":46,"turns":6},{"damage":0,"enemies":"Transient","floor":48,"turns":5},{"damage":76,"enemies":"Time Eater","floor":50,"turns":5}],"seed_played":"286083445698381732","potions_obtained":[{"floor":1,"key":"EssenceOfSteel"},{"floor":3,"key":"EntropicBrew"},{"floor":3,"key":"EssenceOfSteel"},{"floor":7,"key":"AttackPotion"},{"floor":8,"key":"Dexterity Potion"},{"floor":13,"key":"Ancient Potion"},{"floor":16,"key":"PowerPotion"},{"floor":23,"key":"AttackPotion"},{"floor":31,"key":"FocusPotion"},{"floor":33,"key":"Energy Potion"},{"floor":39,"key":"PowerPotion"},{"floor":42,"key":"FearPotion"},{"floor":48,"key":"Fire Potion"}],"is_trial":false,"path_per_floor":["M","M","?","$","M","E","M","E","T","R","M","$","E","M","R","B",null,"M","M","$","M","M","E","R","M","T","?","R","E","?","M","R","B",null,"M","M","?","M","M","E","R","E","T","R","?","M","$","M","R"],"character_chosen":"DEFECT","items_purchased":["FTL","Go for the Eyes","Kunai","Loop+1","Panache+1"],"campfire_rested":3,"item_purchase_floors":[4,12,20,47,47],"current_hp_per_floor":[82,77,77,77,77,76,76,76,76,76,76,76,72,72,72,47,82,82,82,82,59,50,43,67,67,73,73,73,55,55,55,55,12,88,88,88,78,72,78,26,52,37,43,43,43,43,43,47,75,0],"gold":92,"neow_bonus":"TEN_PERCENT_HP_BONUS","is_prod":false,"is_daily":false,"chose_seed":false,"campfire_upgraded":3,"win_rate":0,"timestamp":1533966131,"path_taken":["M","M","?","$","M","E","M","E","T","R","M","$","E","M","R","BOSS","M","M","$","M","M","E","R","M","T","?","R","E","?","M","R","BOSS","M","M","?","M","M","E","R","E","T","R","?","M","$","M","R","BOSS"],"build_version":"2018-08-09","purchased_purges":1,"victory":false,"max_hp_per_floor":[82,82,82,82,82,82,82,82,82,82,82,82,82,82,82,82,82,82,82,82,82,82,82,82,82,88,88,88,88,88,88,88,88,88,88,88,88,88,88,88,88,88,94,94,94,94,94,94,94,94],"card_choices":[{"not_picked":["Steam Power","Storm"],"picked":"Auto Shields","floor":1},{"not_picked":["Gash","Heatsinks"],"picked":"Melter","floor":2},{"not_picked":["Turbo","Tempest"],"picked":"Rebound","floor":5},{"not_picked":["Beam Cell","Sweeping Beam"],"picked":"Glacier","floor":6},{"not_picked":["BootSequence","Auto Shields"],"picked":"Ball Lightning","floor":7},{"not_picked":["Turbo","Scrape"],"picked":"Hologram","floor":8},{"not_picked":["Rip and Tear","BootSequence"],"picked":"Sunder","floor":11},{"not_picked":["FTL","Hologram"],"picked":"Echo Form","floor":13},{"not_picked":["Sweeping Beam","Steam","Streamline"],"picked":"SKIP","floor":14},{"not_picked":["Rainbow","Amplify"],"picked":"Electrodynamics","floor":16},{"not_picked":["Coolheaded","Steam"],"picked":"Consume","floor":18},{"not_picked":["Rebound","Streamline","Leap"],"picked":"SKIP","floor":19},{"not_picked":["Redo","Aggregate+1"],"picked":"Hologram+1","floor":21},{"not_picked":["Fusion","Compile Driver"],"picked":"Hologram+1","floor":22},{"not_picked":["Lockon","Reprogram"],"picked":"Cold Snap+1","floor":23},{"not_picked":["Redo","Consume+1"],"picked":"Sunder","floor":25},{"not_picked":["Machine Learning","Lockon"],"picked":"Go for the Eyes+1","floor":29},{"not_picked":["Consume","Heatsinks"],"picked":"Tempest","floor":31},{"not_picked":["Biased Cognition","Seek"],"picked":"Rainbow","floor":33},{"not_picked":["Heatsinks+1","Hello World"],"picked":"Force Field+1","floor":35},{"not_picked":["Compile Driver","Turbo+1"],"picked":"Glacier","floor":36},{"not_picked":["Magnetism","Sadistic Nature"],"picked":"Bandage Up","floor":37},{"not_picked":["Secret Weapon","Trip"],"picked":"Mind Blast","floor":37},{"not_picked":["Panacea","Blind"],"picked":"Magnetism","floor":37},{"not_picked":["Streamline+1","Reprogram","Steam Power"],"picked":"SKIP","floor":38},{"not_picked":["Static Discharge","Blizzard+1"],"picked":"Cold Snap","floor":39},{"not_picked":["Steam+1","Darkness+1"],"picked":"Barrage+1","floor":40},{"not_picked":["Streamline+1","FTL"],"picked":"Turbo","floor":42},{"not_picked":["Conserve Battery+1","Double Energy+1"],"picked":"Storm+1","floor":46},{"not_picked":["Beam Cell","Chaos+1"],"picked":"Defragment+1","floor":48}],"player_experience":20966,"relics_obtained":[{"floor":6,"key":"Bronze Scales"},{"floor":8,"key":"Bag of Preparation"},{"floor":9,"key":"Darkstone Periapt"},{"floor":13,"key":"Peace Pipe"},{"floor":23,"key":"Pen Nib"},{"floor":26,"key":"Potion Belt"},{"floor":29,"key":"Vajra"},{"floor":40,"key":"Juzu Bracelet"},{"floor":42,"key":"Tiny Chest"},{"floor":43,"key":"Frozen Egg 2"}],"event_choices":[{"event_name":"The Lab","player_choice":"Got Potions","floor":3,"damage_taken":0},{"event_name":"The Library","player_choice":"Read","floor":27,"damage_taken":0},{"event_name":"Addict","player_choice":"Obtained Relic","floor":30,"damage_taken":0},{"event_name":"SensoryStone","player_choice":"Memory 3","floor":37,"damage_taken":0},{"event_name":"Tomb of Lord Red Mask","player_choice":"Ignored","floor":45,"damage_taken":0}],"is_beta":false,"boss_relics":[{"not_picked":["Calling Bell","Black Star"],"picked":"Cursed Key"},{"not_picked":["Astrolabe","Busted Crown"],"picked":"Fusion Hammer"}],"items_purged_floors":[12],"is_endless":false,"potions_floor_spawned":[1,7,8,13,16,19,23,31,33,39,42,48],"killed_by":"Time Eater","ascension_level":1}