{"gold_per_floor":[118,137,22,34,34,34,45,73,100,100],"floor_reached":10,"playtime":349,"items_purged":[],"score":75,"play_id":"14369b39-116a-44f1-bee5-c0f53bf7d700","local_time":"20190214062139","is_ascension_mode":true,"campfire_choices":[{"data":"Dualcast","floor":6,"key":"SMITH"}],"neow_cost":"NONE","seed_source_timestamp":45594351069912,"circlet_count":0,"master_deck":["Strike_B","Strike_B","Strike_B","Strike_B","Defend_B","Defend_B","Defend_B","Defend_B","Zap","Dualcast+1","BootSequence","Conserve Battery","Static Discharge+1","Consume","Ball Lightning","Genetic Algorithm","Redo"],"relics":["Cracked Core","Blood Vial","Regal Pillow"],"potions_floor_usage":[],"damage_taken":[{"damage":2,"enemies":"Jaw Worm","floor":1,"turns":3},{"damage":0,"enemies":"Small Slimes","floor":2,"turns":2},{"damage":11,"enemies":"Cultist","floor":4,"turns":4},{"damage":3,"enemies":"3 Louse","floor":7,"turns":3},{"damage":21,"enemies":"Gremlin Nob","floor":8,"turns":3},{"damage":0,"enemies":"3 Sentries","floor":10,"turns":1}],"seed_played":"-3092505731452320821","potions_obtained":[{"floor":2,"key":"PowerPotion"},{"floor":8,"key":"SkillPotion"}],"is_trial":false,"path_per_floor":["M","M","$","M","?","R","M","E","T","E"],"character_chosen":"DEFECT","items_purchased":["Static Discharge","Consume"],"campfire_rested":0,"item_purchase_floors":[3,3],"current_hp_per_floor":[80,80,80,69,69,69,66,45,45,47],"gold":100,"neow_bonus":"TEN_PERCENT_HP_BONUS","is_prod":false,"is_daily":false,"chose_seed":false,"campfire_upgraded":1,"win_rate":0,"timestamp":1550154099,"path_taken":["M","M","$","M","?","R","M","E","T","E"],"build_version":"2019-01-23","purchased_purges":0,"victory":false,"max_hp_per_floor":[82,82,82,82,82,82,82,82,82,82],"card_choices":[{"not_picked":["Turbo","Hologram"],"picked":"BootSequence","floor":1},{"not_picked":["Coolheaded","Rebound"],"picked":"Conserve Battery","floor":2},{"not_picked":["Go for the Eyes","Cold Snap"],"picked":"Ball Lightning","floor":4},{"not_picked":["White Noise","Turbo"],"picked":"Genetic Algorithm","floor":7},{"not_picked":["Auto Shields","Steam"],"picked":"Redo","floor":8}],"player_experience":358521,"relics_obtained":[{"floor":8,"key":"Blood Vial"},{"floor":9,"key":"Regal Pillow"}],"event_choices":[{"damage_healed":0,"gold_gain":0,"player_choice":"Grow","damage_taken":0,"max_hp_gain":0,"max_hp_loss":0,"event_name":"Living Wall","floor":5,"gold_loss":0,"cards_upgraded":["Static Discharge"]}],"is_beta":false,"boss_relics":[],"items_purged_floors":[],"is_endless":false,"potions_floor_spawned":[2,8],"killed_by":"3 Sentries","ascension_level":2}