{"gold_per_floor":[115,133,153,168,184,184,194,209,256,256,283,303,329,26,26,124,124,104,104,29,39,39,39],"floor_reached":23,"playtime":2373,"items_purged":["Strike_R"],"score":246,"play_id":"df7a95a7-5493-4c6a-aa92-42d1e918ddc5","local_time":"20190414112903","is_ascension_mode":true,"campfire_choices":[{"data":"Body Slam","floor":6,"key":"SMITH"},{"data":"Barricade","floor":15,"key":"SMITH"}],"neow_cost":"NONE","seed_source_timestamp":390850270735200,"circlet_count":0,"master_deck":["Strike_R","Strike_R","Strike_R","Strike_R","Defend_R","Defend_R","Defend_R","Defend_R","Bash","Impervious","True Grit","Havoc","Iron Wave","Barricade+1","Body Slam+1","Intimidate","Ghostly Armor","Double Tap","Shrug It Off+1"],"relics":["Burning Blood","Blood Vial","NlothsMask","Champion Belt","Juzu Bracelet","Art of War","Mark of Pain","Letter Opener"],"potions_floor_usage":[11,11,11,16,16,21],"damage_taken":[{"damage":12,"enemies":"Jaw Worm","floor":1,"turns":2},{"damage":14,"enemies":"Cultist","floor":2,"turns":5},{"damage":15,"enemies":"Small Slimes","floor":3,"turns":5},{"damage":11,"enemies":"Blue Slaver","floor":4,"turns":5},{"damage":6,"enemies":"2 Fungi Beasts","floor":5,"turns":4},{"damage":7,"enemies":"Large Slime","floor":7,"turns":7},{"damage":4,"enemies":"Exordium Wildlife","floor":8,"turns":4},{"damage":44,"enemies":"Gremlin Nob","floor":11,"turns":5},{"damage":6,"enemies":"Red Slaver","floor":12,"turns":6},{"damage":12,"enemies":"3 Sentries","floor":13,"turns":8},{"damage":15,"enemies":"The Guardian","floor":16,"turns":12},{"damage":22,"enemies":"2 Thieves","floor":18,"turns":5},{"damage":12,"enemies":"3 Byrds","floor":21,"turns":6},{"damage":29,"enemies":"Gremlin Leader","floor":23,"turns":5}],"seed_played":"-1845946984569243987","potions_obtained":[{"floor":2,"key":"Strength Potion"},{"floor":5,"key":"Weak Potion"},{"floor":7,"key":"SteroidPotion"},{"floor":8,"key":"EssenceOfSteel"},{"floor":11,"key":"Weak Potion"},{"floor":13,"key":"BloodPotion"},{"floor":18,"key":"Block Potion"}],"is_trial":false,"path_per_floor":["M","M","M","M","M","R","M","M","T","?","E","M","E","$","R","B",null,"M","?","?","M","?","E"],"character_chosen":"IRONCLAD","items_purchased":["Ghostly Armor","Art of War"],"campfire_rested":0,"item_purchase_floors":[14,14],"current_hp_per_floor":[74,66,57,52,52,52,51,53,53,53,17,19,15,15,15,16,80,64,64,64,60,45,18],"gold":39,"neow_bonus":"ONE_RANDOM_RARE_CARD","is_prod":false,"is_daily":false,"chose_seed":false,"campfire_upgraded":2,"win_rate":0,"timestamp":1555234143,"path_taken":["M","M","M","M","M","R","M","M","T","?","E","M","E","?","R","BOSS","M","?","?","M","?","E"],"build_version":"2019-01-23","purchased_purges":1,"victory":false,"max_hp_per_floor":[80,80,80,80,80,80,80,80,80,80,80,80,80,80,80,80,80,80,80,80,80,85,85],"card_choices":[{"not_picked":["Twin Strike","Rage"],"picked":"True Grit","floor":1},{"not_picked":["Clothesline","Rampage"],"picked":"Havoc","floor":2},{"not_picked":["Rage","Shrug It Off"],"picked":"Iron Wave","floor":3},{"not_picked":["Thunderclap","Rampage"],"picked":"Barricade","floor":4},{"not_picked":["Iron Wave","Dropkick"],"picked":"Body Slam","floor":5},{"not_picked":["Blood for Blood","Hemokinesis","Anger"],"picked":"SKIP","floor":7},{"not_picked":["Pommel Strike","Flex"],"picked":"Intimidate","floor":8},{"not_picked":["Pommel Strike","Perfected Strike","Rage"],"picked":"SKIP","floor":11},{"not_picked":["Rupture","Rage","Clothesline"],"picked":"SKIP","floor":12},{"not_picked":["Flex","Evolve","Feed"],"picked":"SKIP","floor":13},{"not_picked":["Limit Break","Feed"],"picked":"Double Tap","floor":16},{"not_picked":["Rage","Inflame"],"picked":"Shrug It Off+1","floor":18},{"not_picked":["Hemokinesis","Anger","Spot Weakness"],"picked":"SKIP","floor":21}],"player_experience":439500,"relics_obtained":[{"floor":9,"key":"Blood Vial"},{"floor":11,"key":"Champion Belt"},{"floor":13,"key":"Juzu Bracelet"}],"event_choices":[{"damage_healed":0,"gold_gain":0,"player_choice":"Trade","damage_taken":0,"relics_obtained":["NlothsMask"],"max_hp_gain":0,"max_hp_loss":0,"event_name":"FaceTrader","floor":10,"gold_loss":0},{"damage_healed":0,"gold_gain":0,"player_choice":"Opened","damage_taken":0,"relics_obtained":["Letter Opener"],"max_hp_gain":0,"max_hp_loss":0,"event_name":"The Mausoleum","floor":19,"gold_loss":0,"cards_obtained":["Writhe"]},{"cards_removed":["Writhe"],"damage_healed":0,"gold_gain":0,"player_choice":"Gave Gold","damage_taken":0,"max_hp_gain":0,"max_hp_loss":0,"event_name":"Beggar","floor":20,"gold_loss":75},{"damage_healed":0,"gold_gain":0,"player_choice":"Shed Blood","damage_taken":20,"max_hp_gain":5,"max_hp_loss":0,"event_name":"Forgotten Altar","floor":22,"gold_loss":0}],"is_beta":false,"boss_relics":[{"not_picked":["Pandora\u0027s Box","Runic Cube"],"picked":"Mark of Pain"}],"items_purged_floors":[14],"is_endless":false,"potions_floor_spawned":[2,5,7,8,11,13,18],"killed_by":"Gremlin Leader","ascension_level":4}