{"gold_per_floor":[212,225,243,318,8,38,38,65,113,143,143,143,143,143,143,238,238,251,24,44,61,61,86,86,119,119,139,170,170,183,195,195,293,293,312,330,340,340,31,31,20,20,43,58,68,68,88,99,99,99],"floor_reached":51,"playtime":1855,"items_purged":[],"score":928,"play_id":"b2731dfd-8a93-492a-9110-ef21f457361b","local_time":"20190112022619","is_ascension_mode":true,"campfire_choices":[{"data":"Thunderclap","floor":7,"key":"SMITH"},{"data":"Shrug It Off","floor":13,"key":"SMITH"},{"data":"Defend_R","floor":15,"key":"SMITH"},{"data":"Mayhem","floor":24,"key":"SMITH"},{"data":"Fiend Fire","floor":29,"key":"SMITH"},{"data":"Whirlwind","floor":32,"key":"SMITH"},{"data":"Fiend Fire","floor":40,"key":"SMITH"},{"floor":46,"key":"REST"},{"floor":49,"key":"REST"}],"neow_cost":"NONE","seed_source_timestamp":540801949506091,"circlet_count":0,"master_deck":["Strike_R","Strike_R","Defend_R","Defend_R","Defend_R","Defend_R+1","Bash","Thunderclap+1","Clothesline","Inflame","Headbutt","Whirlwind","Impervious","Pommel Strike","Mayhem+1","True Grit","Dropkick","Iron Wave","Whirlwind+1","Inflame+1","Fiend Fire+1","Flex+1","Impervious","Fiend Fire+1","Flame Barrier","Offering","Shrug It Off","Shrug It Off+1","True Grit+1"],"relics":["Burning Blood","Charon\u0027s Ashes","Bottled Flame","Centennial Puzzle","Oddly Smooth Stone","Vajra","Pantograph","Empty Cage","Self Forming Clay","Bird Faced Urn","Singing Bowl","The Courier","Lizard Tail","Membership Card","Anchor","Ancient Tea Set"],"potions_floor_usage":[28,30,33,36,45,45,45,50],"damage_taken":[{"damage":7,"enemies":"Small Slimes","floor":1,"turns":5},{"damage":6,"enemies":"2 Louse","floor":2,"turns":2},{"damage":6,"enemies":"Jaw Worm","floor":3,"turns":4},{"damage":26,"enemies":"Gremlin Nob","floor":6,"turns":5},{"damage":22,"enemies":"3 Sentries","floor":8,"turns":5},{"damage":22,"enemies":"Lagavulin","floor":10,"turns":6},{"damage":40,"enemies":"The Guardian","floor":16,"turns":15},{"damage":0,"enemies":"3 Byrds","floor":18,"turns":4},{"damage":23,"enemies":"2 Thieves","floor":20,"turns":4},{"damage":6,"enemies":"Chosen and Byrds","floor":21,"turns":6},{"damage":0,"enemies":"Gremlin Leader","floor":23,"turns":7},{"damage":28,"enemies":"Book of Stabbing","floor":25,"turns":6},{"damage":1,"enemies":"Snake Plant","floor":27,"turns":4},{"damage":25,"enemies":"Gremlin Leader","floor":28,"turns":6},{"damage":0,"enemies":"Centurion and Healer","floor":30,"turns":6},{"damage":0,"enemies":"Snecko","floor":31,"turns":3},{"damage":66,"enemies":"Collector","floor":33,"turns":7},{"damage":35,"enemies":"3 Darklings","floor":35,"turns":3},{"damage":17,"enemies":"3 Shapes","floor":36,"turns":4},{"damage":29,"enemies":"Spire Growth","floor":37,"turns":4},{"damage":32,"enemies":"4 Shapes","floor":44,"turns":5},{"damage":6,"enemies":"Jaw Worm Horde","floor":45,"turns":4},{"damage":16,"enemies":"Transient","floor":47,"turns":5},{"damage":11,"enemies":"4 Shapes","floor":48,"turns":1},{"damage":98,"enemies":"Time Eater","floor":50,"turns":10}],"seed_played":"-5743686074702524600","potions_obtained":[{"floor":1,"key":"Block Potion"},{"floor":3,"key":"Explosive Potion"},{"floor":16,"key":"EssenceOfSteel"},{"floor":28,"key":"GamblersBrew"},{"floor":31,"key":"Fire Potion"},{"floor":33,"key":"Poison Potion"},{"floor":35,"key":"Explosive Potion"},{"floor":44,"key":"Block Potion"},{"floor":47,"key":"SneckoOil"}],"is_trial":false,"path_per_floor":["M","M","M","?","$","E","R","E","T","E","?","T","R","?","R","B",null,"M","$","M","M","$","E","R","E","T","M","E","R","M","M","R","B",null,"M","M","M","?","$","R","$","?","T","M","M","R","M","M","R","B",null],"character_chosen":"IRONCLAD","items_purchased":["Charon\u0027s Ashes","Mayhem","True Grit","Membership Card","Anchor","Flame Barrier","Offering","Shrug It Off"],"campfire_rested":2,"item_purchase_floors":[5,19,19,39,39,39,39,41],"current_hp_per_floor":[79,79,79,68,68,48,48,32,32,16,16,16,16,16,16,7,62,68,68,51,51,51,57,57,35,35,48,35,35,49,59,59,26,70,49,44,29,29,29,29,29,29,29,9,11,37,31,30,57,40],"gold":99,"neow_bonus":"HUNDRED_GOLD","is_prod":false,"is_daily":false,"chose_seed":false,"campfire_upgraded":7,"win_rate":0,"timestamp":1547259979,"path_taken":["M","M","M","?","$","E","R","E","T","E","?","?","R","?","R","BOSS","M","$","M","M","?","E","R","E","T","M","E","R","M","M","R","BOSS","M","M","M","?","?","R","?","?","T","M","M","R","M","M","R","BOSS"],"build_version":"2019-01-10","purchased_purges":0,"victory":true,"max_hp_per_floor":[80,80,80,80,80,80,80,80,80,80,80,80,80,80,80,80,80,80,80,80,80,80,80,80,80,80,82,82,82,84,84,84,84,84,86,86,88,88,88,88,88,88,88,88,88,88,90,92,92,92],"card_choices":[{"not_picked":["Reckless Charge","Headbutt"],"picked":"Thunderclap","floor":1},{"not_picked":["Brutality","Warcry"],"picked":"Clothesline","floor":2},{"not_picked":["Warcry","Sentinel"],"picked":"Shrug It Off","floor":3},{"not_picked":["Bloodletting","Metallicize"],"picked":"Inflame","floor":6},{"not_picked":["Wild Strike","Warcry"],"picked":"Headbutt","floor":8},{"not_picked":["Entrench","Sentinel"],"picked":"Whirlwind","floor":10},{"not_picked":["Dark Embrace","Limit Break"],"picked":"Impervious","floor":16},{"not_picked":["Havoc","Burning Pact"],"picked":"Pommel Strike","floor":18},{"not_picked":["Headbutt","Wild Strike"],"picked":"Dropkick","floor":20},{"not_picked":["Shockwave","True Grit"],"picked":"Iron Wave","floor":21},{"not_picked":["Blood for Blood","Rampage"],"picked":"Whirlwind","floor":23},{"not_picked":["Sever Soul","Juggernaut"],"picked":"Inflame+1","floor":25},{"not_picked":["Thunderclap","Dropkick","Spot Weakness+1"],"picked":"Singing Bowl","floor":27},{"not_picked":["Clash+1","Burning Pact"],"picked":"Fiend Fire","floor":28},{"not_picked":["Clash","Disarm","Headbutt"],"picked":"Singing Bowl","floor":30},{"not_picked":["Anger","Twin Strike"],"picked":"Flex+1","floor":31},{"not_picked":["Berserk","Offering"],"picked":"Impervious","floor":33},{"not_picked":["Shrug It Off","Iron Wave+1","Twin Strike+1"],"picked":"Singing Bowl","floor":35},{"not_picked":["Cleave","True Grit"],"picked":"Fiend Fire","floor":36},{"not_picked":["Whirlwind","Rampage+1","Sword Boomerang"],"picked":"Singing Bowl","floor":37},{"not_picked":["Pummel+1","Burning Pact"],"picked":"Shrug It Off+1","floor":44},{"not_picked":["Perfected Strike","Evolve+1"],"picked":"True Grit+1","floor":45},{"not_picked":["Entrench","Pommel Strike","Hemokinesis+1"],"picked":"Singing Bowl","floor":47},{"not_picked":["Sever Soul","Rupture","Wild Strike+1"],"picked":"Singing Bowl","floor":48}],"player_experience":57826,"relics_obtained":[{"floor":6,"key":"Bottled Flame"},{"floor":8,"key":"Centennial Puzzle"},{"floor":9,"key":"Oddly Smooth Stone"},{"floor":10,"key":"Vajra"},{"floor":12,"key":"Pantograph"},{"floor":23,"key":"Self Forming Clay"},{"floor":25,"key":"Bird Faced Urn"},{"floor":26,"key":"Singing Bowl"},{"floor":28,"key":"The Courier"},{"floor":43,"key":"Ancient Tea Set"}],"event_choices":[{"damage_healed":0,"gold_gain":75,"player_choice":"Gather Gold","damage_taken":11,"max_hp_gain":0,"max_hp_loss":0,"event_name":"World of Goop","floor":4,"gold_loss":0},{"damage_healed":0,"gold_gain":0,"player_choice":"Ignored","damage_taken":0,"max_hp_gain":0,"max_hp_loss":0,"event_name":"Shining Light","floor":11,"gold_loss":0},{"cards_removed":["Strike_R"],"damage_healed":0,"gold_gain":0,"player_choice":"Purged","damage_taken":0,"max_hp_gain":0,"max_hp_loss":0,"event_name":"Purifier","floor":14,"gold_loss":0},{"damage_healed":0,"gold_gain":0,"player_choice":"0 cards matched","damage_taken":0,"max_hp_gain":0,"max_hp_loss":0,"event_name":"Match and Keep!","floor":38,"gold_loss":0,"cards_obtained":[]},{"cards_removed":["Shrug It Off"],"damage_healed":0,"gold_gain":0,"player_choice":"Removed Skill","damage_taken":0,"max_hp_gain":0,"max_hp_loss":0,"event_name":"Falling","floor":42,"gold_loss":0}],"is_beta":false,"boss_relics":[{"not_picked":["Runic Cube","Orrery"],"picked":"Empty Cage"},{"not_picked":["Black Star","Snecko Eye"],"picked":"Lizard Tail"}],"items_purged_floors":[],"is_endless":false,"potions_floor_spawned":[1,3,16,20,21,28,31,33,35,44,47],"ascension_level":5}