{"gold_per_floor":[119,135,37,57,7,7,41,41,41,59,72,87,87,98,98,200,250,268,268,268,283,45,45,59,59,106,106,140,36,36,47,47,47],"floor_reached":33,"playtime":1413,"items_purged":[],"score":267,"play_id":"a8041746-b9d8-49b1-94f9-9f331d9cbc2a","local_time":"20181028102603","is_ascension_mode":false,"campfire_choices":[{"data":"Dualcast","floor":6,"key":"SMITH"},{"floor":8,"key":"REST"},{"data":"Hologram","floor":13,"key":"SMITH"},{"data":"Ball Lightning","floor":15,"key":"SMITH"},{"floor":23,"key":"REST"},{"floor":30,"key":"REST"},{"floor":32,"key":"REST"}],"neow_cost":"NONE","seed_source_timestamp":475625003251053,"circlet_count":0,"master_deck":["Strike_B+1","Strike_B","Strike_B","Defend_B","Defend_B","Defend_B","Zap","Dualcast+1","Ball Lightning+1","Hologram+1","Turbo","BootSequence","Loop","Tempest","Melter+1","Melter+1","All For One+1","Redo","Streamline+1","Lockon+1","Doom and Gloom+1","Seek","BootSequence","Meteor Strike+1"],"relics":["Cracked Core","NeowsBlessing","Molten Egg 2","Bottled Flame","Tiny House","Orichalcum","Potion Belt","Shuriken","Mummified Hand"],"potions_floor_usage":[16,16,16,21,33],"damage_taken":[{"damage":0,"enemies":"2 Louse","floor":1,"turns":1},{"damage":0,"enemies":"Small Slimes","floor":2,"turns":1},{"damage":0,"enemies":"Cultist","floor":4,"turns":1},{"damage":27,"enemies":"3 Sentries","floor":7,"turns":6},{"damage":0,"enemies":"Looter","floor":10,"turns":2},{"damage":0,"enemies":"3 Louse","floor":11,"turns":3},{"damage":0,"enemies":"Blue Slaver","floor":12,"turns":2},{"damage":0,"enemies":"Red Slaver","floor":14,"turns":2},{"damage":29,"enemies":"The Guardian","floor":16,"turns":7},{"damage":10,"enemies":"2 Thieves","floor":18,"turns":3},{"damage":10,"enemies":"Chosen","floor":21,"turns":4},{"damage":14,"enemies":"Snake Plant","floor":24,"turns":3},{"damage":50,"enemies":"Gremlin Leader","floor":28,"turns":6},{"damage":14,"enemies":"Snecko","floor":31,"turns":4},{"damage":60,"enemies":"Collector","floor":33,"turns":6}],"seed_played":"-7785278253626269042","potions_obtained":[{"floor":2,"key":"Weak Potion"},{"floor":10,"key":"Fire Potion"},{"floor":14,"key":"Poison Potion"},{"floor":17,"key":"Block Potion"},{"floor":31,"key":"Ancient Potion"}],"is_trial":false,"path_per_floor":["M","M","$","M","?","R","E","R","T","M","M","M","R","M","R","B",null,"M","?","?","M","$","R","M","?","T","T","E","$","R","M","R"],"character_chosen":"DEFECT","items_purchased":["Explosive Potion","Weak Potion","Orichalcum","Seek","FairyPotion"],"campfire_rested":4,"item_purchase_floors":[3,3,22,22,29],"current_hp_per_floor":[75,75,75,75,75,75,48,70,70,70,70,70,70,70,70,41,80,70,55,55,45,45,70,56,56,56,56,6,6,31,17,42,0],"gold":47,"neow_bonus":"THREE_ENEMY_KILL","is_prod":false,"is_daily":false,"chose_seed":false,"campfire_upgraded":3,"win_rate":0,"timestamp":1540747563,"path_taken":["M","M","$","M","?","R","E","R","T","?","M","M","R","M","R","BOSS","M","?","?","M","$","R","M","?","T","?","E","?","R","M","R","BOSS"],"build_version":"2018-10-25v2","purchased_purges":0,"victory":false,"max_hp_per_floor":[75,75,75,75,75,75,75,75,75,75,75,75,75,75,75,75,80,80,85,85,85,85,85,85,85,85,85,85,85,85,85,85,85],"card_choices":[{"not_picked":["Chill","Cold Snap"],"picked":"Ball Lightning","floor":1},{"not_picked":["Barrage","Gash"],"picked":"Hologram","floor":2},{"not_picked":["Auto Shields","Steam"],"picked":"Turbo","floor":4},{"not_picked":["Gash","Rebound"],"picked":"BootSequence","floor":7},{"not_picked":["Barrage+1","Self Repair"],"picked":"Loop","floor":10},{"not_picked":["Chill","Stack"],"picked":"Tempest","floor":11},{"not_picked":["Reinforced Body","Capacitor"],"picked":"Melter+1","floor":12},{"not_picked":["Auto Shields","Ball Lightning+1"],"picked":"Melter+1","floor":14},{"not_picked":["Reboot","Meteor Strike+1"],"picked":"All For One+1","floor":16},{"not_picked":["Sweeping Beam+1","Auto Shields"],"picked":"Redo","floor":17},{"not_picked":["Compile Driver+1","Force Field"],"picked":"Streamline+1","floor":18},{"not_picked":["Conserve Battery","Steam Power"],"picked":"Doom and Gloom+1","floor":21},{"not_picked":["Recycle","Sweeping Beam+1","Glacier+1"],"picked":"SKIP","floor":24},{"not_picked":["Stack","Streamline+1"],"picked":"BootSequence","floor":28},{"not_picked":["Leap","Ball Lightning+1"],"picked":"Meteor Strike+1","floor":31}],"player_experience":66778,"relics_obtained":[{"floor":7,"key":"Molten Egg 2"},{"floor":9,"key":"Bottled Flame"},{"floor":26,"key":"Potion Belt"},{"floor":27,"key":"Shuriken"},{"floor":28,"key":"Mummified Hand"}],"event_choices":[{"cards_removed":["Strike_B"],"damage_healed":0,"gold_gain":0,"player_choice":"Card Removal","damage_taken":0,"max_hp_gain":0,"max_hp_loss":0,"event_name":"The Cleric","floor":5,"gold_loss":50},{"damage_healed":0,"gold_gain":0,"player_choice":"Shed Blood","damage_taken":20,"max_hp_gain":5,"max_hp_loss":0,"event_name":"Forgotten Altar","floor":19,"gold_loss":0},{"damage_healed":0,"gold_gain":0,"cards_transformed":["Defend_B"],"player_choice":"Transformed","damage_taken":0,"max_hp_gain":0,"max_hp_loss":0,"event_name":"Transmorgrifier","floor":20,"gold_loss":0,"cards_obtained":["Lockon"]},{"damage_healed":0,"gold_gain":0,"player_choice":"Ignored","damage_taken":0,"max_hp_gain":0,"max_hp_loss":0,"event_name":"Beggar","floor":25,"gold_loss":0}],"is_beta":false,"boss_relics":[{"not_picked":["Empty Cage","Runic Pyramid"],"picked":"Tiny House"}],"items_purged_floors":[],"is_endless":false,"potions_floor_spawned":[2,10,14,31],"killed_by":"Collector","ascension_level":0}