{"gold_per_floor":[17,34,48,61,80,80,111,29,29,48,65,65,75,92,92,192,192,202,80,80,98,115,115,145,145],"floor_reached":25,"playtime":964,"items_purged":[],"score":240,"play_id":"796767a3-85f7-4527-8bd6-f5806817404d","local_time":"20181218224832","is_ascension_mode":true,"campfire_choices":[{"floor":6.0,"key":"REST"},{"floor":15.0,"key":"REST"},{"floor":23.0,"key":"REST"}],"neow_cost":"NO_GOLD","seed_source_timestamp":0,"circlet_count":0,"master_deck":["Strike_B","Strike_B","Strike_B","Strike_B","Defend_B","Defend_B","Defend_B","Defend_B","Zap","Dualcast","Master of Strategy","Impatience","Ball Lightning","Tempest","Electrodynamics","Conserve Battery","Reinforced Body","Defragment","Static Discharge+1","Sunder","Glacier","Static Discharge","Conserve Battery","Buffer","Auto Shields+1","Loop","Rebound","Capacitor+1","BootSequence"],"special_seed":0,"relics":["Cracked Core","Smiling Mask","Lizard Tail","Bottled Tornado"],"potions_floor_usage":[],"damage_taken":[{"damage":0.0,"enemies":"Cultist","floor":1.0,"turns":2.0},{"damage":0.0,"enemies":"Small Slimes","floor":2.0,"turns":2.0},{"damage":11.0,"enemies":"Jaw Worm","floor":3.0,"turns":2.0},{"damage":0.0,"enemies":"Large Slime","floor":4.0,"turns":3.0},{"damage":6.0,"enemies":"Red Slaver","floor":5.0,"turns":2.0},{"damage":29.0,"enemies":"Lagavulin","floor":7.0,"turns":5.0},{"damage":8.0,"enemies":"3 Louse","floor":10.0,"turns":3.0},{"damage":3.0,"enemies":"Gremlin Gang","floor":11.0,"turns":2.0},{"damage":10.0,"enemies":"Looter","floor":13.0,"turns":2.0},{"damage":7.0,"enemies":"Exordium Wildlife","floor":14.0,"turns":3.0},{"damage":22.0,"enemies":"Slime Boss","floor":16.0,"turns":8.0},{"damage":6.0,"enemies":"Chosen","floor":18.0,"turns":5.0},{"damage":10.0,"enemies":"Spheric Guardian","floor":21.0,"turns":3.0},{"damage":55.0,"enemies":"Shelled Parasite and Fungi","floor":22.0,"turns":5.0},{"damage":50,"enemies":"Gremlin Leader","floor":24,"turns":8},{"damage":17,"enemies":"Centurion and Healer","floor":25,"turns":6}],"seed_played":"7675390689398249447","potions_obtained":[{"floor":3.0,"key":"Explosive Potion"},{"floor":4.0,"key":"Ancient Potion"},{"floor":10.0,"key":"GamblersBrew"},{"floor":16.0,"key":"Energy Potion"},{"floor":18.0,"key":"FearPotion"}],"is_trial":false,"path_per_floor":["M","M","M","M","M","R","E","$","T","M","M","?","M","M","R","B",null,"M","$","?","M","M","R","E","M"],"character_chosen":"DEFECT","items_purchased":["Static Discharge","Loop","Fire Potion"],"campfire_rested":3,"item_purchase_floors":[8,19,19],"current_hp_per_floor":[75,75,64,64,58,75,46,46,46,38,35,35,25,18,40,18,75,69,69,69,59,4,26,13,0],"gold":145,"neow_bonus":"RANDOM_COLORLESS_2","is_prod":false,"is_daily":false,"chose_seed":false,"campfire_upgraded":0,"win_rate":0,"timestamp":1545202112,"path_taken":["M","?","M","M","M","R","E","$","T","M","?","?","M","M","R","BOSS","M","?","?","?","M","R","E","M"],"build_version":"2018-12-13","purchased_purges":0,"victory":false,"max_hp_per_floor":[75,75,75,75,75,75,75,75,75,75,75,75,75,75,75,75,75,75,75,75,75,75,75,75,75],"card_choices":[{"not_picked":["Stack","Barrage"],"picked":"Ball Lightning","floor":1.0},{"not_picked":["Streamline","Turbo"],"picked":"Tempest","floor":2.0},{"not_picked":["Redo","Heatsinks"],"picked":"Electrodynamics","floor":3.0},{"not_picked":["Ball Lightning","Rebound"],"picked":"Conserve Battery","floor":4.0},{"not_picked":["Fusion","Rip and Tear"],"picked":"Reinforced Body","floor":5.0},{"not_picked":["Streamline","Hologram"],"picked":"Defragment","floor":7.0},{"not_picked":["Streamline","Conserve Battery"],"picked":"Sunder","floor":10.0},{"not_picked":["Steam","Genetic Algorithm"],"picked":"Glacier","floor":11.0},{"not_picked":["Multi-Cast","Go for the Eyes"],"picked":"Static Discharge","floor":13.0},{"not_picked":["Ball Lightning","Barrage"],"picked":"Conserve Battery","floor":14.0},{"not_picked":["Multi-Cast","Creative AI"],"picked":"Buffer","floor":16.0},{"not_picked":["Stack","Go for the Eyes"],"picked":"Auto Shields+1","floor":18.0},{"not_picked":["Barrage","Streamline"],"picked":"Rebound","floor":21.0},{"not_picked":["Cold Snap","Conserve Battery"],"picked":"Capacitor+1","floor":22.0},{"not_picked":["Hello World","Fission"],"picked":"BootSequence","floor":24}],"player_experience":299707,"relics_obtained":[{"floor":7.0,"key":"Smiling Mask"},{"floor":24,"key":"Bottled Tornado"}],"event_choices":[{"damage_healed":0.0,"max_hp_gain":0.0,"max_hp_loss":0.0,"gold_gain":0.0,"event_name":"Upgrade Shrine","player_choice":"Upgraded","floor":12.0,"gold_loss":0.0,"damage_taken":0.0,"cards_upgraded":["Static Discharge"]},{"damage_healed":0.0,"max_hp_gain":0.0,"max_hp_loss":0.0,"gold_gain":0.0,"event_name":"The Woman in Blue","player_choice":"Bought 0 Potions","floor":20.0,"gold_loss":0.0,"damage_taken":0.0}],"is_beta":false,"boss_relics":[{"not_picked":["Philosopher\u0027s Stone","Runic Pyramid"],"picked":"Lizard Tail"}],"items_purged_floors":[],"is_endless":false,"potions_floor_spawned":[3,4,10,16,18],"killed_by":"Centurion and Healer","ascension_level":1}