{"gold_per_floor":[114,129,129,129,129,129,129,162,162,175,30,30,41,58,58,157,157,142,155,12,26,26,26,26,26,26,56,56,66,78,78,78,177,177,188,199,45,65,65,65,80,80,103,122,150,167,167,167,167,167],"floor_reached":51,"playtime":2198,"items_purged":["Defend_R","Strike_R+1"],"score":722,"play_id":"c301c084-700d-44ef-b05f-c09a03f7e55f","local_time":"20190203142103","is_ascension_mode":false,"campfire_choices":[{"data":"Bash","floor":6,"key":"SMITH"},{"data":"Shrug It Off","floor":12,"key":"SMITH"},{"data":"Rampage","floor":15,"key":"SMITH"},{"data":"Limit Break","floor":23,"key":"SMITH"},{"data":"Flex","floor":25,"key":"SMITH"},{"data":"The Bomb","floor":32,"key":"SMITH"},{"data":"True Grit","floor":40,"key":"SMITH"},{"data":"True Grit","floor":42,"key":"SMITH"},{"data":"Shockwave","floor":47,"key":"SMITH"},{"data":"Feel No Pain","floor":49,"key":"SMITH"}],"neow_cost":"NONE","seed_source_timestamp":2136647886902652,"circlet_count":0,"master_deck":["Defend_R","Defend_R","Defend_R","Bash+1","Clash+1","Shrug It Off+1","Rampage+1","Limit Break+1","Reaper+1","Power Through+1","Flex+1","Feel No Pain+1","Spot Weakness+1","Shrug It Off+1","The Bomb+1","Shockwave+1","Clash+1","True Grit+1","True Grit+1","Limit Break+1","Metallicize+1","Offering"],"relics":["Burning Blood","Pantograph","Lantern","Vajra","Bag of Marbles","Astrolabe","Whetstone","Red Skull","Sozu","Bronze Scales","Centennial Puzzle"],"potions_floor_usage":[16,16,33,38,45,50],"damage_taken":[{"damage":1,"enemies":"Jaw Worm","floor":1,"turns":3},{"damage":5,"enemies":"2 Louse","floor":2,"turns":3},{"damage":16,"enemies":"Lagavulin","floor":8,"turns":4},{"damage":0,"enemies":"Small Slimes","floor":10,"turns":2},{"damage":0,"enemies":"3 Louse","floor":13,"turns":1},{"damage":0,"enemies":"Blue Slaver","floor":14,"turns":1},{"damage":40,"enemies":"Slime Boss","floor":16,"turns":9},{"damage":10,"enemies":"2 Thieves","floor":18,"turns":4},{"damage":3,"enemies":"Shell Parasite","floor":19,"turns":8},{"damage":40,"enemies":"3 Cultists","floor":21,"turns":6},{"damage":65,"enemies":"Gremlin Leader","floor":27,"turns":6},{"damage":0,"enemies":"Snecko","floor":29,"turns":3},{"damage":4,"enemies":"Centurion and Healer","floor":30,"turns":6},{"damage":71,"enemies":"Champ","floor":33,"turns":9},{"damage":8,"enemies":"Orb Walker","floor":35,"turns":3},{"damage":9,"enemies":"3 Shapes","floor":36,"turns":3},{"damage":21,"enemies":"Writhing Mass","floor":38,"turns":5},{"damage":0,"enemies":"3 Darklings","floor":41,"turns":8},{"damage":50,"enemies":"Sphere and 2 Shapes","floor":44,"turns":8},{"damage":37,"enemies":"Reptomancer","floor":45,"turns":6},{"damage":6,"enemies":"Jaw Worm Horde","floor":46,"turns":4},{"damage":61,"enemies":"Awakened One","floor":50,"turns":9}],"seed_played":"-8581157781368550319","potions_obtained":[{"floor":10,"key":"Dexterity Potion"},{"floor":13,"key":"Strength Potion"},{"floor":14,"key":"Energy Potion"},{"floor":27,"key":"SteroidPotion"},{"floor":29,"key":"GamblersBrew"},{"floor":30,"key":"AttackPotion"},{"floor":33,"key":"Block Potion"}],"is_trial":false,"path_per_floor":["M","M","?","?","?","R","?","E","T","M","$","R","M","M","R","B",null,"M","M","$","M","?","R","$","R","T","E","?","M","M","?","R","B",null,"M","M","$","M","?","R","M","R","T","M","E","M","R","?","R","B",null],"character_chosen":"IRONCLAD","items_purchased":["Bag of Marbles","Feel No Pain","True Grit"],"campfire_rested":0,"item_purchase_floors":[11,20,37],"current_hp_per_floor":[80,80,73,57,57,57,57,47,47,53,53,53,59,65,65,46,80,80,80,80,46,46,46,46,46,46,21,21,40,63,63,63,57,80,78,75,75,60,60,60,80,80,80,36,49,80,80,80,80,48],"gold":167,"neow_bonus":"RANDOM_COLORLESS","is_prod":false,"is_daily":false,"chose_seed":false,"campfire_upgraded":10,"win_rate":0,"timestamp":1549232463,"path_taken":["M","M","?","?","?","R","?","E","T","M","$","R","?","M","R","BOSS","M","M","$","M","?","R","$","R","T","E","?","?","M","?","R","BOSS","M","M","$","M","?","R","M","R","T","?","E","M","R","?","R","BOSS"],"build_version":"2019-01-23","purchased_purges":2,"victory":true,"max_hp_per_floor":[80,80,80,80,80,80,80,80,80,80,80,80,80,80,80,80,80,80,80,80,80,80,80,80,80,80,80,80,80,80,80,80,80,80,80,80,80,80,80,80,80,80,80,80,80,80,80,80,80,80],"card_choices":[{"not_picked":["Wild Strike","Combust","True Grit"],"picked":"SKIP","floor":1},{"not_picked":["Iron Wave","Power Through"],"picked":"Clash","floor":2},{"not_picked":["Combust","Evolve","Headbutt"],"picked":"SKIP","floor":8},{"not_picked":["Wild Strike","Perfected Strike"],"picked":"Shrug It Off","floor":10},{"not_picked":["Wild Strike","Rampage","Heavy Blade"],"picked":"SKIP","floor":13},{"not_picked":["Heavy Blade","Twin Strike"],"picked":"Rampage","floor":14},{"not_picked":["Exhume","Juggernaut"],"picked":"Limit Break","floor":16},{"not_picked":["Combust","Entrench","Clothesline"],"picked":"SKIP","floor":18},{"not_picked":["Entrench+1","Infernal Blade"],"picked":"Flex","floor":19},{"not_picked":["Power Through","Perfected Strike"],"picked":"Spot Weakness+1","floor":21},{"not_picked":["Headbutt","Clothesline","Demon Form"],"picked":"SKIP","floor":27},{"not_picked":["Bloodletting","Whirlwind"],"picked":"Shrug It Off+1","floor":29},{"not_picked":["Heavy Blade","Iron Wave+1","Uppercut"],"picked":"SKIP","floor":30},{"not_picked":["Body Slam+1","Cleave"],"picked":"Shockwave","floor":35},{"not_picked":["Perfected Strike","Anger+1"],"picked":"Clash+1","floor":36},{"not_picked":["Shrug It Off","Power Through+1"],"picked":"True Grit","floor":38},{"not_picked":["Fire Breathing","Wild Strike+1","Clothesline"],"picked":"SKIP","floor":41},{"not_picked":["Sword Boomerang","Limit Break"],"picked":"Metallicize+1","floor":44},{"not_picked":["Ghostly Armor","Searing Blow+1"],"picked":"Offering","floor":45},{"not_picked":["Hemokinesis","Perfected Strike+1","Cleave"],"picked":"SKIP","floor":46}],"player_experience":398044,"relics_obtained":[{"floor":8,"key":"Lantern"},{"floor":9,"key":"Vajra"},{"floor":26,"key":"Whetstone"},{"floor":27,"key":"Red Skull"},{"floor":43,"key":"Bronze Scales"},{"floor":45,"key":"Centennial Puzzle"}],"event_choices":[{"damage_healed":0,"gold_gain":0,"player_choice":"Success","damage_taken":7,"relics_obtained":["Pantograph"],"max_hp_gain":0,"max_hp_loss":0,"event_name":"Scrap Ooze","floor":3,"gold_loss":0},{"damage_healed":0,"gold_gain":0,"player_choice":"Entered Light","damage_taken":16,"max_hp_gain":0,"max_hp_loss":0,"event_name":"Shining Light","floor":4,"gold_loss":0,"cards_upgraded":["Strike_R","Strike_R"]},{"damage_healed":0,"gold_gain":0,"player_choice":"Ignored","damage_taken":0,"max_hp_gain":0,"max_hp_loss":0,"event_name":"Liars Game","floor":5,"gold_loss":0},{"damage_healed":0,"gold_gain":0,"player_choice":"Grow","damage_taken":0,"max_hp_gain":0,"max_hp_loss":0,"event_name":"Living Wall","floor":7,"gold_loss":0,"cards_upgraded":["Clash"]},{"damage_healed":0,"gold_gain":0,"player_choice":"Ignored","damage_taken":0,"max_hp_gain":0,"max_hp_loss":0,"event_name":"Beggar","floor":22,"gold_loss":0},{"cards_removed":["Power Through"],"damage_healed":0,"gold_gain":0,"player_choice":"Card Removal","damage_taken":0,"max_hp_gain":0,"max_hp_loss":0,"event_name":"Wheel of Change","floor":28,"gold_loss":0},{"damage_healed":0,"gold_gain":0,"cards_transformed":["Impatience"],"player_choice":"Transformed","damage_taken":0,"max_hp_gain":0,"max_hp_loss":0,"event_name":"Transmorgrifier","floor":31,"gold_loss":0,"cards_obtained":["The Bomb"]},{"damage_healed":0,"gold_gain":0,"player_choice":"Copied","damage_taken":0,"max_hp_gain":0,"max_hp_loss":0,"event_name":"Duplicator","floor":39,"gold_loss":0,"cards_obtained":["Limit Break"]},{"cards_removed":["Strike_R"],"damage_healed":0,"gold_gain":0,"player_choice":"Removed Attack","damage_taken":0,"max_hp_gain":0,"max_hp_loss":0,"event_name":"Falling","floor":48,"gold_loss":0}],"is_beta":false,"boss_relics":[{"not_picked":["Pandora\u0027s Box","Runic Pyramid"],"picked":"Astrolabe"},{"not_picked":["Black Star","Mark of Pain"],"picked":"Sozu"}],"items_purged_floors":[20,37],"is_endless":false,"potions_floor_spawned":[10,13,14,27,29,30,33,38,45,46],"ascension_level":0}