{"gold_per_floor":[118,128,141,160,174,207,132,132,432,432,446,473,473,473],"floor_reached":14,"playtime":370,"items_purged":["Strike_R"],"score":102,"play_id":"cec17c01-52c7-4d4f-906f-79e01ef3c05d","local_time":"20180904174944","is_ascension_mode":false,"campfire_choices":[{"floor":8,"key":"DIG"},{"floor":10,"key":"DIG"}],"neow_cost":"NONE","seed_source_timestamp":163582995887795,"circlet_count":0,"master_deck":["Strike_R","Strike_R","Strike_R","Strike_R","Defend_R","Defend_R","Defend_R","Defend_R","Bash+1","Twin Strike","Thunderclap","Dropkick","Clothesline","Inflame","Disarm"],"relics":["Burning Blood","Bronze Scales","Shovel","Kunai","Old Coin","StoneCalendar","Art of War"],"potions_floor_usage":[5,12],"damage_taken":[{"damage":6,"enemies":"Cultist","floor":1,"turns":3},{"damage":3,"enemies":"Jaw Worm","floor":2,"turns":4},{"damage":0,"enemies":"Small Slimes","floor":3,"turns":3},{"damage":11,"enemies":"Red Slaver","floor":4,"turns":3},{"damage":25,"enemies":"Gremlin Gang","floor":5,"turns":4},{"damage":28,"enemies":"Gremlin Nob","floor":6,"turns":4},{"damage":13,"enemies":"2 Fungi Beasts","floor":11,"turns":3},{"damage":17,"enemies":"Lagavulin","floor":12,"turns":7},{"damage":23,"enemies":"Exordium Thugs","floor":14,"turns":5}],"seed_played":"8131399896629728523","potions_obtained":[{"floor":1,"key":"Fire Potion"},{"floor":11,"key":"Poison Potion"}],"is_trial":false,"path_per_floor":["M","M","M","M","M","E","$","R","T","R","M","E","?"],"character_chosen":"IRONCLAD","items_purchased":[],"campfire_rested":0,"item_purchase_floors":[],"current_hp_per_floor":[80,80,80,75,56,34,34,34,34,34,27,16,16,0],"gold":473,"neow_bonus":"RANDOM_COMMON_RELIC","is_prod":false,"is_daily":false,"chose_seed":false,"campfire_upgraded":0,"win_rate":0,"timestamp":1536108584,"path_taken":["M","M","M","M","M","E","$","R","T","R","?","E","?","M"],"build_version":"2018-08-30","purchased_purges":1,"victory":false,"max_hp_per_floor":[80,80,80,80,80,80,80,80,80,80,80,80,80,80],"card_choices":[{"not_picked":["Carnage","Havoc"],"picked":"Twin Strike","floor":1},{"not_picked":["Perfected Strike","Heavy Blade"],"picked":"Thunderclap","floor":2},{"not_picked":["Shockwave","Metallicize"],"picked":"Dropkick","floor":3},{"not_picked":["Exhume","Uppercut","Havoc"],"picked":"SKIP","floor":4},{"not_picked":["Burning Pact","Ghostly Armor"],"picked":"Clothesline","floor":5},{"not_picked":["Seeing Red","Fiend Fire"],"picked":"Inflame","floor":6},{"not_picked":["Seeing Red","Pommel Strike"],"picked":"Disarm","floor":11},{"not_picked":["Whirlwind","Flex","Ghostly Armor"],"picked":"SKIP","floor":12}],"player_experience":174416,"relics_obtained":[{"floor":6,"key":"Shovel"},{"floor":8,"key":"Kunai"},{"floor":9,"key":"Old Coin"},{"floor":10,"key":"StoneCalendar"},{"floor":12,"key":"Art of War"}],"event_choices":[{"event_name":"Accursed Blacksmith","player_choice":"Forge","floor":13,"damage_taken":0}],"is_beta":false,"boss_relics":[],"items_purged_floors":[7],"is_endless":false,"potions_floor_spawned":[1,11],"killed_by":"Exordium Thugs","ascension_level":0}