{"gold_per_floor":[117,117,130,205,79,79,110,10,10,24,35,0,0,33,33,131,131,145,156,84,84],"floor_reached":21,"playtime":783,"items_purged":["Strike_B","Defend_B"],"score":286,"play_id":"06ac756d-5afc-4857-8023-d57868daf407","local_time":"20181202175633","is_ascension_mode":true,"campfire_choices":[{"floor":6,"key":"REST"},{"data":"Conserve Battery","floor":13,"key":"SMITH"},{"floor":15,"key":"REST"}],"neow_cost":"NONE","seed_source_timestamp":131757595184628,"circlet_count":0,"master_deck":["Strike_B","Strike_B","Strike_B","Defend_B","Defend_B","Defend_B","Zap","Dualcast","Beam Cell","Conserve Battery+1","Seek","All For One","Scrape"],"relics":["Cracked Core","NeowsBlessing","Dead Branch","Singing Bowl","Regal Pillow","PreservedInsect","Black Star"],"potions_floor_usage":[10,11],"damage_taken":[{"damage":0,"enemies":"Small Slimes","floor":1,"turns":1},{"damage":0,"enemies":"Jaw Worm","floor":3,"turns":1},{"damage":0,"enemies":"Lagavulin","floor":7,"turns":1},{"damage":0,"enemies":"2 Louse","floor":10,"turns":2},{"damage":12,"enemies":"Exordium Wildlife","floor":11,"turns":3},{"damage":34,"enemies":"Gremlin Nob","floor":14,"turns":5},{"damage":66,"enemies":"Slime Boss","floor":16,"turns":12},{"damage":39,"enemies":"3 Byrds","floor":18,"turns":4},{"damage":23,"enemies":"Chosen","floor":19,"turns":5},{"damage":0,"enemies":"Shelled Parasite and Fungi","floor":21,"turns":1}],"seed_played":"-8161623933875288366","potions_obtained":[{"floor":7,"key":"SkillPotion"},{"floor":10,"key":"Fire Potion"},{"floor":18,"key":"Energy Potion"}],"is_trial":false,"path_per_floor":["M","?","M","?","$","R","E","$","T","M","M","?","R","E","R","B",null,"M","M","$","M"],"character_chosen":"DEFECT","items_purchased":["Conserve Battery","Scrape"],"campfire_rested":2,"item_purchase_floors":[5,20],"current_hp_per_floor":[68,56,56,45,45,67,67,67,67,69,59,78,78,46,81,15,65,28,7,7,7],"gold":84,"neow_bonus":"THREE_ENEMY_KILL","is_prod":false,"is_daily":false,"chose_seed":false,"campfire_upgraded":1,"win_rate":0,"timestamp":1543769793,"path_taken":["M","?","M","?","$","R","E","?","T","M","M","?","R","E","R","BOSS","M","M","$","M"],"build_version":"2018-11-15","purchased_purges":2,"victory":false,"max_hp_per_floor":[75,75,75,75,75,75,75,75,75,77,79,79,79,81,81,81,81,83,85,85,85],"card_choices":[{"not_picked":["Streamline","Stack","Turbo"],"picked":"SKIP","floor":1},{"not_picked":["Sunder","Fusion"],"picked":"Beam Cell","floor":3},{"not_picked":["Ball Lightning","Conserve Battery"],"picked":"Seek","floor":7},{"not_picked":["Turbo","Cold Snap","Self Repair"],"picked":"Singing Bowl","floor":10},{"not_picked":["Compile Driver","Rip and Tear","Sweeping Beam"],"picked":"Singing Bowl","floor":11},{"not_picked":["Double Energy","Steam Power","Defragment"],"picked":"Singing Bowl","floor":14},{"not_picked":["Creative AI","Reboot"],"picked":"All For One","floor":16},{"not_picked":["Loop+1","Streamline","Barrage"],"picked":"Singing Bowl","floor":18},{"not_picked":["Barrage","Glacier","Leap"],"picked":"Singing Bowl","floor":19}],"player_experience":322511,"relics_obtained":[{"floor":7,"key":"Singing Bowl"},{"floor":9,"key":"Regal Pillow"},{"floor":14,"key":"PreservedInsect"}],"event_choices":[{"damage_healed":0,"gold_gain":0,"player_choice":"Success","damage_taken":12,"relics_obtained":["Dead Branch"],"max_hp_gain":0,"max_hp_loss":0,"event_name":"Scrap Ooze","floor":2,"gold_loss":0},{"damage_healed":0,"gold_gain":75,"player_choice":"Gather Gold","damage_taken":11,"max_hp_gain":0,"max_hp_loss":0,"event_name":"World of Goop","floor":4,"gold_loss":0},{"damage_healed":19,"gold_gain":0,"player_choice":"Healed","damage_taken":0,"max_hp_gain":0,"max_hp_loss":0,"event_name":"The Cleric","floor":12,"gold_loss":35}],"is_beta":false,"boss_relics":[{"not_picked":["Fusion Hammer","Philosopher\u0027s Stone"],"picked":"Black Star"}],"items_purged_floors":[5,8],"is_endless":false,"potions_floor_spawned":[7,10,18],"killed_by":"Shelled Parasite and Fungi","ascension_level":7}