{"gold_per_floor":[114,130,146,157,170,170,197,197,197,223,236,266,266,286,286,381,431,448,462,149,169,94,94,105,134,159,59,73,73,73,23,23,121,121,136,136,90,90,0,29,29,29,102,131,142,68,68,87,87,87],"floor_reached":50,"playtime":2259,"items_purged":["Strike_R","Strike_R"],"score":851,"play_id":"e791b53b-cb09-4038-9eee-6c4e0b4f7cec","local_time":"20190421163619","is_ascension_mode":true,"campfire_choices":[{"data":"Inflame","floor":6.0,"key":"SMITH"},{"data":"Hemokinesis","floor":8.0,"key":"SMITH"},{"data":"Shockwave","floor":13.0,"key":"SMITH"},{"data":"True Grit","floor":15.0,"key":"SMITH"},{"data":"Double Tap","floor":23.0,"key":"SMITH"},{"floor":29.0,"key":"REST"},{"data":"Demon Form","floor":32.0,"key":"SMITH"},{"floor":41.0,"key":"REST"},{"floor":47,"key":"REST"},{"data":"Dual Wield","floor":49,"key":"SMITH"}],"neow_cost":"PERCENT_DAMAGE","seed_source_timestamp":715536912725505,"circlet_count":0,"master_deck":["Defend_R","Defend_R","Defend_R","Bash","Headbutt","Hemokinesis+1","Inflame+1","Shockwave+1","Sword Boomerang+1","Twin Strike","Clash","Pummel","True Grit+1","Demon Form+1","Flex","Warcry","Shrug It Off","Double Tap+1","Dual Wield+1","Rupture","Seeing Red","Ghostly Armor","Cleave","Reaper","Madness","Shrug It Off","Cleave+1"],"special_seed":0,"relics":["Burning Blood","Ornamental Fan","Thread and Needle","Pantograph","Ginger","Tiny House","Lantern","Happy Flower","Gremlin Horn","Empty Cage","Red Mask","Molten Egg 2","Omamori"],"potions_floor_usage":[44,50,50],"damage_taken":[{"damage":6.0,"enemies":"Cultist","floor":1.0,"turns":3.0},{"damage":0.0,"enemies":"Small Slimes","floor":2.0,"turns":3.0},{"damage":15.0,"enemies":"Jaw Worm","floor":3.0,"turns":2.0},{"damage":11.0,"enemies":"2 Fungi Beasts","floor":4.0,"turns":3.0},{"damage":9.0,"enemies":"Large Slime","floor":5.0,"turns":6.0},{"damage":23.0,"enemies":"3 Sentries","floor":7.0,"turns":6.0},{"damage":11.0,"enemies":"Lagavulin","floor":10.0,"turns":6.0},{"damage":9.0,"enemies":"Looter","floor":11.0,"turns":2.0},{"damage":10.0,"enemies":"Gremlin Nob","floor":12.0,"turns":3.0},{"damage":7.0,"enemies":"Exordium Wildlife","floor":14.0,"turns":3.0},{"damage":6.0,"enemies":"The Guardian","floor":16.0,"turns":10.0},{"damage":14.0,"enemies":"2 Thieves","floor":18.0,"turns":4.0},{"damage":4.0,"enemies":"Chosen","floor":19.0,"turns":3.0},{"damage":15.0,"enemies":"3 Cultists","floor":21.0,"turns":5.0},{"damage":25.0,"enemies":"Cultist and Chosen","floor":24.0,"turns":5.0},{"damage":29.0,"enemies":"Gremlin Leader","floor":25.0,"turns":5.0},{"damage":24.0,"enemies":"Snecko","floor":28.0,"turns":6.0},{"damage":10.0,"enemies":"Automaton","floor":33.0,"turns":6.0},{"damage":77.0,"enemies":"3 Shapes","floor":35.0,"turns":9.0},{"damage":25.0,"enemies":"Reptomancer","floor":40.0,"turns":6.0},{"damage":73,"enemies":"Nemesis","floor":44,"turns":11},{"damage":0,"enemies":"Orb Walker","floor":45,"turns":2},{"damage":35,"enemies":"4 Shapes","floor":48,"turns":8},{"damage":133,"enemies":"Awakened One","floor":50,"turns":9}],"seed_played":"1594958185233844060","potions_obtained":[{"floor":3.0,"key":"SteroidPotion"},{"floor":4.0,"key":"Explosive Potion"},{"floor":7.0,"key":"SkillPotion"},{"floor":10.0,"key":"SpeedPotion"},{"floor":11.0,"key":"Swift Potion"},{"floor":16.0,"key":"SpeedPotion"},{"floor":17.0,"key":"SkillPotion"},{"floor":21.0,"key":"GamblersBrew"},{"floor":28.0,"key":"EssenceOfSteel"},{"floor":33.0,"key":"Regen Potion"},{"floor":44,"key":"Ancient Potion"},{"floor":45,"key":"Weak Potion"}],"is_trial":false,"path_per_floor":["M","M","M","M","M","R","E","R","T","E","M","E","R","M","R","B",null,"M","M","$","M","?","R","M","E","T","$","M","R","?","$","R","B",null,"M","?","$","?","?","E","R","$","T","E","M","$","R","M","R","B"],"character_chosen":"IRONCLAD","items_purchased":["Double Tap","Dual Wield","SkillPotion","Shrug It Off","EssenceOfSteel"],"campfire_rested":3,"item_purchase_floors":[20,20,31,37,46],"current_hp_per_floor":[67,73,64,59,56,56,39,39,39,34,31,27,27,26,26,51,90,82,84,84,75,75,75,56,33,33,33,15,45,45,45,45,66,92,59,59,59,59,59,40,70,70,70,10,16,16,46,40,40,0],"gold":87,"neow_bonus":"TWENTY_PERCENT_HP_BONUS","is_prod":false,"is_daily":false,"chose_seed":false,"campfire_upgraded":7,"win_rate":0,"timestamp":1555832179,"path_taken":["M","M","M","M","M","R","E","R","T","E","M","E","R","M","R","BOSS","M","M","?","M","?","R","M","E","T","$","M","R","?","?","R","BOSS","M","?","$","?","?","E","R","?","T","E","?","$","R","M","R","BOSS"],"build_version":"2019-01-23","purchased_purges":2,"victory":false,"max_hp_per_floor":[96,96,96,96,96,96,96,96,96,96,96,96,96,96,96,96,101,101,101,101,101,101,101,101,101,101,101,101,101,101,101,101,101,101,101,101,101,101,101,101,101,101,101,101,101,101,101,101,101,101],"card_choices":[{"not_picked":["Evolve","Combust"],"picked":"Headbutt","floor":1.0},{"not_picked":["Iron Wave","Battle Trance"],"picked":"Hemokinesis","floor":2.0},{"not_picked":["Iron Wave","Battle Trance"],"picked":"Inflame","floor":3.0},{"not_picked":["Clothesline","Blood for Blood"],"picked":"Shockwave","floor":4.0},{"not_picked":["Twin Strike","Pommel Strike"],"picked":"Sword Boomerang","floor":5.0},{"not_picked":["Body Slam","Uppercut"],"picked":"Twin Strike","floor":7.0},{"not_picked":["Armaments","Thunderclap","Dark Embrace"],"picked":"SKIP","floor":10.0},{"not_picked":["Cleave","Iron Wave"],"picked":"Clash","floor":11.0},{"not_picked":["Sever Soul","Armaments"],"picked":"Pummel","floor":12.0},{"not_picked":["Wild Strike","Body Slam"],"picked":"True Grit","floor":14.0},{"not_picked":["Juggernaut","Dark Embrace"],"picked":"Demon Form","floor":16.0},{"not_picked":["Perfected Strike","Thunderclap"],"picked":"Flex","floor":17.0},{"not_picked":["Sentinel","Shockwave"],"picked":"Warcry","floor":18.0},{"not_picked":["Armaments","Shockwave"],"picked":"Shrug It Off","floor":19.0},{"not_picked":["Headbutt","Sever Soul"],"picked":"Rupture","floor":21.0},{"not_picked":["Havoc","Power Through"],"picked":"Seeing Red","floor":24.0},{"not_picked":["Entrench+1","Evolve"],"picked":"Ghostly Armor","floor":25.0},{"not_picked":["Clash+1","Headbutt+1"],"picked":"Cleave","floor":28.0},{"not_picked":["Impervious","Exhume"],"picked":"Reaper","floor":33.0},{"not_picked":["Dropkick","Thunderclap","Entrench+1"],"picked":"SKIP","floor":35.0},{"not_picked":["Sadistic Nature","HandOfGreed"],"picked":"Madness","floor":36.0},{"not_picked":["Wild Strike","Body Slam+1","Rampage"],"picked":"SKIP","floor":40.0},{"not_picked":["Clash+1","Pommel Strike+1","Perfected Strike+1"],"picked":"SKIP","floor":44},{"not_picked":["Thunderclap+1","Twin Strike+1","Rage"],"picked":"SKIP","floor":45},{"not_picked":["Anger+1","Inflame"],"picked":"Cleave+1","floor":48}],"player_experience":388365,"relics_obtained":[{"floor":7.0,"key":"Ornamental Fan"},{"floor":9.0,"key":"Thread and Needle"},{"floor":10.0,"key":"Pantograph"},{"floor":12.0,"key":"Ginger"},{"floor":25.0,"key":"Lantern"},{"floor":26.0,"key":"Happy Flower"},{"floor":40.0,"key":"Molten Egg 2"},{"floor":44,"key":"Omamori"}],"event_choices":[{"cards_removed":["Strike_R"],"damage_healed":0.0,"max_hp_gain":0.0,"max_hp_loss":0.0,"gold_gain":0.0,"event_name":"Beggar","player_choice":"Gave Gold","floor":22.0,"gold_loss":75.0,"damage_taken":0.0},{"damage_healed":0.0,"max_hp_gain":0.0,"max_hp_loss":0.0,"gold_gain":0.0,"event_name":"The Mausoleum","player_choice":"Opened","floor":30.0,"gold_loss":0.0,"damage_taken":0.0,"relics_obtained":["Gremlin Horn"]},{"damage_healed":0.0,"max_hp_gain":0.0,"max_hp_loss":0.0,"gold_gain":0.0,"event_name":"SensoryStone","player_choice":"Memory 1","floor":36.0,"gold_loss":0.0,"damage_taken":0.0},{"cards_removed":["Defend_R"],"damage_healed":0.0,"max_hp_gain":0.0,"max_hp_loss":0.0,"gold_gain":0.0,"event_name":"Falling","player_choice":"Removed Skill","floor":38.0,"gold_loss":0.0,"damage_taken":0.0},{"damage_healed":0.0,"max_hp_gain":0.0,"max_hp_loss":0.0,"gold_gain":0.0,"event_name":"Tomb of Lord Red Mask","player_choice":"Paid","floor":39.0,"gold_loss":90.0,"damage_taken":0.0,"relics_obtained":["Red Mask"]}],"is_beta":false,"boss_relics":[{"not_picked":["Orrery","Snecko Eye"],"picked":"Tiny House"},{"not_picked":["Astrolabe","Lizard Tail"],"picked":"Empty Cage"}],"items_purged_floors":[20,27],"is_endless":false,"potions_floor_spawned":[3,4,7,10,11,16,21,28,33,44,45],"killed_by":"Awakened One","ascension_level":8}