{"gold_per_floor":[115,126,142,154,173,206,381,381,381,409,429,265,297,250,250,350,350,370,390,408,408,4,32,32,43,43,43,72,82,82,96,96,193,193,210,230,245,297,172,172,172,205,231,261,278,278,10,21,21,21],"floor_reached":51,"playtime":3717,"items_purged":["Strike_R","Strike_R","Strike_R"],"score":888,"play_id":"fafe60e4-0cfb-4d3e-b853-9111594e49b7","local_time":"20180815091413","is_ascension_mode":true,"campfire_choices":[{"data":"Juggernaut","floor":8,"key":"SMITH"},{"data":"Body Slam","floor":15,"key":"SMITH"},{"data":"Armaments","floor":24,"key":"SMITH"},{"floor":27,"key":"REST"},{"floor":32,"key":"REST"},{"data":"True Grit","floor":40,"key":"SMITH"},{"floor":46,"key":"REST"},{"floor":49,"key":"REST"}],"neow_cost":"NONE","seed_source_timestamp":160540385065633,"circlet_count":0,"master_deck":["Strike_R","Strike_R","Defend_R","Defend_R","Defend_R","Defend_R","Bash","Juggernaut+1","Iron Wave","Pommel Strike","Clothesline","Shockwave","True Grit+1","Body Slam+1","Doubt","True Grit","Evolve","Headbutt","Thunderclap","Armaments+1","Offering","Feel No Pain","Iron Wave+1","Metallicize","Flame Barrier","Shrug It Off","Iron Wave","Shrug It Off","Ghostly Armor","Headbutt+1","Warcry+1","Doubt","Offering","Metallicize","Feel No Pain","Magnetism","Shockwave"],"relics":["Burning Blood","Strawberry","Incense Burner","Ginger","Nunchaku","Philosopher\u0027s Stone","Ice Cream","Blood Vial","Gremlin Horn","Bottled Lightning","Cursed Key","Calipers","Ancient Tea Set","Bag of Preparation","Molten Egg 2"],"potions_floor_usage":[10,23,28,37,38,44,45],"damage_taken":[{"damage":1,"enemies":"Cultist","floor":1,"turns":4},{"damage":1,"enemies":"2 Louse","floor":2,"turns":3},{"damage":2,"enemies":"Jaw Worm","floor":3,"turns":3},{"damage":11,"enemies":"Blue Slaver","floor":4,"turns":3},{"damage":2,"enemies":"Exordium Wildlife","floor":5,"turns":4},{"damage":20,"enemies":"Gremlin Nob","floor":6,"turns":5},{"damage":35,"enemies":"3 Sentries","floor":10,"turns":10},{"damage":10,"enemies":"Exordium Thugs","floor":11,"turns":6},{"damage":5,"enemies":"Lagavulin","floor":13,"turns":7},{"damage":27,"enemies":"Slime Boss","floor":16,"turns":11},{"damage":21,"enemies":"Spheric Guardian","floor":18,"turns":4},{"damage":20,"enemies":"Shell Parasite","floor":19,"turns":6},{"damage":7,"enemies":"Centurion and Healer","floor":20,"turns":4},{"damage":24,"enemies":"Slavers","floor":23,"turns":4},{"damage":23,"enemies":"Snake Plant","floor":25,"turns":4},{"damage":17,"enemies":"Book of Stabbing","floor":28,"turns":5},{"damage":16,"enemies":"3 Cultists","floor":29,"turns":5},{"damage":20,"enemies":"Centurion and Healer","floor":31,"turns":8},{"damage":22,"enemies":"Collector","floor":33,"turns":12},{"damage":24,"enemies":"Orb Walker","floor":35,"turns":4},{"damage":6,"enemies":"3 Shapes","floor":36,"turns":3},{"damage":12,"enemies":"Sphere and 2 Shapes","floor":37,"turns":5},{"damage":24,"floor":38,"turns":7},{"damage":22,"enemies":"Giant Head","floor":42,"turns":11},{"damage":19,"enemies":"2 Orb Walkers","floor":44,"turns":5},{"damage":6,"enemies":"4 Shapes","floor":45,"turns":4},{"damage":3,"enemies":"3 Darklings","floor":48,"turns":6},{"damage":62,"enemies":"Awakened One","floor":50,"turns":11}],"seed_played":"81355369296505942","potions_obtained":[{"floor":2,"key":"SkillPotion"},{"floor":4,"key":"FairyPotion"},{"floor":5,"key":"LiquidBronze"},{"floor":11,"key":"FairyPotion"},{"floor":16,"key":"BloodPotion"},{"floor":23,"key":"Energy Potion"},{"floor":29,"key":"Energy Potion"},{"floor":37,"key":"AttackPotion"},{"floor":44,"key":"Fruit Juice"},{"floor":48,"key":"Fire Potion"}],"is_trial":false,"path_per_floor":["M","M","M","M","M","E","?","R","T","E","M","$","E","$","R","B",null,"M","M","M","?","$","E","R","M","T","R","E","M","$","M","R","B",null,"M","M","M","?","$","R","$","E","T","E","M","R","$","M","R","B"],"character_chosen":"IRONCLAD","items_purchased":["Evolve","Headbutt","Armaments","Ice Cream","Feel No Pain","Magnetism"],"campfire_rested":4,"item_purchase_floors":[12,12,14,22,47,47],"current_hp_per_floor":[80,80,80,75,79,72,72,72,72,43,39,39,40,40,40,19,87,72,58,57,57,57,39,39,24,24,50,41,33,33,21,47,33,87,69,71,75,59,59,59,59,45,45,34,41,68,68,73,92,36],"gold":21,"neow_bonus":"ONE_RANDOM_RARE_CARD","is_prod":false,"is_daily":false,"chose_seed":false,"campfire_upgraded":4,"win_rate":0,"timestamp":1534349653,"path_taken":["M","M","M","M","M","E","?","R","T","E","M","$","E","$","R","BOSS","M","M","M","?","$","E","R","M","T","R","E","M","?","M","R","BOSS","M","M","M","?","$","R","?","E","T","E","?","R","$","M","R","BOSS"],"build_version":"2018-08-09","purchased_purges":3,"victory":true,"max_hp_per_floor":[80,80,80,80,80,87,87,87,87,87,87,87,87,87,87,87,87,87,87,87,87,87,87,87,87,87,87,87,87,87,87,87,87,87,87,87,87,87,87,87,87,87,87,87,92,92,92,92,92,92],"card_choices":[{"not_picked":["Entrench","Body Slam"],"picked":"Iron Wave","floor":1},{"not_picked":["Perfected Strike","Twin Strike"],"picked":"Pommel Strike","floor":2},{"not_picked":["Intimidate","Second Wind"],"picked":"Clothesline","floor":3},{"not_picked":["Pommel Strike","Inflame"],"picked":"Shockwave","floor":4},{"not_picked":["Whirlwind","Clash"],"picked":"True Grit","floor":5},{"not_picked":["Sword Boomerang","Warcry"],"picked":"Body Slam","floor":6},{"not_picked":["Clothesline","Sever Soul","Double Tap"],"picked":"SKIP","floor":10},{"not_picked":["Heavy Blade","Fire Breathing"],"picked":"True Grit","floor":11},{"not_picked":["Burning Pact","Corruption"],"picked":"Thunderclap","floor":13},{"not_picked":["Exhume","Reaper"],"picked":"Offering","floor":16},{"not_picked":["Spot Weakness","Anger"],"picked":"Feel No Pain","floor":18},{"not_picked":["Flex","Cleave"],"picked":"Iron Wave+1","floor":19},{"not_picked":["Warcry","Evolve+1"],"picked":"Metallicize","floor":20},{"not_picked":["Demon Form","Fire Breathing","Warcry"],"picked":"SKIP","floor":23},{"not_picked":["True Grit","Flex+1"],"picked":"Shrug It Off","floor":25},{"not_picked":["Warcry","Clash"],"picked":"Iron Wave","floor":28},{"not_picked":["Havoc","Perfected Strike"],"picked":"Shrug It Off","floor":29},{"not_picked":["Thunderclap","Limit Break"],"picked":"Ghostly Armor","floor":31},{"not_picked":["Blood for Blood","Intimidate+1"],"picked":"Headbutt+1","floor":35},{"not_picked":["Anger","Thunderclap","Perfected Strike+1"],"picked":"SKIP","floor":36},{"not_picked":["Cleave","Demon Form"],"picked":"Warcry+1","floor":37},{"not_picked":["Corruption","Blood for Blood+1","Cleave+1"],"picked":"SKIP","floor":42},{"not_picked":["Heavy Blade","Cleave"],"picked":"Offering","floor":44},{"not_picked":["Headbutt+1","Havoc+1"],"picked":"Metallicize","floor":45},{"not_picked":["Carnage+1","Wild Strike+1"],"picked":"Shockwave","floor":48}],"player_experience":63840,"relics_obtained":[{"floor":6,"key":"Strawberry"},{"floor":9,"key":"Incense Burner"},{"floor":10,"key":"Ginger"},{"floor":13,"key":"Nunchaku"},{"floor":23,"key":"Blood Vial"},{"floor":26,"key":"Gremlin Horn"},{"floor":28,"key":"Bottled Lightning"},{"floor":38,"key":"Calipers"},{"floor":42,"key":"Ancient Tea Set"},{"floor":43,"key":"Bag of Preparation"},{"floor":44,"key":"Molten Egg 2"}],"event_choices":[{"event_name":"Liars Game","player_choice":"agreed","floor":7,"damage_taken":0},{"event_name":"The Library","player_choice":"Read","floor":21,"damage_taken":0},{"event_name":"Mysterious Sphere","player_choice":"Fight","floor":38,"damage_taken":0}],"is_beta":false,"boss_relics":[{"not_picked":["Lizard Tail","Runic Cube"],"picked":"Philosopher\u0027s Stone"},{"not_picked":["Calling Bell","Black Blood"],"picked":"Cursed Key"}],"items_purged_floors":[12,22,39],"is_endless":false,"potions_floor_spawned":[2,4,5,11,16,23,25,29,33,36,37,44,48],"ascension_level":4}