{"gold_per_floor":[114,132,149,51,51,80,80,115,115,134,134,167,167,18,18,123,123,142,162,162,175,175,200,217,217,217,248,248,263,291,324,324,425,425,443,457,70,122,122,156,156,189,189,219,245,245,11,28,328,425,425,443,443,393,425,7,38,48,48,127,160,178,197,197,197,227,331,331,343,203,228,241,251,281,281,315,345,67,102,2,19,19,19,123,123,139,89,117,117,128,128,159,177,207,241,276,276,287,301,301,301],"floor_reached":101,"playtime":27313,"items_purged":["Strike_R","Metallicize+1","Metallicize","Barricade+1"],"score":2918,"play_id":"4f912d4d-4534-4507-813f-f6957e6a6609","local_time":"20190407121000","daily_mods":["Allstar","Heirloom","DeadlyEvents","Terminal"],"is_ascension_mode":true,"campfire_choices":[{"data":"Enlightenment","floor":7,"key":"SMITH"},{"data":"Flex","floor":11,"key":"SMITH"},{"data":"Secret Technique","floor":13,"key":"SMITH"},{"data":"Flex","floor":15,"key":"SMITH"},{"data":"Barricade","floor":25,"key":"SMITH"},{"floor":32,"key":"DIG"},{"floor":41,"key":"DIG"},{"floor":46,"key":"DIG"},{"floor":49,"key":"DIG"},{"floor":59,"key":"DIG"},{"floor":64,"key":"DIG"},{"floor":66,"key":"DIG"},{"floor":75,"key":"DIG"},{"floor":83,"key":"DIG"},{"floor":91,"key":"DIG"},{"floor":97,"key":"DIG"},{"floor":100,"key":"DIG"}],"neow_cost":"","seed_source_timestamp":1304385364478500,"circlet_count":0,"master_deck":["Strike_R","Strike_R","Defend_R","Defend_R","Defend_R","Bash","Dramatic Entrance","Enlightenment+1","Secret Technique+1","Flash of Steel","Purity","Sword Boomerang","Whirlwind","Flex+1","Good Instincts","Reckless Charge","Power Through","Infernal Blade","Shrug It Off","Flex+1","Intimidate+1","Disarm+1","Heavy Blade","Power Through","Clash+1","RitualDagger","Feed+1","Pommel Strike+1","Thunderclap+1","Flex+1","Berserk","Limit Break","Warcry+1","Apotheosis","Metallicize","Metallicize+1","Entrench","Panache","Secret Technique","Finesse","Uppercut+1","Sentinel+1","Bloodletting+1","Inflame","Flex","Flame Barrier+1","Feed","Limit Break","Panache","Deep Breath","Forethought","Forethought","Inflame","Flex","Fire Breathing","Corruption","Sword Boomerang","Berserk","Sentinel","Feed","Infernal Blade","Intimidate","Warcry","Warcry","Feed","Burning Pact+1","Body Slam+1","Anger+1","Havoc+1","Madness","Madness","Flex","Havoc+1","Inflame","Anger+1"],"relics":["Burning Blood","Unceasing Top","The Courier","Pantograph","Red Skull","Singing Bowl","Bronze Scales","Astrolabe","Anchor","Happy Flower","PreservedInsect","Pen Nib","Bottled Flame","Shuriken","Shovel","Vajra","Coffee Dripper","Toolbox","Nunchaku","Letter Opener","Lantern","Strawberry","Gremlin Horn","Mango","Omamori","Ancient Tea Set","Medical Kit","Old Coin","Sozu","Regal Pillow","Sundial","Matryoshka","Du-Vu Doll","Tiny Chest","Eternal Feather","Ornamental Fan","Darkstone Periapt","Bottled Tornado","Smiling Mask","Orrery","StoneCalendar","Boot","Question Card"],"potions_floor_usage":[8,16,18,21,23,30,30,33,36,38,38,42,45,50,50],"damage_taken":[{"damage":0,"enemies":"2 Louse","floor":1,"turns":2},{"damage":9,"enemies":"Jaw Worm","floor":2,"turns":3},{"damage":0,"enemies":"Small Slimes","floor":3,"turns":3},{"damage":18,"enemies":"3 Sentries","floor":6,"turns":6},{"damage":17,"enemies":"Lagavulin","floor":8,"turns":5},{"damage":0,"enemies":"Exordium Wildlife","floor":10,"turns":4},{"damage":17,"enemies":"3 Sentries","floor":12,"turns":6},{"damage":0,"enemies":"Slime Boss","floor":16,"turns":5},{"damage":0,"enemies":"3 Byrds","floor":18,"turns":4},{"damage":22,"enemies":"2 Thieves","floor":19,"turns":4},{"damage":17,"enemies":"Centurion and Healer","floor":21,"turns":6},{"damage":4,"enemies":"Book of Stabbing","floor":23,"turns":5},{"damage":3,"enemies":"Snake Plant","floor":24,"turns":6},{"damage":0,"enemies":"Gremlin Leader","floor":27,"turns":8},{"damage":27,"enemies":"3 Cultists","floor":29,"turns":7},{"damage":4,"enemies":"Slavers","floor":30,"turns":2},{"damage":0,"enemies":"Book of Stabbing","floor":31,"turns":4},{"damage":36,"enemies":"Automaton","floor":33,"turns":11},{"damage":0,"enemies":"Orb Walker","floor":35,"turns":2},{"damage":16,"enemies":"3 Shapes","floor":36,"turns":3},{"damage":6,"enemies":"2 Orb Walkers","floor":38,"turns":4},{"damage":0,"enemies":"Nemesis","floor":40,"turns":3},{"damage":34,"enemies":"Reptomancer","floor":42,"turns":4},{"damage":0,"enemies":"Nemesis","floor":44,"turns":3},{"damage":23,"enemies":"Giant Head","floor":45,"turns":6},{"damage":7,"enemies":"Jaw Worm Horde","floor":48,"turns":3},{"damage":28,"enemies":"Time Eater","floor":50,"turns":7},{"damage":0,"enemies":"2 Louse","floor":52,"turns":1},{"damage":0,"enemies":"3 Sentries","floor":55,"turns":1},{"damage":0,"enemies":"Gremlin Nob","floor":57,"turns":1},{"damage":0,"enemies":"Cultist","floor":58,"turns":1},{"damage":0,"enemies":"3 Sentries","floor":61,"turns":1},{"damage":0,"enemies":"Small Slimes","floor":62,"turns":1},{"damage":0,"enemies":"2 Fungi Beasts","floor":63,"turns":1},{"damage":14,"enemies":"The Guardian","floor":67,"turns":3},{"damage":0,"enemies":"2 Thieves","floor":69,"turns":1},{"damage":18,"enemies":"Slavers","floor":71,"turns":2},{"damage":0,"enemies":"Shell Parasite","floor":72,"turns":2},{"damage":3,"enemies":"Centurion and Healer","floor":73,"turns":3},{"damage":3,"enemies":"Book of Stabbing","floor":74,"turns":2},{"damage":0,"enemies":"Gremlin Leader","floor":76,"turns":1},{"damage":0,"enemies":"Book of Stabbing","floor":77,"turns":2},{"damage":0,"enemies":"Gremlin Leader","floor":79,"turns":2},{"damage":0,"enemies":"Snake Plant","floor":81,"turns":1},{"damage":15,"enemies":"Champ","floor":84,"turns":5},{"damage":4,"enemies":"3 Shapes","floor":86,"turns":1},{"damage":0,"enemies":"Giant Head","floor":88,"turns":3},{"damage":0,"enemies":"3 Darklings","floor":90,"turns":2},{"damage":0,"enemies":"Reptomancer","floor":92,"turns":2},{"damage":0,"enemies":"Sphere and 2 Shapes","floor":93,"turns":1},{"damage":12,"enemies":"Giant Head","floor":94,"turns":4},{"damage":0,"enemies":"Nemesis","floor":95,"turns":1},{"damage":10,"enemies":"Giant Head","floor":96,"turns":3},{"damage":0,"enemies":"Spire Growth","floor":98,"turns":1},{"damage":6,"enemies":"Maw","floor":99,"turns":1},{"damage":87,"enemies":"Awakened One","floor":101,"turns":2}],"seed_played":"-5187064036629545018","potions_obtained":[{"floor":1,"key":"Poison Potion"},{"floor":8,"key":"Strength Potion"},{"floor":12,"key":"Energy Potion"},{"floor":16,"key":"AttackPotion"},{"floor":18,"key":"Energy Potion"},{"floor":23,"key":"SpeedPotion"},{"floor":27,"key":"Weak Potion"},{"floor":29,"key":"FearPotion"},{"floor":31,"key":"Energy Potion"},{"floor":33,"key":"Swift Potion"},{"floor":35,"key":"LiquidBronze"},{"floor":38,"key":"PowerPotion"},{"floor":42,"key":"Fire Potion"},{"floor":45,"key":"FearPotion"},{"floor":48,"key":"LiquidBronze"}],"is_trial":true,"path_per_floor":["M","M","M","$","?","E","R","E","T","M","R","E","R","$","R","B",null,"M","M","?","M","?","E","M","R","T","E","T","M","E","E","R","B",null,"M","M","$","?","?","E","R","E","T","E","E","R","$","M","R","B",null,"M","?","?","E","$","E","M","R","T","E","M","M","R","?","R","B",null,"M","?","E","M","M","E","R","E","E","$","E","$","M","$","R","B",null,"M","$","E","?","M","R","E","M","E","E","E","R","M","M","R","B"],"character_chosen":"IRONCLAD","items_purchased":["Good Instincts","Infernal Blade","Shrug It Off","Flex","Apotheosis","Metallicize","Metallicize","Toolbox","Medical Kit","Inflame","Flex","Panache","Deep Breath","Forethought","Forethought","Bottled Tornado"],"campfire_rested":0,"item_purchase_floors":[4,14,14,14,37,37,37,37,47,47,47,56,56,56,56,78],"current_hp_per_floor":[78,75,76,75,63,51,51,40,40,48,48,39,39,39,39,67,66,65,49,49,38,32,34,37,37,37,43,43,25,27,33,33,27,55,54,49,49,49,39,45,45,24,24,47,32,32,32,35,35,38,73,74,59,59,65,65,69,68,67,66,65,64,63,62,61,60,52,58,57,56,47,57,60,59,58,63,65,64,63,62,63,62,61,52,63,69,68,73,64,70,70,75,78,72,78,76,78,79,78,77,0],"gold":301,"neow_bonus":"","is_prod":false,"is_daily":false,"chose_seed":false,"campfire_upgraded":5,"win_rate":0,"timestamp":1554631800,"path_taken":["M","M","M","$","?","E","R","E","T","M","R","E","R","$","R","BOSS","M","M","?","M","?","E","M","R","T","E","?","M","E","?","R","BOSS","M","M","$","?","?","E","R","E","T","E","?","R","$","M","R","BOSS","M","?","?","?","$","E","M","R","T","E","?","M","R","?","R","BOSS","M","?","?","?","M","E","R","E","E","$","E","$","M","$","R","BOSS","M","$","?","?","M","R","E","M","E","?","E","R","M","?","R","BOSS"],"build_version":"2019-01-23","purchased_purges":4,"victory":false,"max_hp_per_floor":[78,77,76,75,74,73,72,71,70,71,70,71,70,69,68,67,66,65,64,63,62,61,60,59,58,57,56,55,57,56,55,54,56,55,54,58,57,56,55,54,53,59,58,74,75,74,73,76,75,74,73,74,73,72,71,70,69,68,67,66,65,64,63,62,61,60,59,58,57,56,58,61,60,59,58,63,65,64,63,62,63,62,61,60,63,69,68,73,72,71,70,75,78,77,78,79,78,79,78,77,77],"card_choices":[{"not_picked":["Twin Strike","Headbutt"],"picked":"Sword Boomerang","floor":1},{"not_picked":["Armaments","Perfected Strike"],"picked":"Whirlwind","floor":2},{"not_picked":["Burning Pact","Warcry"],"picked":"Flex","floor":3},{"not_picked":["Cleave","Havoc"],"picked":"Reckless Charge","floor":6},{"not_picked":["Berserk","Evolve"],"picked":"Power Through","floor":8},{"not_picked":["Clothesline","Shockwave","Headbutt"],"picked":"Singing Bowl","floor":10},{"not_picked":["Exhume","Uppercut","Twin Strike"],"picked":"Singing Bowl","floor":12},{"not_picked":["Immolate","Berserk"],"picked":"Barricade","floor":16},{"not_picked":["Clash","Power Through"],"picked":"Heavy Blade","floor":18},{"not_picked":["Wild Strike","True Grit"],"picked":"Power Through","floor":19},{"not_picked":["Rage","Twin Strike"],"picked":"Clash+1","floor":21},{"not_picked":["Flex","Twin Strike"],"picked":"Feed","floor":23},{"not_picked":["Flex","Sword Boomerang"],"picked":"Pommel Strike+1","floor":24},{"not_picked":["Dark Embrace","Pommel Strike"],"picked":"Metallicize","floor":27},{"not_picked":["Pommel Strike","Flame Barrier"],"picked":"Thunderclap+1","floor":29},{"not_picked":["Combust","Rupture+1"],"picked":"Flex+1","floor":30},{"not_picked":["Flame Barrier+1","Headbutt"],"picked":"Berserk","floor":31},{"not_picked":["Berserk","Exhume"],"picked":"Limit Break","floor":33},{"not_picked":["Body Slam+1","Anger"],"picked":"Warcry+1","floor":35},{"not_picked":["Thunderclap","Clothesline","Evolve+1"],"picked":"Singing Bowl","floor":36},{"not_picked":["Fiend Fire","Armaments"],"picked":"Entrench","floor":38},{"not_picked":["Finesse","Deep Breath"],"picked":"Panache","floor":39},{"not_picked":["The Bomb","Bandage Up"],"picked":"Secret Technique","floor":39},{"not_picked":["Magnetism","PanicButton"],"picked":"Finesse","floor":39},{"not_picked":["Body Slam","Bloodletting+1"],"picked":"Uppercut+1","floor":40},{"not_picked":["Headbutt","Pommel Strike+1"],"picked":"Sentinel+1","floor":42},{"not_picked":["Anger+1","Twin Strike"],"picked":"Bloodletting+1","floor":44},{"not_picked":["Body Slam","True Grit","Sword Boomerang"],"picked":"Singing Bowl","floor":45},{"not_picked":["Thunderclap","Sword Boomerang"],"picked":"Flame Barrier+1","floor":48},{"not_picked":["Reaper","Exhume"],"picked":"Feed","floor":50},{"not_picked":["Pommel Strike","True Grit","Iron Wave"],"picked":"Singing Bowl","floor":52},{"not_picked":["Thunderclap","Pommel Strike"],"picked":"Limit Break","floor":55},{"not_picked":["Metallicize","Armaments"],"picked":"Inflame","floor":57},{"not_picked":["Ghostly Armor","Heavy Blade"],"picked":"Flex","floor":58},{"not_picked":["Burning Pact","Body Slam"],"picked":"Fire Breathing","floor":61},{"not_picked":["Metallicize","Searing Blow"],"picked":"Corruption","floor":62},{"not_picked":["Rampage","Clothesline"],"picked":"Sword Boomerang","floor":63},{"not_picked":["Reaper","Limit Break"],"picked":"Berserk","floor":67},{"not_picked":["Thunderclap","Pommel Strike","Shrug It Off+1"],"picked":"SKIP","floor":69},{"not_picked":["Combust","Feel No Pain"],"picked":"Sentinel","floor":71},{"not_picked":["Havoc","True Grit"],"picked":"Feed","floor":72},{"not_picked":["Cleave+1","Warcry"],"picked":"Infernal Blade","floor":73},{"not_picked":["Pommel Strike+1","Havoc"],"picked":"Intimidate","floor":74},{"not_picked":["Wild Strike","Perfected Strike","Second Wind+1"],"picked":"Singing Bowl","floor":76},{"not_picked":["Cleave+1","Iron Wave"],"picked":"Warcry","floor":77},{"not_picked":["Iron Wave","Feel No Pain+1"],"picked":"Warcry","floor":79},{"not_picked":["Combust+1","Whirlwind","Rampage"],"picked":"Singing Bowl","floor":81},{"not_picked":["Barricade","Reaper"],"picked":"Feed","floor":84},{"not_picked":["Pommel Strike","Dual Wield","Havoc"],"picked":"Singing Bowl","floor":85},{"not_picked":["Dual Wield","Twin Strike+1"],"picked":"Burning Pact+1","floor":85},{"not_picked":["Perfected Strike","Wild Strike"],"picked":"Body Slam+1","floor":85},{"not_picked":["Dropkick+1","True Grit+1"],"picked":"Anger+1","floor":85},{"not_picked":["Shrug It Off","Thunderclap","Carnage"],"picked":"Singing Bowl","floor":85},{"not_picked":["Ghostly Armor","Clothesline+1"],"picked":"Havoc+1","floor":86},{"not_picked":["Entrench+1","Sword Boomerang+1","Clothesline+1"],"picked":"Singing Bowl","floor":88},{"not_picked":["Wild Strike","Corruption"],"picked":"Flex","floor":90},{"not_picked":["Disarm+1","Power Through","Wild Strike+1"],"picked":"Singing Bowl","floor":92},{"not_picked":["Pommel Strike+1","Headbutt+1"],"picked":"Havoc+1","floor":93},{"not_picked":["Iron Wave","Sword Boomerang+1"],"picked":"Inflame","floor":94},{"not_picked":["Feel No Pain+1","Perfected Strike+1","Demon Form"],"picked":"Singing Bowl","floor":95},{"not_picked":["Dropkick+1","Body Slam","Twin Strike+1"],"picked":"Singing Bowl","floor":96},{"not_picked":["Second Wind","Sword Boomerang+1","Heavy Blade"],"picked":"Singing Bowl","floor":98},{"not_picked":["Clothesline","Perfected Strike+1"],"picked":"Anger+1","floor":99}],"player_experience":135541,"relics_obtained":[{"floor":6,"key":"Pantograph"},{"floor":8,"key":"Red Skull"},{"floor":9,"key":"Singing Bowl"},{"floor":12,"key":"Bronze Scales"},{"floor":23,"key":"Happy Flower"},{"floor":26,"key":"PreservedInsect"},{"floor":27,"key":"Pen Nib"},{"floor":28,"key":"Bottled Flame"},{"floor":30,"key":"Shuriken"},{"floor":31,"key":"Shovel"},{"floor":32,"key":"Vajra"},{"floor":38,"key":"Nunchaku"},{"floor":40,"key":"Letter Opener"},{"floor":41,"key":"Lantern"},{"floor":42,"key":"Strawberry"},{"floor":43,"key":"Gremlin Horn"},{"floor":44,"key":"Mango"},{"floor":45,"key":"Omamori"},{"floor":46,"key":"Ancient Tea Set"},{"floor":49,"key":"Old Coin"},{"floor":59,"key":"Regal Pillow"},{"floor":60,"key":"Sundial"},{"floor":64,"key":"Matryoshka"},{"floor":66,"key":"Tiny Chest"},{"floor":75,"key":"Darkstone Periapt"},{"floor":83,"key":"Smiling Mask"},{"floor":91,"key":"StoneCalendar"},{"floor":97,"key":"Boot"},{"floor":100,"key":"Question Card"}],"event_choices":[{"damage_healed":0,"gold_gain":0,"player_choice":"Success","damage_taken":12,"relics_obtained":["The Courier"],"max_hp_gain":0,"max_hp_loss":0,"event_name":"Scrap Ooze","floor":5,"gold_loss":0},{"damage_healed":0,"gold_gain":0,"player_choice":"Stole Relic","damage_taken":0,"relics_obtained":["Anchor"],"max_hp_gain":0,"max_hp_loss":0,"event_name":"Addict","floor":20,"gold_loss":0,"cards_obtained":["Shame"]},{"damage_healed":0,"gold_gain":0,"player_choice":"Joined the Cult","damage_taken":6,"max_hp_gain":0,"max_hp_loss":0,"event_name":"Nest","floor":22,"gold_loss":0,"cards_obtained":["RitualDagger"]},{"damage_healed":0,"gold_gain":0,"player_choice":"Fight","damage_taken":0,"max_hp_gain":0,"max_hp_loss":0,"event_name":"Mysterious Sphere","floor":38,"gold_loss":0},{"damage_healed":0,"gold_gain":0,"player_choice":"Memory 3","damage_taken":10,"max_hp_gain":0,"max_hp_loss":0,"event_name":"SensoryStone","floor":39,"gold_loss":0},{"damage_healed":0,"gold_gain":0,"player_choice":"Entered Light","damage_taken":15,"max_hp_gain":0,"max_hp_loss":0,"event_name":"Shining Light","floor":53,"gold_loss":0,"cards_upgraded":["Feed","Metallicize"]},{"cards_removed":["Shame"],"damage_healed":0,"gold_gain":0,"player_choice":"Card Removal","damage_taken":0,"max_hp_gain":0,"max_hp_loss":0,"event_name":"The Cleric","floor":54,"gold_loss":50},{"damage_healed":0,"gold_gain":0,"player_choice":"Box","damage_taken":0,"relics_obtained":["Du-Vu Doll"],"max_hp_gain":0,"max_hp_loss":0,"event_name":"Big Fish","floor":65,"gold_loss":0,"cards_obtained":["Regret"]},{"damage_healed":0,"gold_gain":0,"player_choice":"Paid Gold","damage_taken":0,"relics_obtained":["Ornamental Fan"],"max_hp_gain":0,"max_hp_loss":0,"event_name":"WeMeetAgain","floor":70,"gold_loss":140},{"damage_healed":0,"gold_gain":0,"player_choice":"Embrace Madness","damage_taken":9,"max_hp_gain":0,"max_hp_loss":0,"event_name":"Winding Halls","floor":89,"gold_loss":0,"cards_obtained":["Madness","Madness"]}],"is_beta":false,"boss_relics":[{"not_picked":["White Beast Statue","Empty Cage"],"picked":"Astrolabe"},{"not_picked":["Lizard Tail","Calling Bell"],"picked":"Coffee Dripper"},{"not_picked":["Eternal Feather","Philosopher\u0027s Stone"],"picked":"Sozu"},{"not_picked":["White Beast Statue","Ectoplasm"],"picked":"Eternal Feather"},{"not_picked":["Snecko Eye","Fusion Hammer"],"picked":"Orrery"}],"items_purged_floors":[56,78,80,87],"is_endless":true,"potions_floor_spawned":[1,8,12,16,18,23,27,29,31,33,35,38,42,45,48,52,57,61,62,69,73,74,79,84,86,90,95,98,99],"killed_by":"Awakened One","ascension_level":1}