{"gold_per_floor":[210,135,146,74,85,114,127,157,180,180,122,147,147,163,163,238,238,228,257,33,33,33,33,66,66,66,92,17,17,17,17,17,17],"floor_reached":33,"playtime":1627,"items_purged":["Regret"],"score":520,"play_id":"1ca4adfe-8c0d-425c-8227-507c00bfa0d4","local_time":"20190328162057","is_ascension_mode":true,"campfire_choices":[{"floor":10,"key":"REST"},{"floor":15,"key":"REST"},{"floor":23,"key":"REST"},{"data":"Inflame","floor":25,"key":"SMITH"},{"floor":30,"key":"REST"},{"floor":32,"key":"REST"}],"neow_cost":"NONE","seed_source_timestamp":1460615527357900,"circlet_count":0,"master_deck":["AscendersBane","Strike_R","Strike_R","Strike_R","Defend_R+1","Defend_R","Defend_R+1","Defend_R","Bash","Shrug It Off","Whirlwind","Clothesline","Inflame+1","Armaments","Cleave","Impervious","Thunderclap","Carnage","Seeing Red"],"relics":["Burning Blood","Bronze Scales","War Paint","Juzu Bracelet","Blood Vial","Cursed Key","Red Mask","Happy Flower","Centennial Puzzle","Paper Frog","Art of War","MutagenicStrength"],"potions_floor_usage":[6,12,16,18,19,33],"damage_taken":[{"damage":2,"enemies":"Small Slimes","floor":1,"turns":5},{"damage":6,"enemies":"Jaw Worm","floor":3,"turns":4},{"damage":3,"enemies":"2 Louse","floor":5,"turns":4},{"damage":45,"enemies":"Lagavulin","floor":6,"turns":10},{"damage":2,"enemies":"2 Fungi Beasts","floor":7,"turns":4},{"damage":24,"enemies":"Gremlin Nob","floor":8,"turns":5},{"damage":17,"enemies":"Lagavulin","floor":12,"turns":6},{"damage":8,"enemies":"Looter","floor":14,"turns":3},{"damage":39,"enemies":"The Guardian","floor":16,"turns":12},{"damage":14,"enemies":"2 Thieves","floor":18,"turns":4},{"damage":53,"enemies":"Masked Bandits","floor":19,"turns":5},{"damage":21,"enemies":"Book of Stabbing","floor":24,"turns":6},{"damage":20,"enemies":"Gremlin Leader","floor":27,"turns":5},{"damage":82,"enemies":"Champ","floor":33,"turns":8}],"seed_played":"7818582507580454043","potions_obtained":[{"floor":1,"key":"LiquidBronze"},{"floor":8,"key":"Swift Potion"},{"floor":14,"key":"Fire Potion"},{"floor":16,"key":"SkillPotion"},{"floor":18,"key":"Regen Potion"},{"floor":27,"key":"SneckoOil"},{"floor":31,"key":"Block Potion"}],"is_trial":false,"path_per_floor":["M","?","M","$","M","E","M","E","T","R","?","E","?","M","R","B",null,"M","?","$","?","?","R","E","R","T","E","$","?","R","?","R","B"],"character_chosen":"IRONCLAD","items_purchased":["Whirlwind","Happy Flower","Carnage"],"campfire_rested":5,"item_purchase_floors":[4,20,20],"current_hp_per_floor":[72,72,72,72,75,36,40,22,22,44,44,33,33,33,55,24,62,56,25,25,25,25,47,34,34,34,22,22,22,44,44,66,0],"gold":17,"neow_bonus":"HUNDRED_GOLD","is_prod":false,"is_daily":false,"chose_seed":false,"campfire_upgraded":1,"win_rate":0,"timestamp":1553790057,"path_taken":["M","?","M","$","M","E","M","E","T","R","?","E","?","M","R","BOSS","M","?","$","?","?","R","E","R","T","E","$","?","R","?","R","BOSS"],"build_version":"2019-01-23","purchased_purges":1,"victory":false,"max_hp_per_floor":[75,75,75,75,75,75,75,75,75,75,75,75,75,75,75,75,75,75,75,75,75,75,75,75,75,75,75,75,75,75,75,75,75],"card_choices":[{"not_picked":["Metallicize","Iron Wave"],"picked":"Shrug It Off","floor":1},{"not_picked":["Flex","Reckless Charge","Anger"],"picked":"SKIP","floor":3},{"not_picked":["Infernal Blade","Pommel Strike"],"picked":"Clothesline","floor":5},{"not_picked":["Reckless Charge","Clothesline","Sword Boomerang"],"picked":"SKIP","floor":6},{"not_picked":["Combust","Fire Breathing"],"picked":"Inflame","floor":7},{"not_picked":["Anger","Evolve"],"picked":"Armaments","floor":8},{"not_picked":["Blood for Blood","Clothesline","True Grit"],"picked":"SKIP","floor":12},{"not_picked":["Rupture","Clash"],"picked":"Cleave","floor":14},{"not_picked":["Brutality","Bludgeon"],"picked":"Impervious","floor":16},{"not_picked":["Clothesline","Pommel Strike"],"picked":"Thunderclap","floor":18},{"not_picked":["Thunderclap","Sever Soul","Anger"],"picked":"SKIP","floor":24},{"not_picked":["Rupture","Hemokinesis"],"picked":"Seeing Red","floor":27}],"player_experience":1658162,"relics_obtained":[{"floor":6,"key":"Bronze Scales"},{"floor":8,"key":"War Paint"},{"floor":9,"key":"Juzu Bracelet"},{"floor":12,"key":"Blood Vial"},{"floor":19,"key":"Red Mask"},{"floor":24,"key":"Centennial Puzzle"},{"floor":26,"key":"Paper Frog"},{"floor":27,"key":"Art of War"}],"event_choices":[{"cards_removed":["Strike_R"],"damage_healed":0,"gold_gain":0,"player_choice":"Card Removal","damage_taken":0,"max_hp_gain":0,"max_hp_loss":0,"event_name":"The Cleric","floor":2,"gold_loss":75},{"damage_healed":0,"gold_gain":0,"player_choice":"Left Gold","damage_taken":0,"max_hp_gain":0,"max_hp_loss":0,"event_name":"World of Goop","floor":11,"gold_loss":58},{"damage_healed":0,"gold_gain":0,"player_choice":"Ignored","damage_taken":0,"max_hp_gain":0,"max_hp_loss":0,"event_name":"Golden Idol","floor":13,"gold_loss":0},{"damage_healed":0,"gold_gain":0,"player_choice":"Fought Bandits","damage_taken":0,"max_hp_gain":0,"max_hp_loss":0,"event_name":"Masked Bandits","floor":19,"gold_loss":0},{"damage_healed":0,"gold_gain":0,"player_choice":"Ignored","damage_taken":0,"max_hp_gain":0,"max_hp_loss":0,"event_name":"Ghosts","floor":21,"gold_loss":0},{"cards_removed":["Strike_R"],"damage_healed":0,"gold_gain":0,"player_choice":"Elegance","damage_taken":0,"max_hp_gain":0,"max_hp_loss":0,"event_name":"Back to Basics","floor":22,"gold_loss":0},{"damage_healed":0,"gold_gain":0,"player_choice":"Inject Mutagens","damage_taken":0,"relics_obtained":["MutagenicStrength"],"max_hp_gain":0,"max_hp_loss":0,"event_name":"Drug Dealer","floor":29,"gold_loss":0},{"damage_healed":0,"gold_gain":0,"player_choice":"Got Potions","damage_taken":0,"max_hp_gain":0,"max_hp_loss":0,"event_name":"Lab","floor":31,"gold_loss":0}],"is_beta":false,"boss_relics":[{"not_picked":["Empty Cage","Snecko Eye"],"picked":"Cursed Key"}],"items_purged_floors":[28],"is_endless":false,"potions_floor_spawned":[1,8,14,16,18,27],"killed_by":"Champ","ascension_level":15}