{"gold_per_floor":[117,7,22,40,57,31,48,48,73,73,73,73,73,84,84,179,179],"floor_reached":17,"playtime":560,"items_purged":["Strike_R"],"score":147,"play_id":"c9ffe620-a4d3-4dce-9d21-fed66dc7654c","local_time":"20181202013313","is_ascension_mode":false,"campfire_choices":[{"data":"Shrug It Off","floor":8,"key":"SMITH"},{"data":"Juggernaut","floor":15,"key":"SMITH"}],"neow_cost":"NONE","seed_source_timestamp":103957725197099,"circlet_count":0,"master_deck":["Strike_R","Strike_R","Strike_R","Defend_R","Defend_R","Defend_R","Defend_R","Bash","Metallicize","Flame Barrier","Juggernaut+1","Shrug It Off+1","Metallicize","Berserk"],"relics":["Burning Blood","Bronze Scales","Omamori","Snecko Eye"],"potions_floor_usage":[3,16],"damage_taken":[{"damage":1,"enemies":"Cultist","floor":1,"turns":3},{"damage":2,"enemies":"2 Louse","floor":3,"turns":2},{"damage":5,"enemies":"Jaw Worm","floor":4,"turns":5},{"damage":2,"enemies":"Blue Slaver","floor":5,"turns":5},{"damage":3,"enemies":"Exordium Thugs","floor":7,"turns":6},{"damage":0,"enemies":"Large Slime","floor":14,"turns":5},{"damage":33,"enemies":"Hexaghost","floor":16,"turns":10}],"seed_played":"-7429139362318976557","potions_obtained":[{"floor":1,"key":"AttackPotion"},{"floor":5,"key":"Energy Potion"}],"is_trial":false,"path_per_floor":["M","$","M","M","M","$","M","R","T","$","?","T","$","M","R","B",null],"character_chosen":"IRONCLAD","items_purchased":["Metallicize","Shrug It Off"],"campfire_rested":0,"item_purchase_floors":[2,6],"current_hp_per_floor":[88,88,88,88,88,88,88,88,88,88,88,88,88,88,88,61,88],"gold":179,"neow_bonus":"TEN_PERCENT_HP_BONUS","is_prod":false,"is_daily":false,"chose_seed":false,"campfire_upgraded":2,"win_rate":0,"timestamp":1543710793,"path_taken":["M","$","M","M","M","?","M","R","T","$","?","?","?","?","R","BOSS"],"build_version":"2018-11-15","purchased_purges":1,"victory":false,"max_hp_per_floor":[88,88,88,88,88,88,88,88,88,88,88,88,88,88,88,88,88],"card_choices":[{"not_picked":["Havoc","Cleave","Shockwave"],"picked":"SKIP","floor":1},{"not_picked":["Havoc","Headbutt","Twin Strike"],"picked":"SKIP","floor":3},{"not_picked":["Armaments","Iron Wave"],"picked":"Flame Barrier","floor":4},{"not_picked":["Battle Trance","Clash"],"picked":"Juggernaut","floor":5},{"not_picked":["Pommel Strike","Heavy Blade","Perfected Strike"],"picked":"SKIP","floor":7},{"not_picked":["Perfected Strike","Wild Strike"],"picked":"Metallicize","floor":14},{"not_picked":["Feed","Reaper"],"picked":"Berserk","floor":16}],"player_experience":311812,"relics_obtained":[{"floor":9,"key":"Bronze Scales"},{"floor":12,"key":"Omamori"}],"event_choices":[{"cards_removed":["Strike_R"],"damage_healed":0,"gold_gain":0,"player_choice":"Forget","damage_taken":0,"max_hp_gain":0,"max_hp_loss":0,"event_name":"Living Wall","floor":11,"gold_loss":0}],"is_beta":false,"boss_relics":[{"not_picked":["Sozu","Philosopher\u0027s Stone"],"picked":"Snecko Eye"}],"items_purged_floors":[2],"is_endless":false,"potions_floor_spawned":[1,5],"ascension_level":0}