{"gold_per_floor":[212,31,41,58,72,99,99,111,111,124,137,165,165,72,72,177,177,194,211,136,136],"floor_reached":21,"playtime":814,"items_purged":["Strike_G"],"score":232,"play_id":"7988272f-de17-4034-a421-ba09475f87bf","local_time":"20190325203635","is_ascension_mode":true,"campfire_choices":[{"data":"Crippling Poison","floor":7,"key":"SMITH"},{"floor":13,"key":"REST"},{"data":"Crippling Poison","floor":15,"key":"SMITH"}],"neow_cost":"NONE","seed_source_timestamp":415198443293189,"circlet_count":0,"master_deck":["Defend_G","Defend_G","Defend_G","Defend_G","Defend_G","Strike_G","Survivor","Neutralize","Bouncing Flask","Infinite Blades","Crippling Poison+1","Flying Knee","After Image","Crippling Poison+1","Deadly Poison","Calculated Gamble","Bane","Footwork","Malaise","Crippling Poison+1","Calculated Gamble+1","Dagger Throw+1","Sucker Punch+1"],"relics":["Ring of the Snake","PreservedInsect","Bottled Lightning","Letter Opener","Blue Candle","Astrolabe"],"potions_floor_usage":[11,16,16],"damage_taken":[{"damage":1,"enemies":"Cultist","floor":1,"turns":5},{"damage":4,"enemies":"Small Slimes","floor":3,"turns":3},{"damage":4,"enemies":"2 Louse","floor":4,"turns":2},{"damage":6,"enemies":"Looter","floor":5,"turns":3},{"damage":28,"enemies":"Gremlin Nob","floor":6,"turns":4},{"damage":8,"enemies":"Red Slaver","floor":8,"turns":3},{"damage":0,"enemies":"2 Fungi Beasts","floor":10,"turns":2},{"damage":0,"enemies":"Lots of Slimes","floor":11,"turns":2},{"damage":16,"enemies":"3 Sentries","floor":12,"turns":6},{"damage":1,"enemies":"Hexaghost","floor":16,"turns":10},{"damage":9,"enemies":"Chosen","floor":18,"turns":4},{"damage":32,"enemies":"2 Thieves","floor":19,"turns":3},{"damage":36,"enemies":"3 Cultists","floor":21,"turns":5}],"seed_played":"-857046538105421591","potions_obtained":[{"floor":5,"key":"Swift Potion"},{"floor":8,"key":"GamblersBrew"},{"floor":10,"key":"SkillPotion"},{"floor":11,"key":"GhostInAJar"},{"floor":16,"key":"SpeedPotion"}],"is_trial":false,"path_per_floor":["M","$","M","M","M","E","R","M","T","M","M","E","R","$","R","B",null,"M","M","$","M"],"character_chosen":"THE_SILENT","items_purchased":["Infinite Blades","PreservedInsect","Bane","Footwork"],"campfire_rested":1,"item_purchase_floors":[2,2,14,14],"current_hp_per_floor":[69,69,65,61,55,27,27,19,19,19,19,3,24,24,24,23,70,61,29,29,0],"gold":136,"neow_bonus":"HUNDRED_GOLD","is_prod":false,"is_daily":false,"chose_seed":false,"campfire_upgraded":2,"win_rate":0,"timestamp":1553571395,"path_taken":["M","$","M","M","M","E","R","M","T","?","M","E","R","$","R","BOSS","M","M","$","M"],"build_version":"2019-01-23","purchased_purges":1,"victory":false,"max_hp_per_floor":[70,70,70,70,70,70,70,70,70,70,70,70,70,70,70,70,70,70,70,70,70],"card_choices":[{"not_picked":["Outmaneuver","Flechettes"],"picked":"Bouncing Flask","floor":1},{"not_picked":["Sucker Punch","Deflect"],"picked":"Crippling Poison","floor":3},{"not_picked":["Choke","Blade Dance","Deflect"],"picked":"SKIP","floor":4},{"not_picked":["Deflect","Setup"],"picked":"Flying Knee","floor":5},{"not_picked":["Eviscerate","Sucker Punch"],"picked":"After Image","floor":6},{"not_picked":["Masterful Stab","Bane"],"picked":"Crippling Poison","floor":8},{"not_picked":["Blur","Distraction"],"picked":"Deadly Poison","floor":10},{"not_picked":["Sucker Punch","Riddle With Holes","Backflip"],"picked":"SKIP","floor":11},{"not_picked":["Prepared","Underhanded Strike"],"picked":"Calculated Gamble","floor":12},{"not_picked":["Storm of Steel","Venomology"],"picked":"Malaise","floor":16},{"not_picked":["Prepared","Flechettes"],"picked":"Sucker Punch+1","floor":18},{"not_picked":["Outmaneuver","Cloak And Dagger","Slice"],"picked":"SKIP","floor":19}],"player_experience":65060,"relics_obtained":[{"floor":6,"key":"Bottled Lightning"},{"floor":9,"key":"Letter Opener"},{"floor":12,"key":"Blue Candle"}],"event_choices":[],"is_beta":false,"boss_relics":[{"not_picked":["Ring of the Serpent","Lizard Tail"],"picked":"Astrolabe"}],"items_purged_floors":[20],"is_endless":false,"potions_floor_spawned":[5,8,10,11,16],"killed_by":"3 Cultists","ascension_level":4}