{"gold_per_floor":[115,80,80,5,25,25,38,64,117,30,49,49,78,92,92,171,171,191,208,208,56,36,36,62,79,79,50,50,64,84,9,9,86,86,105,68,82,94,94,94,94],"floor_reached":41,"playtime":1651,"items_purged":["Strike_B","Reprogram"],"score":892,"play_id":"700f0929-db77-4dfc-825a-11a7e4c13123","local_time":"20190429164253","is_ascension_mode":true,"campfire_choices":[{"data":"Fission","floor":6.0,"key":"SMITH"},{"data":"Fission","floor":12.0,"key":"SMITH"},{"floor":15.0,"key":"REST"},{"data":"Storm","floor":23.0,"key":"SMITH"},{"floor":28.0,"key":"REST"},{"floor":32,"key":"REST"},{"floor":40,"key":"REST"}],"neow_cost":"NONE","seed_source_timestamp":3177039144232766,"circlet_count":0,"master_deck":["AscendersBane","Electrodynamics","Auto Shields","Fission+1","Cold Snap","Fission+1","Loop","Storm+1","Ball Lightning","Core Surge","Amplify","All For One","Rainbow","Static Discharge","Coolheaded","Hologram+1","Hologram","BootSequence","Electrodynamics","Cold Snap","BootSequence","Creative AI","Capacitor","Steam Power+1","FTL"],"special_seed":0,"relics":["Cracked Core","Bag of Marbles","Centennial Puzzle","DataDisk","Pandora\u0027s Box","MutagenicStrength","Pear","Shuriken","Empty Cage"],"potions_floor_usage":[33,37,37,41],"damage_taken":[{"damage":9.0,"enemies":"Jaw Worm","floor":1.0,"turns":3.0},{"damage":0.0,"enemies":"2 Louse","floor":5.0,"turns":2.0},{"damage":4.0,"enemies":"Cultist","floor":7.0,"turns":4.0},{"damage":39.0,"enemies":"Lagavulin","floor":8.0,"turns":9.0},{"damage":4.0,"enemies":"Large Slime","floor":11.0,"turns":5.0},{"damage":23.0,"enemies":"Gremlin Nob","floor":13.0,"turns":4.0},{"damage":0.0,"enemies":"Looter","floor":14.0,"turns":2.0},{"damage":6.0,"enemies":"Slime Boss","floor":16.0,"turns":7.0},{"damage":7.0,"enemies":"3 Byrds","floor":18.0,"turns":2.0},{"damage":10.0,"enemies":"Shell Parasite","floor":19.0,"turns":2.0},{"damage":19.0,"enemies":"Slavers","floor":24.0,"turns":2.0},{"damage":6.0,"enemies":"Snecko","floor":25.0,"turns":4.0},{"damage":8,"enemies":"Centurion and Healer","floor":29,"turns":3},{"damage":0,"enemies":"Snake Plant","floor":30,"turns":2},{"damage":9,"enemies":"Champ","floor":33,"turns":16},{"damage":4,"enemies":"Orb Walker","floor":35,"turns":3},{"damage":30,"enemies":"3 Darklings","floor":37,"turns":3},{"damage":40,"enemies":"Sphere and 2 Shapes","floor":38,"turns":3},{"damage":31,"enemies":"Nemesis","floor":41,"turns":3}],"seed_played":"4124297814864475703","potions_obtained":[{"floor":1.0,"key":"FocusPotion"},{"floor":7.0,"key":"Weak Potion"},{"floor":13.0,"key":"Explosive Potion"},{"floor":18.0,"key":"Swift Potion"},{"floor":19.0,"key":"GamblersBrew"},{"floor":22.0,"key":"Block Potion"},{"floor":29,"key":"SkillPotion"},{"floor":33,"key":"Swift Potion"},{"floor":35,"key":"Weak Potion"},{"floor":38,"key":"AttackPotion"}],"is_trial":false,"path_per_floor":["M","?","?","$","M","R","M","E","T","$","M","R","E","M","R","B",null,"M","M","?","$","?","R","E","M","T","$","R","M","M","?","R","B",null,"M","$","M","M","?","R","E"],"character_chosen":"DEFECT","items_purchased":["Loop","Hologram","Cold Snap","Capacitor"],"campfire_rested":4,"item_purchase_floors":[10,21,27,36],"current_hp_per_floor":[55,71,71,71,71,71,67,28,28,28,24,24,1,1,22,16,57,50,40,40,40,40,40,31,25,25,25,49,41,41,41,65,56,75,71,71,41,1,1,25,0],"gold":94,"neow_bonus":"ONE_RANDOM_RARE_CARD","is_prod":false,"is_daily":false,"chose_seed":false,"campfire_upgraded":3,"win_rate":0,"timestamp":1556552573,"path_taken":["M","?","?","$","M","R","M","E","T","$","?","R","E","M","R","BOSS","M","M","?","$","?","R","E","M","T","$","R","M","?","?","R","BOSS","M","$","M","M","?","R","E"],"build_version":"2019-01-23","purchased_purges":2,"victory":false,"max_hp_per_floor":[71,71,71,71,71,71,71,71,71,71,71,71,71,71,71,71,71,71,71,71,71,71,71,81,81,81,81,81,81,81,81,81,81,81,81,81,81,81,81,81,81],"card_choices":[{"not_picked":["Barrage","Stack"],"picked":"Auto Shields","floor":1.0},{"not_picked":["Self Repair","Hologram"],"picked":"Cold Snap","floor":5.0},{"not_picked":["Skim","Blizzard"],"picked":"Beam Cell","floor":7.0},{"not_picked":["Steam","Hologram"],"picked":"Fission","floor":8.0},{"not_picked":["Compile Driver","Beam Cell"],"picked":"Storm","floor":11.0},{"not_picked":["Aggregate","Hello World"],"picked":"Ball Lightning","floor":13.0},{"not_picked":["Redo","Streamline","Reprogram"],"picked":"SKIP","floor":14.0},{"not_picked":["Machine Learning","All For One"],"picked":"Core Surge","floor":16.0},{"not_picked":["Turbo+1","Skim"],"picked":"Hologram+1","floor":18.0},{"not_picked":["Beam Cell","Auto Shields"],"picked":"Capacitor","floor":19.0},{"not_picked":["Conserve Battery","Redo"],"picked":"BootSequence","floor":24.0},{"not_picked":["Cold Snap","Beam Cell"],"picked":"Electrodynamics","floor":25.0},{"not_picked":["Double Energy","Redo","Ball Lightning"],"picked":"SKIP","floor":29},{"not_picked":["Conserve Battery","Loop"],"picked":"BootSequence","floor":30},{"not_picked":["All For One","Meteor Strike"],"picked":"Creative AI","floor":33},{"not_picked":["Go for the Eyes","Gash+1","Beam Cell"],"picked":"SKIP","floor":35},{"not_picked":["Recycle","Turbo","Redo"],"picked":"SKIP","floor":37},{"not_picked":["Leap","Compile Driver","Steam Power+1"],"picked":"SKIP","floor":38},{"not_picked":["Leap","Compile Driver"],"picked":"Steam Power+1","floor":38}],"player_experience":255979,"relics_obtained":[{"floor":8.0,"key":"Bag of Marbles"},{"floor":9.0,"key":"Centennial Puzzle"},{"floor":13.0,"key":"DataDisk"},{"floor":24.0,"key":"Pear"},{"floor":26.0,"key":"Shuriken"}],"event_choices":[{"damage_healed":17.0,"max_hp_gain":0.0,"max_hp_loss":0.0,"gold_gain":0.0,"event_name":"The Cleric","player_choice":"Healed","floor":2.0,"gold_loss":35.0,"damage_taken":0.0},{"damage_healed":0.0,"max_hp_gain":0.0,"max_hp_loss":0.0,"gold_gain":0.0,"cards_transformed":["Strike_B"],"event_name":"Transmorgrifier","player_choice":"Transformed","floor":3.0,"gold_loss":0.0,"damage_taken":0.0,"cards_obtained":["Fission"]},{"damage_healed":0.0,"max_hp_gain":0.0,"max_hp_loss":0.0,"gold_gain":0.0,"event_name":"Drug Dealer","player_choice":"Inject Mutagens","floor":20.0,"gold_loss":0.0,"damage_taken":0.0,"relics_obtained":["MutagenicStrength"]},{"damage_healed":0.0,"max_hp_gain":0.0,"max_hp_loss":0.0,"gold_gain":0.0,"event_name":"The Woman in Blue","player_choice":"Bought 1 Potion","floor":22.0,"gold_loss":0.0,"damage_taken":0.0},{"cards_removed":["Dualcast"],"damage_healed":0,"gold_gain":0,"player_choice":"Gave Gold","damage_taken":0,"max_hp_gain":0,"max_hp_loss":0,"event_name":"Beggar","floor":31,"gold_loss":75},{"damage_healed":0,"gold_gain":0,"cards_transformed":["Capacitor"],"player_choice":"Transformed","damage_taken":0,"max_hp_gain":0,"max_hp_loss":0,"event_name":"Transmorgrifier","floor":39,"gold_loss":0,"cards_obtained":["FTL"]}],"is_beta":false,"boss_relics":[{"not_picked":["Eternal Feather","Calling Bell"],"picked":"Pandora\u0027s Box"},{"not_picked":["Orrery","White Beast Statue"],"picked":"Empty Cage"}],"items_purged_floors":[4,21],"is_endless":false,"potions_floor_spawned":[1,7,13,18,19,29,33,35,38],"killed_by":"Nemesis","ascension_level":20}