{"gold_per_floor":[115,115,34,34,34,34,67,81,81,93,93,93,14,34,34,135,135,150,168,93,110,122,154,154,154,181,214,214,79,79,91,91,192,192,205,205,225,237,248,281,292,292,368,468,468,499,295,305,305,305],"floor_reached":51,"playtime":4177,"items_purged":["Parasite","Normality","Strike_G"],"score":1025,"play_id":"30ac395e-7039-4d4e-ba34-5348bb2448b7","local_time":"20190430191412","is_ascension_mode":true,"campfire_choices":[{"data":"Footwork","floor":6.0,"key":"SMITH"},{"data":"Noxious Fumes","floor":15.0,"key":"SMITH"},{"data":"Die Die Die","floor":24,"key":"SMITH"},{"data":"Footwork","floor":28,"key":"SMITH"},{"floor":32,"key":"DIG"},{"floor":42,"key":"REST"},{"data":"Doubt","floor":45,"key":"PURGE"},{"data":"Blade Dance","floor":49,"key":"SMITH"}],"neow_cost":"NONE","seed_source_timestamp":0,"circlet_count":0,"master_deck":["Defend_G","Defend_G","Defend_G","Defend_G","Defend_G","Strike_G","Strike_G","Strike_G","Strike_G","Survivor+1","Neutralize+1","Backflip+1","Footwork+1","Calculated Gamble","Well Laid Plans","Footwork+1","Noxious Fumes+1","Backstab","Tools of the Trade","Leg Sweep+1","Distraction+1","Blur+1","Heel Hook+1","Die Die Die+1","Dramatic Entrance","Neutralize","Deadly Poison","Caltrops","Corpse Explosion","Poisoned Stab","Deadly Poison+1","Dodge and Roll+1","Leg Sweep","Quick Slash+1","Blade Dance+1","Parasite"],"special_seed":0,"relics":["Ring of the Snake","Shuriken","Anchor","Ninja Scroll","Cursed Key","Bag of Preparation","Snake Skull","Regal Pillow","Shovel","Strawberry","Busted Crown","Spirit Poop","Smiling Mask","Meat on the Bone","Peace Pipe","War Paint"],"potions_floor_usage":[23,33,40,46,48,50,50],"damage_taken":[{"damage":2.0,"enemies":"2 Louse","floor":1.0,"turns":4.0},{"damage":22.0,"enemies":"3 Sentries","floor":7.0,"turns":16.0},{"damage":4.0,"enemies":"Small Slimes","floor":8.0,"turns":4.0},{"damage":0.0,"enemies":"Cultist","floor":10.0,"turns":2.0},{"damage":0.0,"enemies":"Lots of Slimes","floor":14.0,"turns":6.0},{"damage":2.0,"enemies":"The Guardian","floor":16.0,"turns":10.0},{"damage":4.0,"enemies":"Shell Parasite","floor":18.0,"turns":6.0},{"damage":1.0,"enemies":"Spheric Guardian","floor":19.0,"turns":7.0},{"damage":0.0,"enemies":"Centurion and Healer","floor":21.0,"turns":7.0},{"damage":8.0,"enemies":"Shelled Parasite and Fungi","floor":22.0,"turns":10.0},{"damage":0,"enemies":"Gremlin Leader","floor":23,"turns":9},{"damage":0,"enemies":"Slavers","floor":27,"turns":4},{"damage":0,"enemies":"Snecko","floor":31,"turns":5},{"damage":27,"enemies":"Collector","floor":33,"turns":10},{"damage":0,"enemies":"3 Shapes","floor":35,"turns":2},{"damage":0,"enemies":"3 Darklings","floor":37,"turns":1},{"damage":9,"enemies":"Writhing Mass","floor":38,"turns":7},{"damage":4,"enemies":"Spire Growth","floor":39,"turns":6},{"damage":16,"enemies":"Reptomancer","floor":40,"turns":5},{"damage":2,"enemies":"Sphere and 2 Shapes","floor":41,"turns":4},{"damage":0,"enemies":"Mind Bloom Boss Battle","floor":44,"turns":8},{"damage":18,"enemies":"Giant Head","floor":46,"turns":9},{"damage":0,"enemies":"Writhing Mass","floor":48,"turns":7},{"damage":32,"enemies":"Donu and Deca","floor":50,"turns":7}],"seed_played":"7412576633381003008","potions_obtained":[{"floor":1.0,"key":"Swift Potion"},{"floor":8.0,"key":"Explosive Potion"},{"floor":19.0,"key":"Ancient Potion"},{"floor":21.0,"key":"SteroidPotion"},{"floor":37,"key":"Weak Potion"},{"floor":40,"key":"Ancient Potion"},{"floor":41,"key":"Energy Potion"},{"floor":48,"key":"GhostInAJar"}],"is_trial":false,"path_per_floor":["M","?","$","?","?","R","E","M","T","M","?","?","$","M","R","B",null,"M","M","$","M","M","E","R","?","T","E","R","$","T","M","R","B",null,"M","?","M","M","M","E","M","R","T","?","R","E","$","M","R","B",null],"character_chosen":"THE_SILENT","items_purchased":["Footwork","Noxious Fumes","Caltrops","Blade Dance","Strength Potion","AttackPotion"],"campfire_rested":1,"item_purchase_floors":[3,13,29,47,47,47],"current_hp_per_floor":[61,54,54,54,70,70,48,44,44,44,61,61,61,61,61,59,67,63,62,62,62,54,54,54,54,54,54,54,54,54,54,61,34,64,64,64,64,55,51,35,33,69,69,69,69,51,51,51,51,31],"gold":305,"neow_bonus":"UPGRADE_CARD","is_prod":false,"is_daily":false,"chose_seed":false,"campfire_upgraded":5,"win_rate":0,"timestamp":1556644452,"path_taken":["M","?","$","?","?","R","E","M","T","M","?","?","?","M","R","BOSS","M","M","$","M","M","E","R","?","T","E","R","$","?","?","R","BOSS","M","?","M","?","M","E","M","R","T","?","R","E","$","M","R","BOSS"],"build_version":"2019-01-23","purchased_purges":3,"victory":true,"max_hp_per_floor":[70,70,70,70,70,70,70,70,70,70,70,70,70,70,70,70,70,70,70,67,67,67,67,67,67,67,67,67,67,67,67,74,74,74,74,71,71,71,71,71,71,71,71,71,71,71,71,71,71,71],"card_choices":[{"not_picked":["Infinite Blades","Blade Dance"],"picked":"Backflip","floor":1.0},{"not_picked":["Blade Dance","Bane"],"picked":"Calculated Gamble","floor":7.0},{"not_picked":["Cloak And Dagger","Dagger Throw"],"picked":"Well Laid Plans","floor":8.0},{"not_picked":["Dash","Expertise"],"picked":"Footwork","floor":10.0},{"not_picked":["Acrobatics","Flechettes"],"picked":"Backstab","floor":14.0},{"not_picked":["Doppelganger","Wraith Form v2"],"picked":"Tools of the Trade","floor":16.0},{"not_picked":["Prepared","Skewer"],"picked":"Leg Sweep+1","floor":18.0},{"not_picked":["Dagger Throw","Deflect+1"],"picked":"Distraction+1","floor":19.0},{"not_picked":["Deadly Poison","Finisher"],"picked":"Blur+1","floor":21.0},{"not_picked":["Acrobatics","Backflip"],"picked":"Heel Hook+1","floor":22},{"not_picked":["Underhanded Strike+1","Glass Knife"],"picked":"Die Die Die","floor":23},{"not_picked":["Deflect","Catalyst"],"picked":"Deadly Poison","floor":27},{"not_picked":["Concentrate","Sucker Punch","Dagger Throw+1"],"picked":"SKIP","floor":31},{"not_picked":["Venomology","Burst"],"picked":"Corpse Explosion","floor":33},{"not_picked":["Sucker Punch"],"picked":"SKIP","floor":35},{"not_picked":["Deflect+1"],"picked":"SKIP","floor":37},{"not_picked":[],"picked":"Poisoned Stab","floor":38},{"not_picked":[],"picked":"Deadly Poison+1","floor":39},{"not_picked":[],"picked":"Dodge and Roll+1","floor":40},{"not_picked":[],"picked":"Leg Sweep","floor":41},{"not_picked":[],"picked":"Quick Slash+1","floor":44},{"not_picked":["Concentrate+1"],"picked":"SKIP","floor":46},{"not_picked":["Concentrate+1"],"picked":"SKIP","floor":46},{"not_picked":["Dodge and Roll"],"picked":"SKIP","floor":48}],"player_experience":372871,"relics_obtained":[{"floor":7.0,"key":"Anchor"},{"floor":9.0,"key":"Ninja Scroll"},{"floor":23,"key":"Bag of Preparation"},{"floor":26,"key":"Snake Skull"},{"floor":27,"key":"Regal Pillow"},{"floor":30,"key":"Shovel"},{"floor":32,"key":"Strawberry"},{"floor":40,"key":"Smiling Mask"},{"floor":43,"key":"Meat on the Bone"},{"floor":44,"key":"Peace Pipe"},{"floor":46,"key":"War Paint"}],"event_choices":[{"damage_healed":0.0,"max_hp_gain":0.0,"max_hp_loss":0.0,"gold_gain":0.0,"event_name":"Scrap Ooze","player_choice":"Success","floor":2.0,"gold_loss":0.0,"damage_taken":7.0,"relics_obtained":["Shuriken"]},{"damage_healed":0.0,"max_hp_gain":0.0,"max_hp_loss":0.0,"gold_gain":0.0,"event_name":"The Cleric","player_choice":"Leave","floor":4.0,"gold_loss":0.0,"damage_taken":0.0},{"damage_healed":23.0,"max_hp_gain":0.0,"max_hp_loss":0.0,"gold_gain":0.0,"event_name":"Big Fish","player_choice":"Banana","floor":5.0,"gold_loss":0.0,"damage_taken":0.0},{"damage_healed":17.0,"max_hp_gain":0.0,"max_hp_loss":0.0,"gold_gain":0.0,"event_name":"Mushrooms","player_choice":"Healed and dodged fight","floor":11.0,"gold_loss":0.0,"damage_taken":0.0,"cards_obtained":["Parasite"]},{"damage_healed":0.0,"max_hp_gain":0.0,"max_hp_loss":0.0,"gold_gain":0.0,"event_name":"Liars Game","player_choice":"Ignored","floor":12.0,"gold_loss":0.0,"damage_taken":0.0},{"damage_healed":0,"gold_gain":0,"player_choice":"2 cards matched","damage_taken":0,"max_hp_gain":0,"max_hp_loss":0,"event_name":"Match and Keep!","floor":25,"gold_loss":0,"cards_obtained":["Dramatic Entrance","Neutralize"]},{"cards_removed":["Parasite"],"damage_healed":0,"gold_gain":0,"player_choice":"Offered Curse","damage_taken":0,"relics_obtained":["Spirit Poop"],"max_hp_gain":0,"max_hp_loss":0,"event_name":"Bonfire Elementals","floor":36,"gold_loss":0},{"damage_healed":0,"gold_gain":0,"player_choice":"Fight","damage_taken":0,"max_hp_gain":0,"max_hp_loss":0,"event_name":"MindBloom","floor":44,"gold_loss":0}],"is_beta":false,"boss_relics":[{"not_picked":["Tiny House","Philosopher\u0027s Stone"],"picked":"Cursed Key"},{"not_picked":["Eternal Feather","Runic Dome"],"picked":"Busted Crown"}],"items_purged_floors":[20,29,47],"is_endless":false,"potions_floor_spawned":[1,8,19,21,37,40,41,48],"ascension_level":6}