{"gold_per_floor":[117,134,144,156,174,174,191,191,191,253,46,73,73,93,93,93],"floor_reached":16,"playtime":796,"items_purged":[],"score":139,"play_id":"eb7f78de-c5dc-4f25-a0e1-d6f7f757fc98","local_time":"20190416151633","is_ascension_mode":true,"campfire_choices":[{"data":"Loop","floor":6,"key":"SMITH"},{"data":"Sunder","floor":13,"key":"SMITH"},{"data":"Hello World","floor":15,"key":"SMITH"}],"neow_cost":"NONE","seed_source_timestamp":578876398150800,"circlet_count":0,"master_deck":["Strike_B","Strike_B","Strike_B","Strike_B","Defend_B","Defend_B","Defend_B","Defend_B","Zap","Dualcast","Conserve Battery","Conserve Battery","Go for the Eyes","Sunder+1","Loop+1","Cold Snap","Regret","Scrape","Steam Power","Hello World+1"],"relics":["Runic Pyramid","Pear","Happy Flower","Strawberry","Sling","Cables"],"potions_floor_usage":[12,12,12,16],"damage_taken":[{"damage":0,"enemies":"Small Slimes","floor":1,"turns":4},{"damage":10,"enemies":"2 Louse","floor":2,"turns":3},{"damage":4,"enemies":"Jaw Worm","floor":3,"turns":6},{"damage":19,"enemies":"Large Slime","floor":4,"turns":7},{"damage":6,"enemies":"Exordium Wildlife","floor":5,"turns":4},{"damage":14,"enemies":"3 Louse","floor":7,"turns":3},{"damage":16,"enemies":"3 Sentries","floor":10,"turns":7},{"damage":14,"enemies":"Gremlin Nob","floor":12,"turns":5},{"damage":7,"enemies":"Large Slime","floor":14,"turns":4},{"damage":0,"enemies":"The Guardian","floor":16,"turns":6}],"seed_played":"7407563278740921999","potions_obtained":[{"floor":1,"key":"SkillPotion"},{"floor":3,"key":"Dexterity Potion"},{"floor":5,"key":"SpeedPotion"},{"floor":12,"key":"Block Potion"}],"is_trial":false,"path_per_floor":["M","M","M","M","M","R","M","?","T","?","$","E","R","M","R","B"],"character_chosen":"DEFECT","items_purchased":["Sling"],"campfire_rested":0,"item_purchase_floors":[11],"current_hp_per_floor":[75,65,61,42,36,36,22,32,32,23,23,9,9,2,2,2],"gold":93,"neow_bonus":"BOSS_RELIC","is_prod":false,"is_daily":false,"chose_seed":false,"campfire_upgraded":3,"win_rate":0,"timestamp":1555420593,"path_taken":["M","M","M","M","M","R","M","?","T","?","$","E","R","M","R","BOSS"],"build_version":"2019-01-23","purchased_purges":0,"victory":false,"max_hp_per_floor":[75,75,75,75,75,75,75,85,85,92,92,92,92,92,92,92],"card_choices":[{"not_picked":["Gash","Rebound"],"picked":"Conserve Battery","floor":1},{"not_picked":["Reprogram","Sweeping Beam"],"picked":"Conserve Battery","floor":2},{"not_picked":["Barrage","Recycle"],"picked":"Go for the Eyes","floor":3},{"not_picked":["Steam Power","Double Energy"],"picked":"Sunder","floor":4},{"not_picked":["Storm","Barrage"],"picked":"Loop","floor":5},{"not_picked":["Hologram","Turbo"],"picked":"Cold Snap","floor":7},{"not_picked":["Barrage","Tempest"],"picked":"Scrape","floor":10},{"not_picked":["Reprogram","Turbo"],"picked":"Steam Power","floor":12},{"not_picked":["Double Energy","Steam"],"picked":"Hello World","floor":14}],"player_experience":506668,"relics_obtained":[{"floor":9,"key":"Happy Flower"},{"floor":10,"key":"Strawberry"},{"floor":12,"key":"Cables"}],"event_choices":[{"damage_healed":0,"gold_gain":0,"player_choice":"Box","damage_taken":0,"relics_obtained":["Pear"],"max_hp_gain":0,"max_hp_loss":0,"event_name":"Big Fish","floor":8,"gold_loss":0,"cards_obtained":["Regret"]},{"damage_healed":0,"gold_gain":30,"player_choice":"Searched \u00273\u0027 times","damage_taken":0,"max_hp_gain":0,"max_hp_loss":0,"event_name":"Dead Adventurer","floor":10,"gold_loss":0}],"is_beta":false,"boss_relics":[],"items_purged_floors":[],"is_endless":false,"potions_floor_spawned":[1,3,5,10,12],"killed_by":"The Guardian","ascension_level":2}