{"gold_per_floor":[112,112,37,51,69,69,84,84,132,161,173,9,9,34,34,138,138,153,53,53,53,66,99,113,113,191,191,166,166,15,28,28,128,128,138,158,0,0,12,12,47,47,47,58,74,0,10,25,25,25],"floor_reached":51,"playtime":1953,"items_purged":["Defend_R","Defend_R"],"score":782,"play_id":"cbb0c566-97bb-4bae-8df9-cf31bd310af8","local_time":"20180912114424","is_ascension_mode":false,"campfire_choices":[{"data":"Perfected Strike","floor":6,"key":"SMITH"},{"data":"Bash","floor":13,"key":"SMITH"},{"data":"Pommel Strike","floor":15,"key":"SMITH"},{"data":"Armaments","floor":25,"key":"SMITH"},{"data":"Spot Weakness","floor":29,"key":"SMITH"},{"data":"Pommel Strike","floor":32,"key":"SMITH"},{"data":"Metallicize","floor":40,"key":"SMITH"},{"floor":42,"key":"REST"},{"data":"Offering","floor":49,"key":"SMITH"}],"neow_cost":"NONE","seed_source_timestamp":831296922527482,"circlet_count":0,"master_deck":["Strike_R","Strike_R","Strike_R+1","Strike_R+1","Strike_R","Defend_R","Defend_R","Bash+1","Perfected Strike+1","Pommel Strike+1","Shrug It Off","Disarm","Reaper","Armaments+1","Spot Weakness+1","Pommel Strike+1","Shrug It Off","Offering+1","Metallicize+1","Shrug It Off","Disarm","Disarm","Disarm"],"relics":["Black Blood","Orichalcum","Blood Vial","Pen Nib","Whetstone","Mango","Art of War","Mercury Hourglass","Oddly Smooth Stone","Sozu","Red Mask","Regal Pillow","Meat on the Bone"],"potions_floor_usage":[10,10,14,23,23,33,33,50],"damage_taken":[{"damage":1,"enemies":"2 Louse","floor":1,"turns":3},{"damage":4,"enemies":"Small Slimes","floor":4,"turns":3},{"damage":5,"enemies":"Jaw Worm","floor":5,"turns":2},{"damage":13,"enemies":"Gremlin Gang","floor":7,"turns":5},{"damage":12,"enemies":"3 Sentries","floor":10,"turns":6},{"damage":4,"enemies":"Exordium Wildlife","floor":11,"turns":3},{"damage":10,"enemies":"Lagavulin","floor":14,"turns":3},{"damage":39,"enemies":"The Guardian","floor":16,"turns":7},{"damage":0,"enemies":"Chosen","floor":18,"turns":4},{"damage":15,"enemies":"Shell Parasite","floor":22,"turns":5},{"damage":28,"enemies":"Gremlin Leader","floor":23,"turns":7},{"damage":10,"enemies":"Centurion and Healer","floor":24,"turns":6},{"damage":24,"enemies":"3 Cultists","floor":31,"turns":5},{"damage":65,"enemies":"Champ","floor":33,"turns":10},{"damage":29,"enemies":"3 Shapes","floor":35,"turns":3},{"damage":16,"enemies":"3 Darklings","floor":36,"turns":5},{"damage":10,"enemies":"Maw","floor":39,"turns":7},{"damage":73,"enemies":"Giant Head","floor":41,"turns":8},{"damage":26,"enemies":"Sphere and 2 Shapes","floor":44,"turns":4},{"damage":13,"enemies":"Reptomancer","floor":45,"turns":7},{"damage":34,"enemies":"Maw","floor":47,"turns":8},{"damage":29,"enemies":"Transient","floor":48,"turns":5},{"damage":62,"enemies":"Awakened One","floor":50,"turns":14}],"seed_played":"-9201925507265003091","potions_obtained":[{"floor":5,"key":"Explosive Potion"},{"floor":7,"key":"Regen Potion"},{"floor":14,"key":"GamblersBrew"},{"floor":16,"key":"Fire Potion"},{"floor":22,"key":"Regen Potion"},{"floor":24,"key":"Ancient Potion"},{"floor":31,"key":"FearPotion"}],"is_trial":false,"path_per_floor":["M","?","$","M","M","R","M","?","T","E","M","$","R","E","R","B",null,"M","$","?","?","M","E","M","R","T","?","$","R","$","M","R","B",null,"M","M","?","$","M","R","E","R","T","M","M","$","M","M","R","B"],"character_chosen":"IRONCLAD","items_purchased":["Fruit Juice","Disarm","Shrug It Off","Oddly Smooth Stone","Disarm"],"campfire_rested":1,"item_purchase_floors":[12,12,28,30,46],"current_hp_per_floor":[80,85,85,85,85,85,78,71,71,82,85,85,85,100,100,69,104,104,104,83,83,80,91,93,93,93,93,93,93,93,92,92,39,109,90,109,109,109,109,109,46,93,93,95,109,109,89,88,88,68],"gold":25,"neow_bonus":"RANDOM_COMMON_RELIC","is_prod":false,"is_daily":false,"chose_seed":false,"campfire_upgraded":8,"win_rate":0,"timestamp":1536777864,"path_taken":["M","?","$","M","M","R","M","?","T","E","M","?","R","E","R","BOSS","M","$","?","?","M","E","M","R","T","?","$","R","$","M","R","BOSS","M","M","?","$","?","R","E","R","T","M","?","$","M","M","R","BOSS"],"build_version":"2018-09-06","purchased_purges":2,"victory":true,"max_hp_per_floor":[80,85,85,85,85,85,85,85,85,85,85,85,85,104,104,104,104,104,104,109,109,109,109,109,109,109,109,109,109,109,109,109,109,109,109,109,109,109,109,109,109,109,109,109,109,109,109,109,109,109],"card_choices":[{"not_picked":["True Grit","Combust"],"picked":"Perfected Strike","floor":1},{"not_picked":["Disarm","Wild Strike"],"picked":"Pommel Strike","floor":4},{"not_picked":["Rampage","Blood for Blood","Corruption"],"picked":"SKIP","floor":5},{"not_picked":["Wild Strike","Sword Boomerang","Pommel Strike"],"picked":"SKIP","floor":7},{"not_picked":["Berserk","Headbutt"],"picked":"Shrug It Off","floor":10},{"not_picked":["Havoc","Exhume","Clothesline"],"picked":"SKIP","floor":11},{"not_picked":["Clothesline","Pommel Strike","Body Slam"],"picked":"SKIP","floor":14},{"not_picked":["Bludgeon","Limit Break"],"picked":"Reaper","floor":16},{"not_picked":["Thunderclap+1","Evolve"],"picked":"Armaments","floor":18},{"not_picked":["Dropkick","Clash","Entrench"],"picked":"SKIP","floor":22},{"not_picked":["Headbutt+1","Clash"],"picked":"Spot Weakness","floor":23},{"not_picked":["Reckless Charge","Rage","Sword Boomerang"],"picked":"SKIP","floor":24},{"not_picked":["Armaments","Heavy Blade","Bloodletting+1"],"picked":"SKIP","floor":31},{"not_picked":["Double Tap","Brutality"],"picked":"Offering","floor":33},{"not_picked":["True Grit","Twin Strike+1"],"picked":"Metallicize","floor":35},{"not_picked":["Ghostly Armor+1","Second Wind+1"],"picked":"Shrug It Off","floor":36},{"not_picked":["Corruption","Iron Wave","Sword Boomerang+1"],"picked":"SKIP","floor":39},{"not_picked":["Berserk","Sword Boomerang","Warcry+1"],"picked":"SKIP","floor":41},{"not_picked":["Blood for Blood","Reckless Charge+1"],"picked":"Disarm","floor":44},{"not_picked":["Warcry+1","Wild Strike+1","Pummel"],"picked":"SKIP","floor":45},{"not_picked":["Fire Breathing","Flex+1"],"picked":"Disarm","floor":47},{"not_picked":["Headbutt","Body Slam","Combust+1"],"picked":"SKIP","floor":48}],"player_experience":210338,"relics_obtained":[{"floor":9,"key":"Pen Nib"},{"floor":10,"key":"Whetstone"},{"floor":14,"key":"Mango"},{"floor":23,"key":"Art of War"},{"floor":26,"key":"Mercury Hourglass"},{"floor":41,"key":"Regal Pillow"},{"floor":43,"key":"Meat on the Bone"}],"event_choices":[{"event_name":"Big Fish","player_choice":"Donut","floor":2,"damage_taken":0},{"event_name":"Scrap Ooze","player_choice":"success","floor":8,"damage_taken":7},{"event_name":"Forgotten Altar","player_choice":"Shed Blood","floor":20,"damage_taken":0},{"event_name":"Vampires","player_choice":"Ignored","floor":21,"damage_taken":0},{"event_name":"Match and Keep!","player_choice":"1 cards matched","floor":27,"damage_taken":0},{"event_name":"Tomb of Lord Red Mask","player_choice":"Paid","floor":37,"damage_taken":0}],"is_beta":false,"boss_relics":[{"not_picked":["Empty Cage","Runic Cube"],"picked":"Black Blood"},{"not_picked":["Philosopher\u0027s Stone","Lizard Tail"],"picked":"Sozu"}],"items_purged_floors":[3,19],"is_endless":false,"potions_floor_spawned":[5,7,14,16,22,24,31,35,41,44,47],"ascension_level":0}