{"gold_per_floor":[111,127,137,137,137,162,179,179,179,190,190,47,58,85,85,188,188,208,220,220,231,231,231,264,281,307,307,321,321,341,192,192,192],"floor_reached":33,"playtime":1305,"items_purged":["Strike_R"],"score":279,"play_id":"a8c09a63-5ea9-4448-af95-a5bad9caa4e9","local_time":"20190124155949","is_ascension_mode":false,"campfire_choices":[{"data":"Whirlwind","floor":8,"key":"SMITH"},{"data":"Bash","floor":11,"key":"SMITH"},{"data":"1","floor":15,"key":"LIFT"},{"data":"2","floor":23,"key":"LIFT"},{"data":"3","floor":27,"key":"LIFT"},{"data":"Seeing Red","floor":29,"key":"SMITH"},{"data":"Double Tap","floor":32,"key":"SMITH"}],"neow_cost":"NONE","seed_source_timestamp":1279469933402548,"circlet_count":0,"master_deck":["Strike_R","Strike_R","Defend_R+1","Defend_R","Defend_R","Defend_R","Bash+1","Whirlwind+1","Flex","Spot Weakness","Flex+1","Spot Weakness","Seeing Red+1","Demon Form","Inflame","RitualDagger","Heavy Blade+1","Headbutt","Double Tap+1"],"relics":["Burning Blood","Nunchaku","WingedGreaves","Red Skull","Girya","Runic Cube","War Paint","Lantern"],"potions_floor_usage":[16,24,25,25,30,33],"damage_taken":[{"damage":8,"enemies":"2 Louse","floor":1,"turns":3},{"damage":0,"enemies":"Small Slimes","floor":2,"turns":5},{"damage":11,"enemies":"Jaw Worm","floor":3,"turns":2},{"damage":30,"enemies":"Gremlin Nob","floor":6,"turns":4},{"damage":12,"enemies":"Looter","floor":7,"turns":4},{"damage":0,"enemies":"3 Louse","floor":10,"turns":1},{"damage":0,"enemies":"Large Slime","floor":13,"turns":5},{"damage":31,"enemies":"Lagavulin","floor":14,"turns":5},{"damage":1,"enemies":"Slime Boss","floor":16,"turns":8},{"damage":15,"enemies":"Chosen","floor":18,"turns":4},{"damage":19,"enemies":"Shell Parasite","floor":19,"turns":6},{"damage":16,"enemies":"Centurion and Healer","floor":21,"turns":7},{"damage":29,"enemies":"Slavers","floor":24,"turns":3},{"damage":2,"enemies":"Chosen and Byrds","floor":25,"turns":4},{"damage":2,"enemies":"Snecko","floor":28,"turns":3},{"damage":5,"enemies":"Centurion and Healer","floor":30,"turns":3},{"damage":75,"enemies":"Automaton","floor":33,"turns":6}],"seed_played":"-2964269538922637206","potions_obtained":[{"floor":1,"key":"Explosive Potion"},{"floor":3,"key":"GamblersBrew"},{"floor":6,"key":"PowerPotion"},{"floor":19,"key":"Fire Potion"},{"floor":21,"key":"Block Potion"},{"floor":24,"key":"Swift Potion"},{"floor":28,"key":"Dexterity Potion"}],"is_trial":false,"path_per_floor":["M","M","M","?","?","E","M","R","T","M","R","$","M","E","R","B",null,"M","M","?","M","?","R","E","M","T","R","M","R","M","$","R","B"],"character_chosen":"IRONCLAD","items_purchased":["Red Skull","Double Tap"],"campfire_rested":0,"item_purchase_floors":[12,31],"current_hp_per_floor":[78,80,75,80,73,49,43,43,43,49,49,49,55,30,30,35,85,76,63,63,53,47,47,24,28,28,28,32,32,33,33,33,0],"gold":192,"neow_bonus":"REMOVE_CARD","is_prod":false,"is_daily":false,"chose_seed":false,"campfire_upgraded":4,"win_rate":0,"timestamp":1548374389,"path_taken":["M","M","M","?","?","E","M","R","T","M","R","$","M","E","R","BOSS","M","M","?","M","?","R","E","M","T","R","M","R","M","$","R","BOSS"],"build_version":"2019-01-10","purchased_purges":1,"victory":false,"max_hp_per_floor":[80,80,80,85,85,85,85,85,85,85,85,85,85,85,85,85,85,85,85,85,85,85,85,85,85,85,85,85,85,85,85,85,85],"card_choices":[{"not_picked":["Perfected Strike","Blood for Blood"],"picked":"Whirlwind","floor":1},{"not_picked":["Uppercut","Rage"],"picked":"Flex","floor":2},{"not_picked":["Clothesline","Sword Boomerang","Rupture"],"picked":"SKIP","floor":3},{"not_picked":["Headbutt","Cleave"],"picked":"Spot Weakness","floor":6},{"not_picked":["Pommel Strike","Evolve"],"picked":"Flex","floor":7},{"not_picked":["Entrench","Sentinel","Sword Boomerang"],"picked":"SKIP","floor":10},{"not_picked":["Blood for Blood","Iron Wave"],"picked":"Spot Weakness","floor":13},{"not_picked":["True Grit","Metallicize"],"picked":"Seeing Red","floor":14},{"not_picked":["Fiend Fire","Berserk"],"picked":"Demon Form","floor":16},{"not_picked":["Twin Strike","Cleave+1","Wild Strike"],"picked":"SKIP","floor":18},{"not_picked":["Armaments","Thunderclap"],"picked":"Inflame","floor":19},{"not_picked":["Infernal Blade","Thunderclap","True Grit"],"picked":"SKIP","floor":21},{"not_picked":["Sword Boomerang","Warcry","Havoc"],"picked":"SKIP","floor":24},{"not_picked":["Iron Wave","Rampage","Carnage+1"],"picked":"SKIP","floor":25},{"not_picked":["Pummel","Sever Soul+1"],"picked":"Heavy Blade+1","floor":28},{"not_picked":["Anger","Intimidate+1"],"picked":"Headbutt","floor":30}],"player_experience":364301,"relics_obtained":[{"floor":6,"key":"Nunchaku"},{"floor":9,"key":"WingedGreaves"},{"floor":14,"key":"Girya"},{"floor":24,"key":"War Paint"},{"floor":26,"key":"Lantern"}],"event_choices":[{"damage_healed":0,"gold_gain":0,"player_choice":"Donut","damage_taken":0,"max_hp_gain":5,"max_hp_loss":0,"event_name":"Big Fish","floor":4,"gold_loss":0},{"cards_removed":["Strike_R"],"damage_healed":0,"gold_gain":0,"player_choice":"Card Removal","damage_taken":7,"max_hp_gain":0,"max_hp_loss":0,"event_name":"Golden Wing","floor":5,"gold_loss":0},{"damage_healed":0,"gold_gain":0,"player_choice":"Ignored","damage_taken":0,"max_hp_gain":0,"max_hp_loss":0,"event_name":"Ghosts","floor":20,"gold_loss":0},{"damage_healed":0,"gold_gain":0,"player_choice":"Joined the Cult","damage_taken":6,"max_hp_gain":0,"max_hp_loss":0,"event_name":"Nest","floor":22,"gold_loss":0,"cards_obtained":["RitualDagger"]}],"is_beta":false,"boss_relics":[{"not_picked":["Pandora\u0027s Box","Orrery"],"picked":"Runic Cube"}],"items_purged_floors":[31],"is_endless":false,"potions_floor_spawned":[1,3,6,7,14,19,21,24,28],"killed_by":"Automaton","ascension_level":0}