{"gold_per_floor":[110,124,136,155,155,155,171,346,346,346,346,360,374,386,386,485,485,496,515,515,195,212,212,231,231,231,265,42,42,56,83,83,182,182,196,196,208,233,34,63,75,75,75,75,91,91,104,104,104,104],"floor_reached":51,"playtime":7238,"items_purged":["Strike_B"],"score":705,"play_id":"f2eb16c0-6a97-4ac3-b0d5-e421c20df453","local_time":"20190503194145","is_ascension_mode":true,"campfire_choices":[{"data":"Zap","floor":11,"key":"SMITH"},{"data":"Fission","floor":15,"key":"SMITH"},{"floor":23,"key":"REST"},{"data":"Defragment","floor":25,"key":"SMITH"},{"floor":29,"key":"REST"},{"floor":32,"key":"REST"},{"floor":42,"key":"REST"},{"data":"Creative AI","floor":49,"key":"SMITH"}],"neow_cost":"NONE","seed_source_timestamp":1622501039367829,"circlet_count":0,"master_deck":["Defend_B","Defend_B","Defend_B","Zap+1","Dualcast","Consume","Beam Cell","Chill","Leap","Doubt","Static Discharge","Glacier","Darkness","Fission+1","Machine Learning","Rip and Tear+1","Static Discharge+1","Doom and Gloom+1","BootSequence","Conserve Battery","Defragment","Blind","Lockon","Defragment+1","Darkness+1","Capacitor","Steam","Tempest+1","Creative AI+1","Darkness+1","Defragment+1"],"relics":["Cracked Core","Oddly Smooth Stone","Blue Candle","Astrolabe","Nilry\u0027s Codex","Smiling Mask","Blood Vial","DataDisk","Peace Pipe","Busted Crown","Strawberry","Lantern","Girya","Bird Faced Urn"],"potions_floor_usage":[6,16,16,16,31,40,40,40,40,40,50,50,50],"damage_taken":[{"damage":0,"enemies":"Cultist","floor":1,"turns":3},{"damage":0,"enemies":"Small Slimes","floor":2,"turns":4},{"damage":1,"enemies":"Jaw Worm","floor":3,"turns":3},{"damage":7,"enemies":"2 Fungi Beasts","floor":4,"turns":4},{"damage":0,"enemies":"Gremlin Nob","floor":6,"turns":2},{"damage":7,"enemies":"Lots of Slimes","floor":7,"turns":4},{"damage":8,"enemies":"Exordium Wildlife","floor":12,"turns":5},{"damage":3,"enemies":"Blue Slaver","floor":13,"turns":5},{"damage":1,"enemies":"Exordium Thugs","floor":14,"turns":5},{"damage":37,"enemies":"The Guardian","floor":16,"turns":9},{"damage":17,"enemies":"3 Byrds","floor":18,"turns":5},{"damage":4,"enemies":"Chosen","floor":19,"turns":4},{"damage":8,"enemies":"Snecko","floor":22,"turns":5},{"damage":8,"enemies":"Snake Plant","floor":24,"turns":4},{"damage":18,"enemies":"Slavers","floor":27,"turns":5},{"damage":8,"enemies":"Centurion and Healer","floor":30,"turns":8},{"damage":11,"enemies":"Book of Stabbing","floor":31,"turns":5},{"damage":10,"enemies":"Champ","floor":33,"turns":10},{"damage":2,"enemies":"3 Darklings","floor":35,"turns":3},{"damage":7,"enemies":"Orb Walker","floor":37,"turns":4},{"damage":17,"enemies":"Reptomancer","floor":40,"turns":8},{"damage":1,"enemies":"3 Darklings","floor":41,"turns":5},{"damage":8,"enemies":"Transient","floor":45,"turns":5},{"damage":6,"enemies":"Writhing Mass","floor":47,"turns":6},{"damage":26,"enemies":"Time Eater","floor":50,"turns":12}],"seed_played":"-4629445426108703187","potions_obtained":[{"floor":3,"key":"SmokeBomb"},{"floor":4,"key":"FocusPotion"},{"floor":7,"key":"Explosive Potion"},{"floor":12,"key":"PowerPotion"},{"floor":13,"key":"AttackPotion"},{"floor":14,"key":"FocusPotion"},{"floor":19,"key":"GamblersBrew"},{"floor":22,"key":"SkillPotion"},{"floor":37,"key":"AttackPotion"},{"floor":41,"key":"FocusPotion"},{"floor":45,"key":"Block Potion"}],"is_trial":false,"path_per_floor":["M","M","M","M","?","E","M","?","T","?","R","M","M","M","R","B",null,"M","M","?","$","M","R","M","R","T","E","$","R","M","E","R","B",null,"M","?","M","T","$","E","M","R","T","?","M","$","M","?","R","B",null],"character_chosen":"DEFECT","items_purchased":["EntropicBrew","Defragment","Blind","Lockon","Capacitor","DataDisk","Lantern"],"campfire_rested":4,"item_purchase_floors":[21,21,21,21,28,28,39],"current_hp_per_floor":[75,75,74,67,67,67,60,60,60,60,60,52,49,48,48,11,75,58,54,38,38,30,52,44,44,44,26,26,48,42,33,55,47,75,73,71,64,71,71,56,57,78,78,78,70,70,78,78,78,78],"gold":104,"neow_bonus":"RANDOM_COMMON_RELIC","is_prod":false,"is_daily":false,"chose_seed":false,"campfire_upgraded":4,"win_rate":0,"timestamp":1556908905,"path_taken":["M","M","M","?","?","E","M","?","T","?","R","M","?","M","R","BOSS","M","M","?","$","M","R","M","R","T","E","$","R","M","E","R","BOSS","M","?","M","?","$","E","M","R","T","?","M","?","?","?","R","BOSS"],"build_version":"2019-01-23","purchased_purges":1,"victory":true,"max_hp_per_floor":[75,75,75,75,75,75,75,75,75,75,75,75,75,75,75,75,75,75,75,75,75,75,75,75,75,75,75,75,75,75,75,75,75,75,75,71,71,78,78,78,78,78,78,78,78,78,78,78,78,78],"card_choices":[{"not_picked":["Leap","Steam"],"picked":"Consume","floor":1},{"not_picked":["Steam Power","Turbo"],"picked":"Beam Cell","floor":2},{"not_picked":["Steam","Storm"],"picked":"Chill","floor":3},{"not_picked":["Stack","Aggregate","Compile Driver"],"picked":"SKIP","floor":4},{"not_picked":["Double Energy","Redo"],"picked":"Leap","floor":7},{"not_picked":["BootSequence","Beam Cell"],"picked":"Glacier","floor":12},{"not_picked":["Turbo","Static Discharge"],"picked":"Darkness","floor":13},{"not_picked":["Hologram","Redo"],"picked":"Fission","floor":14},{"not_picked":["Rainbow","Reboot"],"picked":"Machine Learning","floor":16},{"not_picked":["Steam Power","Barrage"],"picked":"BootSequence","floor":18},{"not_picked":["Darkness","Doom and Gloom"],"picked":"Conserve Battery","floor":19},{"not_picked":["Cold Snap","Loop"],"picked":"Defragment","floor":22},{"not_picked":["Go for the Eyes","Barrage","Amplify"],"picked":"SKIP","floor":24},{"not_picked":["Beam Cell","BootSequence"],"picked":"Darkness+1","floor":27},{"not_picked":["Leap","Barrage"],"picked":"Steam","floor":30},{"not_picked":["Ball Lightning+1","Capacitor"],"picked":"Tempest+1","floor":31},{"not_picked":["Fission","Machine Learning"],"picked":"Creative AI","floor":33},{"not_picked":["Compile Driver"],"picked":"SKIP","floor":35},{"not_picked":["Steam+1"],"picked":"SKIP","floor":37},{"not_picked":["Steam"],"picked":"SKIP","floor":40},{"not_picked":[],"picked":"Darkness+1","floor":41},{"not_picked":["Auto Shields+1"],"picked":"SKIP","floor":45},{"not_picked":["Redo+1"],"picked":"SKIP","floor":47}],"player_experience":1895100,"relics_obtained":[{"floor":9,"key":"Blue Candle"},{"floor":20,"key":"Nilry\u0027s Codex"},{"floor":26,"key":"Smiling Mask"},{"floor":27,"key":"Blood Vial"},{"floor":31,"key":"Peace Pipe"},{"floor":38,"key":"Strawberry"},{"floor":40,"key":"Girya"},{"floor":43,"key":"Bird Faced Urn"}],"event_choices":[{"damage_healed":0,"gold_gain":0,"player_choice":"Ignored","damage_taken":0,"max_hp_gain":0,"max_hp_loss":0,"event_name":"Shining Light","floor":5,"gold_loss":0},{"damage_healed":0,"gold_gain":175,"player_choice":"AGREE","damage_taken":0,"max_hp_gain":0,"max_hp_loss":0,"event_name":"Liars Game","floor":8,"gold_loss":0,"cards_obtained":["Doubt"]},{"damage_healed":0,"gold_gain":0,"cards_transformed":["Strike_B"],"player_choice":"Transformed","damage_taken":0,"max_hp_gain":0,"max_hp_loss":0,"event_name":"Transmorgrifier","floor":10,"gold_loss":0,"cards_obtained":["Static Discharge"]},{"damage_healed":0,"gold_gain":0,"player_choice":"Obtained Book","damage_taken":16,"max_hp_gain":0,"max_hp_loss":0,"event_name":"Cursed Tome","floor":20,"gold_loss":0},{"damage_healed":0,"gold_gain":0,"player_choice":"Max HP","damage_taken":0,"max_hp_gain":0,"max_hp_loss":4,"event_name":"Winding Halls","floor":36,"gold_loss":0},{"damage_healed":0,"gold_gain":0,"player_choice":"Ignored","damage_taken":0,"max_hp_gain":0,"max_hp_loss":0,"event_name":"Tomb of Lord Red Mask","floor":44,"gold_loss":0},{"damage_healed":0,"gold_gain":0,"player_choice":"Copied","damage_taken":0,"max_hp_gain":0,"max_hp_loss":0,"event_name":"Duplicator","floor":48,"gold_loss":0,"cards_obtained":["Defragment"]}],"is_beta":false,"boss_relics":[{"not_picked":["Philosopher\u0027s Stone","Pandora\u0027s Box"],"picked":"Astrolabe"},{"not_picked":["Orrery","Snecko Eye"],"picked":"Busted Crown"}],"items_purged_floors":[39],"is_endless":false,"potions_floor_spawned":[3,4,7,12,13,14,19,22,27,30,37,41,45],"ascension_level":1}