{"gold_per_floor":[16,16,32,101,126,126,160,160,160,204,204,219,240,274,274,395,395,409,27,47,61,81,81,112,112,186,186,186,186,111,130,130,130],"floor_reached":33,"playtime":1195,"items_purged":["Strike_R"],"score":444,"play_id":"39e4bf4a-d306-4687-935c-93f0caa043be","local_time":"20190326230208","is_ascension_mode":true,"campfire_choices":[{"data":"Spot Weakness","floor":6,"key":"SMITH"},{"floor":8,"key":"REST"},{"data":"Uppercut","floor":15,"key":"SMITH"},{"data":"Inflame","floor":23,"key":"SMITH"},{"data":"Heavy Blade","floor":25,"key":"SMITH"},{"floor":27,"key":"REST"},{"data":"Fiend Fire","floor":32,"key":"SMITH"}],"neow_cost":"NO_GOLD","seed_source_timestamp":256255209679777,"circlet_count":0,"master_deck":["Strike_R","Strike_R","Strike_R","Defend_R","Defend_R","Defend_R","Defend_R","Bash","Immolate","Spot Weakness+1","Heavy Blade+1","Pummel","Inflame+1","Uppercut+1","Whirlwind","Power Through","Shrug It Off","Fiend Fire+1","Power Through","Battle Trance","Armaments","Reaper","Shrug It Off"],"relics":["Burning Blood","Golden Idol","Paper Frog","FossilizedHelix","Singing Bowl","Mercury Hourglass","Shuriken","Runic Cube","Mango","Regal Pillow","Dodecahedron","MutagenicStrength"],"potions_floor_usage":[7,14,24,24,24,33],"damage_taken":[{"damage":0,"enemies":"Small Slimes","floor":1,"turns":3},{"damage":9,"enemies":"Jaw Worm","floor":3,"turns":4},{"damage":1,"enemies":"Cultist","floor":5,"turns":3},{"damage":55,"enemies":"Lagavulin","floor":7,"turns":6},{"damage":0,"enemies":"Gremlin Nob","floor":10,"turns":3},{"damage":6,"enemies":"Lots of Slimes","floor":12,"turns":3},{"damage":6,"enemies":"3 Louse","floor":13,"turns":2},{"damage":0,"enemies":"Lagavulin","floor":14,"turns":5},{"damage":21,"enemies":"The Guardian","floor":16,"turns":8},{"damage":9,"enemies":"Shell Parasite","floor":18,"turns":3},{"damage":17,"enemies":"2 Thieves","floor":20,"turns":4},{"damage":11,"enemies":"Sentry and Sphere","floor":21,"turns":4},{"damage":6,"enemies":"Chosen and Byrds","floor":22,"turns":4},{"damage":17,"enemies":"Book of Stabbing","floor":24,"turns":4},{"damage":6,"enemies":"Cultist and Chosen","floor":31,"turns":5},{"damage":98,"enemies":"Automaton","floor":33,"turns":8}],"seed_played":"6903715939373936816","potions_obtained":[{"floor":1,"key":"Energy Potion"},{"floor":5,"key":"BloodPotion"},{"floor":11,"key":"AttackPotion"},{"floor":11,"key":"FearPotion"},{"floor":13,"key":"EssenceOfSteel"},{"floor":18,"key":"Block Potion"},{"floor":24,"key":"SteroidPotion"}],"is_trial":false,"path_per_floor":["M","?","M","T","M","R","E","R","T","E","?","M","M","E","R","B",null,"M","$","M","M","M","R","E","R","T","R","?","?","?","M","R","B"],"character_chosen":"IRONCLAD","items_purchased":["Mango"],"campfire_rested":2,"item_purchase_floors":[19],"current_hp_per_floor":[80,60,57,57,62,62,21,45,45,51,51,51,51,57,57,42,71,68,82,71,66,68,68,57,57,57,96,96,96,96,98,98,0],"gold":130,"neow_bonus":"THREE_RARE_CARDS","is_prod":false,"is_daily":false,"chose_seed":false,"campfire_upgraded":5,"win_rate":0,"timestamp":1553662928,"path_taken":["M","?","M","?","M","R","E","R","T","E","?","?","M","E","R","BOSS","M","?","?","M","M","R","E","R","T","R","?","?","?","M","R","BOSS"],"build_version":"2019-01-23","purchased_purges":1,"victory":false,"max_hp_per_floor":[80,80,80,80,80,80,80,80,80,80,80,80,80,80,80,80,80,80,94,94,94,96,96,96,96,96,96,96,96,96,98,98,98],"card_choices":[{"not_picked":["Brutality","Limit Break"],"picked":"Immolate","floor":0},{"not_picked":["Warcry","Sever Soul"],"picked":"Spot Weakness","floor":1},{"not_picked":["Wild Strike","Pommel Strike"],"picked":"Heavy Blade","floor":3},{"not_picked":["Anger","Flex"],"picked":"Pummel","floor":5},{"not_picked":["Thunderclap","Second Wind"],"picked":"Inflame","floor":7},{"not_picked":["Sentinel","Iron Wave"],"picked":"Uppercut","floor":10},{"not_picked":["Combust","Rage"],"picked":"Whirlwind","floor":12},{"not_picked":["Cleave","Sword Boomerang"],"picked":"Power Through","floor":13},{"not_picked":["Blood for Blood","Ghostly Armor"],"picked":"Shrug It Off","floor":14},{"not_picked":["Brutality","Impervious"],"picked":"Fiend Fire","floor":16},{"not_picked":["Body Slam","Clash"],"picked":"Power Through","floor":18},{"not_picked":["Hemokinesis","Iron Wave"],"picked":"Battle Trance","floor":20},{"not_picked":["Anger","Seeing Red"],"picked":"Armaments","floor":21},{"not_picked":["Heavy Blade+1","Hemokinesis","Warcry"],"picked":"Singing Bowl","floor":22},{"not_picked":["Cleave","Rampage"],"picked":"Reaper","floor":24},{"not_picked":["Dropkick","Body Slam","Anger"],"picked":"Singing Bowl","floor":31}],"player_experience":336891,"relics_obtained":[{"floor":4,"key":"Paper Frog"},{"floor":7,"key":"FossilizedHelix"},{"floor":9,"key":"Singing Bowl"},{"floor":10,"key":"Mercury Hourglass"},{"floor":14,"key":"Shuriken"},{"floor":24,"key":"Regal Pillow"},{"floor":26,"key":"Dodecahedron"}],"event_choices":[{"damage_healed":0,"gold_gain":0,"player_choice":"Take Damage","damage_taken":20,"relics_obtained":["Golden Idol"],"max_hp_gain":0,"max_hp_loss":0,"event_name":"Golden Idol","floor":2,"gold_loss":0},{"damage_healed":0,"gold_gain":0,"player_choice":"Got Potions","damage_taken":0,"max_hp_gain":0,"max_hp_loss":0,"event_name":"Lab","floor":11,"gold_loss":0},{"damage_healed":0,"gold_gain":0,"player_choice":"Read","damage_taken":0,"max_hp_gain":0,"max_hp_loss":0,"event_name":"The Library","floor":28,"gold_loss":0,"cards_obtained":["Shrug It Off"]},{"damage_healed":0,"gold_gain":0,"player_choice":"Inject Mutagens","damage_taken":0,"relics_obtained":["MutagenicStrength"],"max_hp_gain":0,"max_hp_loss":0,"event_name":"Drug Dealer","floor":29,"gold_loss":0},{"cards_removed":["Strike_R"],"damage_healed":0,"gold_gain":0,"player_choice":"Gave Gold","damage_taken":0,"max_hp_gain":0,"max_hp_loss":0,"event_name":"Beggar","floor":30,"gold_loss":75}],"is_beta":false,"boss_relics":[{"not_picked":["Sozu","Runic Pyramid"],"picked":"Runic Cube"}],"items_purged_floors":[19],"is_endless":false,"potions_floor_spawned":[1,5,13,18,20,22,24],"killed_by":"Automaton","ascension_level":5}