{"gold_per_floor":[110,110,130,130,130,161,161,171,171,70,70,86,58,72,72,172,172,189,189,34,48,48],"floor_reached":22,"playtime":567,"items_purged":["Strike_B"],"score":230,"play_id":"254bea0e-58c9-4884-b835-0288d9ac1c72","local_time":"20190407104050","is_ascension_mode":true,"campfire_choices":[{"data":"Tempest","floor":7,"key":"SMITH"},{"data":"Hologram","floor":11,"key":"SMITH"},{"floor":15,"key":"REST"}],"neow_cost":"NONE","seed_source_timestamp":147570427971125,"circlet_count":0,"master_deck":["Strike_B","Strike_B","Defend_B","Defend_B","Zap","Dualcast","Consume+1","Auto Shields","Tempest+1","Coolheaded","Capacitor","Hologram+1","Auto Shields","Electrodynamics","Doom and Gloom+1","Defragment","Ball Lightning"],"relics":["Cracked Core","NeowsBlessing","Cables","Empty Cage"],"potions_floor_usage":[12,16,22,22,22],"damage_taken":[{"damage":0,"enemies":"2 Louse","floor":1,"turns":1},{"damage":0,"enemies":"Jaw Worm","floor":3,"turns":1},{"damage":0,"enemies":"3 Sentries","floor":6,"turns":1},{"damage":0,"enemies":"Small Slimes","floor":8,"turns":2},{"damage":15,"enemies":"Looter","floor":12,"turns":3},{"damage":18,"enemies":"3 Louse","floor":14,"turns":3},{"damage":39,"enemies":"The Guardian","floor":16,"turns":10},{"damage":36,"enemies":"Shell Parasite","floor":18,"turns":5},{"damage":25,"enemies":"3 Byrds","floor":21,"turns":3},{"damage":24,"enemies":"Sentry and Sphere","floor":22,"turns":3}],"seed_played":"2795209309163389645","potions_obtained":[{"floor":1,"key":"LiquidBronze"},{"floor":14,"key":"Fire Potion"},{"floor":16,"key":"Strength Potion"},{"floor":18,"key":"Block Potion"},{"floor":21,"key":"Poison Potion"}],"is_trial":false,"path_per_floor":["M","?","M","?","?","E","R","M","T","$","R","M","?","M","R","B",null,"M","?","$","M","M"],"character_chosen":"DEFECT","items_purchased":["Capacitor","Hologram","Defragment"],"campfire_rested":1,"item_purchase_floors":[10,10,20],"current_hp_per_floor":[75,68,68,68,68,68,68,68,68,68,68,53,53,35,57,18,75,39,39,39,14,0],"gold":48,"neow_bonus":"THREE_ENEMY_KILL","is_prod":false,"is_daily":false,"chose_seed":false,"campfire_upgraded":2,"win_rate":0,"timestamp":1554658850,"path_taken":["M","?","M","?","?","E","R","?","T","$","R","M","?","M","R","BOSS","M","?","$","M","M"],"build_version":"2019-01-23","purchased_purges":1,"victory":false,"max_hp_per_floor":[75,75,75,75,75,75,75,75,75,75,75,75,75,75,75,75,75,75,75,75,75,75],"card_choices":[{"not_picked":["Chill","Barrage"],"picked":"Consume","floor":1},{"not_picked":["Barrage","Compile Driver"],"picked":"Auto Shields","floor":3},{"not_picked":["Glacier","Undo"],"picked":"Tempest","floor":6},{"not_picked":["Glacier","Beam Cell"],"picked":"Coolheaded","floor":8},{"not_picked":["Ball Lightning","Recycle","Steam"],"picked":"SKIP","floor":12},{"not_picked":["Cold Snap","Rip and Tear"],"picked":"Auto Shields","floor":14},{"not_picked":["Multi-Cast","Rainbow"],"picked":"Electrodynamics","floor":16},{"not_picked":["Force Field+1","Stack"],"picked":"Doom and Gloom+1","floor":18},{"not_picked":["Turbo+1","Steam"],"picked":"Ball Lightning","floor":21}],"player_experience":409983,"relics_obtained":[{"floor":6,"key":"Cables"}],"event_choices":[{"cards_removed":["Strike_B"],"damage_healed":0,"gold_gain":0,"player_choice":"Card Removal","damage_taken":7,"max_hp_gain":0,"max_hp_loss":0,"event_name":"Golden Wing","floor":2,"gold_loss":0},{"damage_healed":0,"gold_gain":0,"player_choice":"Grow","damage_taken":0,"max_hp_gain":0,"max_hp_loss":0,"event_name":"Living Wall","floor":4,"gold_loss":0,"cards_upgraded":["Consume"]},{"damage_healed":0,"gold_gain":0,"player_choice":"Ignored","damage_taken":0,"max_hp_gain":0,"max_hp_loss":0,"event_name":"Golden Idol","floor":5,"gold_loss":0},{"damage_healed":0,"gold_gain":0,"player_choice":"Left Gold","damage_taken":0,"max_hp_gain":0,"max_hp_loss":0,"event_name":"World of Goop","floor":13,"gold_loss":28},{"damage_healed":0,"gold_gain":0,"player_choice":"Ignored","damage_taken":0,"max_hp_gain":0,"max_hp_loss":0,"event_name":"Cursed Tome","floor":19,"gold_loss":0}],"is_beta":false,"boss_relics":[{"not_picked":["Pandora\u0027s Box","Runic Pyramid"],"picked":"Empty Cage"}],"items_purged_floors":[20],"is_endless":false,"potions_floor_spawned":[1,14,16,18,21],"killed_by":"Sentry and Sphere","ascension_level":2}