{"gold_per_floor":[117,132,11,11,27,55,83,107,119,131,170,256,14,14,14,109,109,123,136,151,0,20,20,36,49,99,19,19,30,30,44,44,139,139,150,160,86,97,97,97,97,107,157,157,0,0,0,33,33,33],"floor_reached":50,"playtime":1743,"items_purged":["Strike_B"],"score":560,"play_id":"09d90cb0-4792-4c43-a94e-ef5a717af21b","local_time":"20190406142354","is_ascension_mode":true,"campfire_choices":[{"floor":10,"key":"REST"},{"data":"Apotheosis","floor":15,"key":"SMITH"},{"data":"Defragment","floor":23,"key":"SMITH"},{"floor":30,"key":"REST"},{"floor":32,"key":"REST"},{"floor":40,"key":"REST"},{"floor":44,"key":"REST"},{"floor":46,"key":"RECALL"},{"floor":49,"key":"REST"}],"neow_cost":"NONE","seed_source_timestamp":73379284879758,"circlet_count":0,"master_deck":["Strike_B","Strike_B","Strike_B","Defend_B","Defend_B","Zap","Dualcast","Undo","Cold Snap","Defragment+1","Ball Lightning","Electrodynamics","Darkness","White Noise","Redo","Apotheosis+1","Blizzard","Echo Form","Lockon+1","Capacitor","Ball Lightning+1","Self Repair","Static Discharge","Multi-Cast","Self Repair","Static Discharge","Defragment"],"relics":["Cracked Core","Orichalcum","MawBank","Mummified Hand","Thread and Needle","Pear","Orrery","Ancient Tea Set","Nuclear Battery","Whetstone","Red Mask","Frozen Egg 2"],"potions_floor_usage":[7,11,16,16,18,20,22,22,24,25,33,38],"damage_taken":[{"damage":8,"enemies":"Small Slimes","floor":1,"turns":3},{"damage":6,"enemies":"Jaw Worm","floor":2,"turns":3},{"damage":0,"enemies":"Cultist","floor":5,"turns":4},{"damage":12,"enemies":"3 Sentries","floor":6,"turns":4},{"damage":0,"enemies":"3 Louse","floor":7,"turns":2},{"damage":8,"enemies":"Blue Slaver","floor":8,"turns":2},{"damage":1,"enemies":"Lagavulin","floor":11,"turns":4},{"damage":3,"enemies":"The Guardian","floor":16,"turns":7},{"damage":2,"enemies":"Chosen","floor":18,"turns":4},{"damage":0,"enemies":"Spheric Guardian","floor":19,"turns":4},{"damage":26,"enemies":"Centurion and Healer","floor":20,"turns":5},{"damage":0,"enemies":"3 Cultists","floor":22,"turns":4},{"damage":48,"enemies":"Cultist and Chosen","floor":24,"turns":6},{"damage":4,"enemies":"Centurion and Healer","floor":25,"turns":3},{"damage":0,"enemies":"3 Cultists","floor":29,"turns":4},{"damage":0,"enemies":"Snecko","floor":31,"turns":4},{"damage":31,"enemies":"Collector","floor":33,"turns":8},{"damage":14,"enemies":"3 Shapes","floor":35,"turns":2},{"damage":11,"enemies":"Orb Walker","floor":36,"turns":3},{"damage":53,"enemies":"3 Darklings","floor":38,"turns":3},{"damage":12,"enemies":"Sphere and 2 Shapes","floor":41,"turns":3},{"damage":48,"enemies":"Spire Growth","floor":42,"turns":4},{"damage":12,"enemies":"Giant Head","floor":48,"turns":6},{"damage":97,"enemies":"Donu and Deca","floor":50,"turns":6}],"seed_played":"-5652175036767121751","potions_obtained":[{"floor":5,"key":"SteroidPotion"},{"floor":6,"key":"Block Potion"},{"floor":7,"key":"Fruit Juice"},{"floor":11,"key":"Dexterity Potion"},{"floor":16,"key":"Fire Potion"},{"floor":19,"key":"Explosive Potion"},{"floor":20,"key":"FocusPotion"},{"floor":22,"key":"EssenceOfSteel"},{"floor":24,"key":"FocusPotion"},{"floor":31,"key":"LiquidBronze"},{"floor":36,"key":"AttackPotion"},{"floor":48,"key":"Dexterity Potion"}],"is_trial":false,"path_per_floor":["M","M","$","?","M","E","M","M","T","R","E","T","$","?","R","B",null,"M","M","M","$","M","R","M","M","T","$","?","M","R","M","R","B",null,"M","M","$","M","?","R","M","M","T","R","?","R","$","E","R","B"],"character_chosen":"DEFECT","items_purchased":["Defragment","Ball Lightning","Apotheosis","Self Repair","Regen Potion","Static Discharge","Static Discharge"],"campfire_rested":6,"item_purchase_floors":[3,3,13,21,21,27,37],"current_hp_per_floor":[67,61,61,54,54,42,47,39,39,63,62,72,72,72,72,69,90,88,88,62,62,81,81,40,36,36,36,36,36,63,70,90,69,90,83,90,90,44,44,71,59,18,18,45,45,45,45,53,80,0],"gold":33,"neow_bonus":"RANDOM_COMMON_RELIC","is_prod":false,"is_daily":false,"chose_seed":false,"campfire_upgraded":2,"win_rate":0,"timestamp":1554585834,"path_taken":["M","M","$","?","M","E","M","M","T","R","E","?","?","?","R","BOSS","M","?","M","$","M","R","M","M","T","$","?","M","R","M","R","BOSS","M","M","$","M","?","R","M","M","T","R","?","R","?","E","R","BOSS"],"build_version":"2019-01-23","purchased_purges":1,"victory":false,"max_hp_per_floor":[75,75,75,75,75,75,80,80,80,80,80,90,90,90,90,90,90,90,90,90,90,90,90,90,90,90,90,90,90,90,90,90,90,90,90,90,90,90,90,90,90,90,90,90,90,90,90,90,90,90],"card_choices":[{"not_picked":["Stack","Leap"],"picked":"Undo","floor":1},{"not_picked":["Stack","Rebound"],"picked":"Cold Snap","floor":2},{"not_picked":["Beam Cell","Rebound"],"picked":"Electrodynamics","floor":5},{"not_picked":["Scrape","Force Field"],"picked":"Darkness","floor":6},{"not_picked":["Beam Cell","Gash","Storm"],"picked":"SKIP","floor":7},{"not_picked":["Chaos","Go for the Eyes"],"picked":"White Noise","floor":8},{"not_picked":["Force Field","Rebound"],"picked":"Redo","floor":11},{"not_picked":["Amplify","Seek"],"picked":"Echo Form","floor":16},{"not_picked":["Cold Snap","Beam Cell"],"picked":"Lockon","floor":17},{"not_picked":["Rebound","Redo"],"picked":"Capacitor","floor":17},{"not_picked":["Beam Cell","Turbo"],"picked":"Ball Lightning","floor":17},{"not_picked":["Ball Lightning","Glacier","Rebound+1"],"picked":"SKIP","floor":18},{"not_picked":["Barrage+1","Sweeping Beam","Gash"],"picked":"SKIP","floor":19},{"not_picked":["Blizzard","Coolheaded","Streamline"],"picked":"SKIP","floor":20},{"not_picked":["Core Surge","Leap","Steam"],"picked":"SKIP","floor":22},{"not_picked":["Cold Snap+1","Barrage+1","Compile Driver+1"],"picked":"SKIP","floor":24},{"not_picked":["Coolheaded","Go for the Eyes","Turbo"],"picked":"SKIP","floor":25},{"not_picked":["Cold Snap+1","Stack","Sweeping Beam"],"picked":"SKIP","floor":29},{"not_picked":["Hologram+1","Steam","Reboot"],"picked":"SKIP","floor":31},{"not_picked":["Fission","Biased Cognition"],"picked":"Multi-Cast","floor":33},{"not_picked":["Rebound","Coolheaded"],"picked":"Self Repair","floor":35},{"not_picked":["Stack+1","All For One","Sunder"],"picked":"SKIP","floor":36},{"not_picked":["Leap+1","Recycle","Hologram"],"picked":"SKIP","floor":38},{"not_picked":["Blizzard+1","Leap+1","Redo"],"picked":"SKIP","floor":41},{"not_picked":["Turbo","Chaos+1"],"picked":"Defragment","floor":42},{"not_picked":["Steam","Tempest","Scrape"],"picked":"SKIP","floor":48}],"player_experience":408240,"relics_obtained":[{"floor":6,"key":"MawBank"},{"floor":9,"key":"Mummified Hand"},{"floor":11,"key":"Thread and Needle"},{"floor":12,"key":"Pear"},{"floor":26,"key":"Ancient Tea Set"},{"floor":43,"key":"Whetstone"},{"floor":48,"key":"Frozen Egg 2"}],"event_choices":[{"cards_removed":["Defend_B"],"damage_healed":0,"gold_gain":0,"player_choice":"Card Removal","damage_taken":7,"max_hp_gain":0,"max_hp_loss":0,"event_name":"Golden Wing","floor":4,"gold_loss":0},{"damage_healed":0,"gold_gain":0,"cards_transformed":["Defend_B"],"player_choice":"Transformed","damage_taken":0,"max_hp_gain":0,"max_hp_loss":0,"event_name":"Transmorgrifier","floor":14,"gold_loss":0,"cards_obtained":["Blizzard"]},{"damage_healed":0,"gold_gain":0,"player_choice":"Ignored","damage_taken":0,"max_hp_gain":0,"max_hp_loss":0,"event_name":"Beggar","floor":28,"gold_loss":0},{"damage_healed":0,"gold_gain":0,"player_choice":"Ignored","damage_taken":0,"max_hp_gain":0,"max_hp_loss":0,"event_name":"Mysterious Sphere","floor":39,"gold_loss":0},{"damage_healed":0,"gold_gain":0,"player_choice":"Paid","damage_taken":0,"relics_obtained":["Red Mask"],"max_hp_gain":0,"max_hp_loss":0,"event_name":"Tomb of Lord Red Mask","floor":45,"gold_loss":157}],"is_beta":false,"boss_relics":[{"not_picked":["Ectoplasm","Cursed Key"],"picked":"Orrery"},{"not_picked":["Runic Dome","Tiny House"],"picked":"Nuclear Battery"}],"items_purged_floors":[13],"is_endless":false,"potions_floor_spawned":[5,6,7,11,16,19,20,22,24,31,36,48],"killed_by":"Donu and Deca","ascension_level":2}