{"gold_per_floor":[115,115,115,115,40,115,115,132,132,163,188,206,224,124,124,220,220,230,240,252,352,362,362],"floor_reached":23,"playtime":750,"items_purged":["Defend_R","Strike_R"],"score":191,"play_id":"7d8cbb31-de5d-4c36-baf6-eb46e12f7018","local_time":"20181014115919","is_ascension_mode":false,"campfire_choices":[{"floor":15,"key":"REST"}],"neow_cost":"NONE","seed_source_timestamp":234365081471604,"circlet_count":0,"master_deck":["Strike_R+1","Strike_R","Strike_R+1","Defend_R+1","Defend_R","Defend_R","Bash+1","Brutality","Spot Weakness+1","Rampage","Corruption+1"],"relics":["Burning Blood","Bronze Scales","Whetstone","Art of War","Odd Mushroom","Busted Crown","Mango","The Courier"],"potions_floor_usage":[16,16,20,21],"damage_taken":[{"damage":11,"enemies":"Jaw Worm","floor":1,"turns":5},{"damage":0,"enemies":"Small Slimes","floor":8,"turns":3},{"damage":18,"enemies":"Lagavulin","floor":10,"turns":6},{"damage":11,"enemies":"The Mushroom Lair","floor":11,"turns":5},{"damage":6,"enemies":"2 Louse","floor":12,"turns":2},{"damage":11,"enemies":"Gremlin Gang","floor":13,"turns":4},{"damage":15,"enemies":"The Guardian","floor":16,"turns":9},{"damage":5,"enemies":"Shell Parasite","floor":18,"turns":4},{"damage":0,"enemies":"Chosen","floor":19,"turns":3},{"damage":7,"enemies":"Centurion and Healer","floor":20,"turns":3},{"damage":13,"enemies":"Colosseum Slavers","floor":21,"turns":3},{"damage":50,"enemies":"Colosseum Nobs","floor":21,"turns":5},{"damage":17,"enemies":"Snecko","floor":22,"turns":4},{"damage":32,"enemies":"Book of Stabbing","floor":23,"turns":4}],"seed_played":"-7751250502277960092","potions_obtained":[{"floor":1,"key":"Dexterity Potion"},{"floor":11,"key":"Regen Potion"},{"floor":16,"key":"FearPotion"},{"floor":19,"key":"Fire Potion"},{"floor":22,"key":"SteroidPotion"}],"is_trial":false,"path_per_floor":["M","?","?","?","$","?","?","M","T","E","?","M","M","$","R","B",null,"M","M","M","?","M"],"character_chosen":"IRONCLAD","items_purchased":[],"campfire_rested":1,"item_purchase_floors":[],"current_hp_per_floor":[75,59,59,52,52,41,41,47,47,35,30,30,25,25,49,55,80,80,80,79,42,31,0],"gold":362,"neow_bonus":"ONE_RANDOM_RARE_CARD","is_prod":false,"is_daily":false,"chose_seed":false,"campfire_upgraded":0,"win_rate":0,"timestamp":1539543559,"path_taken":["M","?","?","?","?","?","?","?","T","E","?","M","M","$","R","BOSS","M","?","M","?","?","E"],"build_version":"2018-10-11","purchased_purges":2,"victory":false,"max_hp_per_floor":[80,80,80,80,80,80,80,80,80,80,80,80,80,80,80,80,80,80,80,80,94,94,94],"card_choices":[{"not_picked":["Power Through","Infernal Blade"],"picked":"Spot Weakness","floor":1},{"not_picked":["Clothesline","Cleave","Armaments"],"picked":"SKIP","floor":8},{"not_picked":["Sword Boomerang","Headbutt"],"picked":"Rampage","floor":10},{"not_picked":["Fire Breathing","Warcry","Cleave"],"picked":"SKIP","floor":12},{"not_picked":["Limit Break","True Grit","Havoc"],"picked":"SKIP","floor":13},{"not_picked":["Seeing Red"],"picked":"SKIP","floor":18},{"not_picked":["Sever Soul"],"picked":"SKIP","floor":19},{"not_picked":[],"picked":"Corruption+1","floor":20},{"not_picked":["True Grit"],"picked":"SKIP","floor":22}],"player_experience":287474,"relics_obtained":[{"floor":9,"key":"Whetstone"},{"floor":10,"key":"Art of War"},{"floor":11,"key":"Odd Mushroom"},{"floor":21,"key":"Mango"},{"floor":21,"key":"The Courier"}],"event_choices":[{"event_name":"Shining Light","player_choice":"Entered Light","floor":2,"damage_taken":0},{"event_name":"Upgrade Shrine","player_choice":"Upgraded","floor":3,"damage_taken":0},{"event_name":"Golden Wing","player_choice":"Card Removal","floor":4,"damage_taken":0},{"event_name":"World of Goop","player_choice":"Gather Gold","floor":6,"damage_taken":0},{"event_name":"Dead Adventurer","player_choice":"Searched \u00272\u0027 times","floor":7,"damage_taken":0},{"event_name":"Mushrooms","player_choice":"Fought Mushrooms","floor":11,"damage_taken":0},{"event_name":"Colosseum","player_choice":"Fight","floor":21,"damage_taken":0},{"event_name":"Colosseum","player_choice":"Fought Nobs","floor":21,"damage_taken":0}],"is_beta":false,"boss_relics":[{"not_picked":["Eternal Feather","Pandora\u0027s Box"],"picked":"Busted Crown"}],"items_purged_floors":[5,14],"is_endless":false,"potions_floor_spawned":[1,11,16,19,21,22],"killed_by":"Book of Stabbing","ascension_level":0}