{"gold_per_floor":[118,118,50,50,64,64,83,83,83,83,109,74,74,44,44,144,144,156,166,166,183,195,195],"floor_reached":23,"playtime":684,"items_purged":[],"score":208,"play_id":"13132482-7a2e-4481-b083-b9a51d198d68","local_time":"20190328215633","is_ascension_mode":true,"campfire_choices":[{"data":"Defragment","floor":6,"key":"SMITH"},{"data":"Tempest","floor":8,"key":"SMITH"},{"floor":10,"key":"RECALL"},{"data":"Capacitor","floor":13,"key":"SMITH"},{"data":"Zap","floor":15,"key":"SMITH"}],"neow_cost":"NONE","seed_source_timestamp":862220067437000,"circlet_count":0,"master_deck":["Strike_B","Strike_B","Defend_B","Defend_B","Defend_B","Defend_B","Zap+1","Dualcast","Defragment+1","Tempest+1","Rebound","Capacitor+1","Sunder+1","All For One+1","Stack+1","White Noise","Defragment","Thunder Strike+1"],"relics":["Cracked Core","NeowsBlessing","Molten Egg 2","Meat on the Bone","Lizard Tail"],"potions_floor_usage":[11,11,16,16,16,19,21,22],"damage_taken":[{"damage":0,"enemies":"2 Louse","floor":1,"turns":1},{"damage":0,"enemies":"Jaw Worm","floor":5,"turns":1},{"damage":0,"enemies":"Cultist","floor":7,"turns":1},{"damage":26,"enemies":"Gremlin Nob","floor":11,"turns":4},{"damage":47,"enemies":"Hexaghost","floor":16,"turns":6},{"damage":7,"enemies":"Chosen","floor":18,"turns":4},{"damage":19,"enemies":"Shell Parasite","floor":19,"turns":4},{"damage":7,"enemies":"Centurion and Healer","floor":21,"turns":5},{"damage":42,"enemies":"Snake Plant","floor":22,"turns":4},{"damage":65,"enemies":"Gremlin Leader","floor":23,"turns":7}],"seed_played":"1367883300028249652","potions_obtained":[{"floor":5,"key":"Energy Potion"},{"floor":7,"key":"Block Potion"},{"floor":11,"key":"FocusPotion"},{"floor":14,"key":"Energy Potion"},{"floor":14,"key":"Block Potion"},{"floor":18,"key":"FocusPotion"},{"floor":19,"key":"FearPotion"},{"floor":21,"key":"FocusPotion"}],"is_trial":false,"path_per_floor":["M","?","$","?","M","R","M","R","T","R","E","?","R","?","R","B",null,"M","M","?","M","M","E"],"character_chosen":"DEFECT","items_purchased":["Defragment"],"campfire_rested":0,"item_purchase_floors":[3],"current_hp_per_floor":[75,80,80,80,80,80,80,80,80,80,54,74,74,74,74,39,80,73,54,54,47,17,0],"gold":195,"neow_bonus":"THREE_ENEMY_KILL","is_prod":false,"is_daily":false,"chose_seed":false,"campfire_upgraded":4,"win_rate":0,"timestamp":1553835393,"path_taken":["M","?","$","?","M","R","M","R","T","R","E","?","R","?","R","BOSS","M","?","?","M","?","E"],"build_version":"2019-01-23","purchased_purges":0,"victory":false,"max_hp_per_floor":[75,80,80,80,80,80,80,80,80,80,80,80,80,80,80,80,80,80,80,80,80,80,80],"card_choices":[{"not_picked":["Stack","Rebound","Barrage"],"picked":"SKIP","floor":1},{"not_picked":["Beam Cell","Gash"],"picked":"Rebound","floor":5},{"not_picked":["Conserve Battery","Aggregate"],"picked":"Capacitor","floor":7},{"not_picked":["Conserve Battery","Reinforced Body"],"picked":"Sunder+1","floor":11},{"not_picked":["Machine Learning","Meteor Strike+1"],"picked":"All For One+1","floor":16},{"not_picked":["Coolheaded","Rebound+1"],"picked":"Stack+1","floor":18},{"not_picked":["Blizzard+1","Leap"],"picked":"White Noise","floor":19},{"not_picked":["Cold Snap+1","Ball Lightning+1"],"picked":"Defragment","floor":21},{"not_picked":["Beam Cell+1","Turbo"],"picked":"Thunder Strike+1","floor":22}],"player_experience":376692,"relics_obtained":[{"floor":9,"key":"Molten Egg 2"},{"floor":11,"key":"Meat on the Bone"}],"event_choices":[{"damage_healed":0,"gold_gain":0,"player_choice":"Donut","damage_taken":0,"max_hp_gain":5,"max_hp_loss":0,"event_name":"Big Fish","floor":2,"gold_loss":0},{"damage_healed":0,"gold_gain":0,"cards_transformed":["Strike_B"],"player_choice":"Change","damage_taken":0,"max_hp_gain":0,"max_hp_loss":0,"event_name":"Living Wall","floor":4,"gold_loss":0,"cards_obtained":["Tempest"]},{"damage_healed":20,"gold_gain":0,"player_choice":"Healed","damage_taken":0,"max_hp_gain":0,"max_hp_loss":0,"event_name":"The Cleric","floor":12,"gold_loss":35},{"damage_healed":0,"gold_gain":0,"player_choice":"Bought 2 Potions","damage_taken":0,"max_hp_gain":0,"max_hp_loss":0,"event_name":"The Woman in Blue","floor":14,"gold_loss":0},{"cards_removed":["Strike_B"],"damage_healed":0,"gold_gain":0,"player_choice":"Offered Basic","damage_taken":0,"max_hp_gain":0,"max_hp_loss":0,"event_name":"Bonfire Elementals","floor":20,"gold_loss":0}],"is_beta":false,"boss_relics":[{"not_picked":["Ectoplasm","Tiny House"],"picked":"Lizard Tail"}],"items_purged_floors":[],"is_endless":false,"potions_floor_spawned":[5,7,11,18,19,21],"killed_by":"Gremlin Leader","ascension_level":2}