{"gold_per_floor":[118,293,168,180,197,227,227,259,286,298,323,342,353,370,370,469,469,487,176,148,148,148,148,160,33,33,33,33],"floor_reached":28,"playtime":1674,"items_purged":["Doubt","Strike_R"],"score":252,"play_id":"98b55c9f-34e5-429e-a03a-4b45aead09e9","local_time":"20190425180833","is_ascension_mode":true,"campfire_choices":[{"data":"Bash","floor":7,"key":"SMITH"},{"data":"Spot Weakness","floor":15,"key":"SMITH"},{"data":"Barricade","floor":23,"key":"SMITH"},{"data":"Demon Form","floor":27,"key":"SMITH"}],"neow_cost":"NONE","seed_source_timestamp":931267717251176,"circlet_count":0,"master_deck":["Strike_R","Strike_R","Strike_R","Defend_R","Defend_R","Defend_R","Defend_R","Bash+1","Shockwave","Cleave","Evolve","Metallicize","Spot Weakness+1","Sword Boomerang","Pommel Strike","Dropkick","Shrug It Off","Intimidate","Barricade+1","Seeing Red","Thunderclap","Sword Boomerang","Power Through","Iron Wave+1","Demon Form+1","Battle Trance"],"relics":["Burning Blood","Strawberry","Dream Catcher","Red Skull","Blood Vial","Orrery","Membership Card","Bag of Preparation","Blue Candle"],"potions_floor_usage":[6,6,8,8,16,16],"damage_taken":[{"damage":5,"enemies":"Small Slimes","floor":1,"turns":3},{"damage":7,"enemies":"2 Louse","floor":4,"turns":2},{"damage":5,"enemies":"Jaw Worm","floor":5,"turns":4},{"damage":16,"enemies":"3 Sentries","floor":6,"turns":5},{"damage":23,"enemies":"Gremlin Nob","floor":8,"turns":5},{"damage":11,"enemies":"Gremlin Gang","floor":10,"turns":4},{"damage":12,"enemies":"3 Sentries","floor":11,"turns":5},{"damage":9,"enemies":"Looter","floor":12,"turns":3},{"damage":13,"enemies":"Large Slime","floor":13,"turns":5},{"damage":0,"enemies":"Exordium Wildlife","floor":14,"turns":3},{"damage":29,"enemies":"Slime Boss","floor":16,"turns":9},{"damage":13,"enemies":"3 Byrds","floor":18,"turns":5},{"damage":37,"enemies":"2 Thieves","floor":20,"turns":5},{"damage":5,"enemies":"Snecko","floor":24,"turns":5},{"damage":53,"enemies":"Gremlin Leader","floor":28,"turns":4}],"seed_played":"-9221790125665310273","potions_obtained":[{"floor":0,"key":"Poison Potion"},{"floor":0,"key":"Poison Potion"},{"floor":0,"key":"SneckoOil"},{"floor":1,"key":"AttackPotion"},{"floor":5,"key":"SkillPotion"},{"floor":6,"key":"EssenceOfSteel"},{"floor":11,"key":"AttackPotion"},{"floor":14,"key":"Strength Potion"},{"floor":16,"key":"SteroidPotion"},{"floor":18,"key":"Ancient Potion"},{"floor":20,"key":"Ancient Potion"}],"is_trial":false,"path_per_floor":["M","?","$","M","M","E","R","E","T","M","E","M","M","M","R","B",null,"M","$","M","?","?","R","M","$","T","R","E"],"character_chosen":"IRONCLAD","items_purchased":["Cleave","Membership Card","Demon Form","Battle Trance","Bag of Preparation"],"campfire_rested":0,"item_purchase_floors":[3,19,19,19,25],"current_hp_per_floor":[80,80,80,79,80,77,77,60,60,55,49,48,43,51,51,30,87,80,80,51,51,43,43,46,46,46,46,0],"gold":33,"neow_bonus":"THREE_SMALL_POTIONS","is_prod":false,"is_daily":false,"chose_seed":false,"campfire_upgraded":4,"win_rate":0,"timestamp":1556212113,"path_taken":["M","?","$","M","M","E","R","E","T","M","E","M","M","M","R","BOSS","M","$","M","?","?","R","?","$","T","R","E"],"build_version":"2019-01-23","purchased_purges":2,"victory":false,"max_hp_per_floor":[80,80,80,80,80,87,87,87,87,87,87,87,87,87,87,87,87,87,87,87,87,87,87,87,87,87,87,87],"card_choices":[{"not_picked":["Infernal Blade","Metallicize"],"picked":"Shockwave","floor":1},{"not_picked":["Blood for Blood","Wild Strike"],"picked":"Evolve","floor":4},{"not_picked":["Thunderclap","Havoc"],"picked":"Metallicize","floor":5},{"not_picked":["Double Tap","Power Through"],"picked":"Spot Weakness","floor":6},{"not_picked":["Havoc","Iron Wave"],"picked":"Sword Boomerang","floor":8},{"not_picked":["Rupture","Body Slam","Anger"],"picked":"SKIP","floor":10},{"not_picked":["Thunderclap","Fire Breathing"],"picked":"Pommel Strike","floor":11},{"not_picked":["Clash","Power Through"],"picked":"Dropkick","floor":12},{"not_picked":["Pommel Strike","Iron Wave"],"picked":"Shrug It Off","floor":13},{"not_picked":["Burning Pact","Searing Blow"],"picked":"Intimidate","floor":14},{"not_picked":["Brutality","Impervious"],"picked":"Barricade","floor":16},{"not_picked":["Warcry","Heavy Blade"],"picked":"Seeing Red","floor":17},{"not_picked":["Havoc","Reckless Charge"],"picked":"Thunderclap","floor":17},{"not_picked":["Flex","Havoc"],"picked":"Sword Boomerang","floor":17},{"not_picked":["True Grit","Heavy Blade"],"picked":"Power Through","floor":17},{"not_picked":["True Grit","Hemokinesis+1"],"picked":"Iron Wave+1","floor":18},{"not_picked":["Dropkick","Burning Pact+1","Warcry"],"picked":"SKIP","floor":20},{"not_picked":["Perfected Strike","Cleave+1","Warcry"],"picked":"SKIP","floor":24}],"player_experience":1842385,"relics_obtained":[{"floor":6,"key":"Strawberry"},{"floor":8,"key":"Dream Catcher"},{"floor":9,"key":"Red Skull"},{"floor":11,"key":"Blood Vial"},{"floor":26,"key":"Blue Candle"}],"event_choices":[{"damage_healed":0,"gold_gain":175,"player_choice":"AGREE","damage_taken":0,"max_hp_gain":0,"max_hp_loss":0,"event_name":"Liars Game","floor":2,"gold_loss":0,"cards_obtained":["Doubt"]},{"cards_removed":["Strike_R"],"damage_healed":0,"gold_gain":0,"player_choice":"Elegance","damage_taken":0,"max_hp_gain":0,"max_hp_loss":0,"event_name":"Back to Basics","floor":21,"gold_loss":0},{"damage_healed":0,"gold_gain":0,"player_choice":"Damaged","damage_taken":8,"max_hp_gain":0,"max_hp_loss":0,"event_name":"Wheel of Change","floor":22,"gold_loss":0}],"is_beta":false,"boss_relics":[{"not_picked":["Tiny House","Black Blood"],"picked":"Orrery"}],"items_purged_floors":[3,25],"is_endless":false,"potions_floor_spawned":[1,5,6,11,14,16,18,20],"killed_by":"Gremlin Leader","ascension_level":1}