{"gold_per_floor":[116,116,116,136,160,160,19,55,55,55,88,88,101,55,55,151,151,166,185,235,250,265,265,265],"floor_reached":24,"playtime":1165,"items_purged":[],"score":381,"play_id":"07557981-614b-4460-894a-87c41d6a76b8","local_time":"20190430100042","is_ascension_mode":true,"campfire_choices":[{"data":"1","floor":6,"key":"LIFT"},{"data":"2","floor":10,"key":"LIFT"},{"data":"3","floor":12,"key":"LIFT"},{"data":"Bash","floor":15,"key":"SMITH"},{"data":"Feel No Pain","floor":23,"key":"SMITH"}],"neow_cost":"PERCENT_DAMAGE","seed_source_timestamp":162323503096849,"circlet_count":0,"master_deck":["AscendersBane","Strike_R","Strike_R","Strike_R","Strike_R","Defend_R","Defend_R","Defend_R","Defend_R","Bash+1","Sword Boomerang","Uppercut","Reaper","Feel No Pain+1","Metallicize","Anger","Cleave","Shrug It Off","Juggernaut","Battle Trance","Corruption","True Grit","Heavy Blade","Exhume","Warcry","Burning Pact","Inflame"],"relics":["Burning Blood","Girya","Golden Idol","Bag of Marbles","The Courier","Blood Vial","Orrery"],"potions_floor_usage":[8,8,18,18,24],"damage_taken":[{"damage":7,"enemies":"Jaw Worm","floor":1,"turns":3},{"damage":2,"enemies":"Cultist","floor":4,"turns":4},{"damage":9,"enemies":"Small Slimes","floor":5,"turns":4},{"damage":27,"enemies":"3 Sentries","floor":8,"turns":7},{"damage":13,"enemies":"Gremlin Nob","floor":11,"turns":3},{"damage":15,"enemies":"Exordium Thugs","floor":13,"turns":5},{"damage":37,"enemies":"Hexaghost","floor":16,"turns":10},{"damage":22,"enemies":"2 Thieves","floor":18,"turns":4},{"damage":19,"enemies":"Chosen","floor":19,"turns":7},{"damage":15,"enemies":"Centurion and Healer","floor":21,"turns":8},{"damage":29,"enemies":"3 Cultists","floor":22,"turns":5},{"damage":51,"enemies":"Slavers","floor":24,"turns":2}],"seed_played":"4250763788032939424","potions_obtained":[{"floor":4,"key":"Ancient Potion"},{"floor":8,"key":"Explosive Potion"},{"floor":11,"key":"SteroidPotion"},{"floor":19,"key":"Explosive Potion"},{"floor":21,"key":"Weak Potion"},{"floor":22,"key":"SteroidPotion"}],"is_trial":false,"path_per_floor":["M","?","?","M","M","R","$","E","T","R","E","R","M","$","R","B",null,"M","M","?","M","M","R","E"],"character_chosen":"IRONCLAD","items_purchased":["Feel No Pain","SteroidPotion","Shrug It Off"],"campfire_rested":0,"item_purchase_floors":[7,7,14],"current_hp_per_floor":[49,49,49,53,50,50,50,59,59,59,52,52,50,50,50,28,58,44,33,33,54,47,47,0],"gold":265,"neow_bonus":"ONE_RARE_RELIC","is_prod":false,"is_daily":false,"chose_seed":false,"campfire_upgraded":2,"win_rate":0,"timestamp":1556643642,"path_taken":["M","?","?","M","M","R","$","E","T","R","E","R","?","$","R","BOSS","M","M","?","M","M","R","E"],"build_version":"2019-01-23","purchased_purges":0,"victory":false,"max_hp_per_floor":[75,68,68,68,68,68,68,68,68,68,68,68,68,68,68,68,68,68,68,68,68,68,68,68],"card_choices":[{"not_picked":["Thunderclap","Shrug It Off"],"picked":"Sword Boomerang","floor":1},{"not_picked":["Headbutt","Dual Wield"],"picked":"Uppercut","floor":4},{"not_picked":["Clothesline","Flex"],"picked":"Reaper","floor":5},{"not_picked":["Infernal Blade","Uppercut"],"picked":"Metallicize","floor":8},{"not_picked":["Uppercut","Bludgeon"],"picked":"Anger","floor":11},{"not_picked":["Rampage","Uppercut"],"picked":"Cleave","floor":13},{"not_picked":["Double Tap","Dark Embrace"],"picked":"Juggernaut","floor":16},{"not_picked":["Twin Strike","Thunderclap"],"picked":"Battle Trance","floor":17},{"not_picked":["Wild Strike","Anger"],"picked":"Corruption","floor":17},{"not_picked":["Twin Strike","Flex"],"picked":"True Grit","floor":17},{"not_picked":["Havoc","Twin Strike"],"picked":"Heavy Blade","floor":17},{"not_picked":["Wild Strike+1","Sentinel"],"picked":"Exhume","floor":18},{"not_picked":["Sword Boomerang","Carnage"],"picked":"Warcry","floor":19},{"not_picked":["Combust","Heavy Blade"],"picked":"Burning Pact","floor":21},{"not_picked":["Reckless Charge","Combust"],"picked":"Inflame","floor":22}],"player_experience":510300,"relics_obtained":[{"floor":8,"key":"Bag of Marbles"},{"floor":9,"key":"The Courier"},{"floor":11,"key":"Blood Vial"}],"event_choices":[{"damage_healed":0,"gold_gain":0,"player_choice":"Lose Max HP","damage_taken":0,"relics_obtained":["Golden Idol"],"max_hp_gain":0,"max_hp_loss":7,"event_name":"Golden Idol","floor":2,"gold_loss":0},{"cards_removed":["Strike_R"],"damage_healed":0,"gold_gain":0,"player_choice":"Offered Basic","damage_taken":0,"max_hp_gain":0,"max_hp_loss":0,"event_name":"Bonfire Elementals","floor":3,"gold_loss":0},{"damage_healed":0,"gold_gain":50,"player_choice":"Stole From Cult","damage_taken":0,"max_hp_gain":0,"max_hp_loss":0,"event_name":"Nest","floor":20,"gold_loss":0}],"is_beta":false,"boss_relics":[{"not_picked":["Runic Cube","Lizard Tail"],"picked":"Orrery"}],"items_purged_floors":[],"is_endless":false,"potions_floor_spawned":[4,8,11,19,21,22],"killed_by":"Slavers","ascension_level":17}