{"gold_per_floor":[112,112,12,12,32,65,120,146,171,206,206,223,398,410,410,513,513,533,533,103,117,117,127,155,155,155,186,186,202,202,202,202,301,301,311,411,14,25,38,71,71,71,71,71,85,85,95,0,0,0],"floor_reached":50,"playtime":3188,"items_purged":["Writhe"],"score":579,"play_id":"9dfc0891-efcf-4db2-8c77-2cc936ecc270","local_time":"20190417191526","is_ascension_mode":true,"campfire_choices":[{"data":"Streamline","floor":11,"key":"SMITH"},{"floor":15,"key":"REST"},{"floor":25,"key":"REST"},{"floor":28,"key":"REST"},{"floor":32,"key":"REST"},{"floor":41,"key":"REST"},{"floor":44,"key":"REST"},{"floor":49,"key":"REST"}],"neow_cost":"CURSE","seed_source_timestamp":242521958147304,"circlet_count":0,"master_deck":["Defend_B+1","Defend_B","Defend_B+1","Zap+1","Dualcast","FTL","Blizzard","Ball Lightning","Gash","Chaos","Coolheaded","Cold Snap","Conserve Battery","Streamline+1","Electrodynamics","Static Discharge","Multi-Cast","Go for the Eyes","Reboot","Creative AI","Panache","FTL","Coolheaded","Seek","Tempest","Rainbow","Gash","Bandage Up","Glacier","Fusion+1"],"relics":["Cracked Core","Juzu Bracelet","Bag of Preparation","War Paint","Bronze Scales","Smiling Mask","Empty Cage","Art of War","Cables","Girya","Ice Cream","Nuclear Battery","StoneCalendar","Bird Faced Urn","Pen Nib","Symbiotic Virus","Red Mask"],"potions_floor_usage":[6,7,7,24,40,40,47,50],"damage_taken":[{"damage":0,"enemies":"2 Louse","floor":1,"turns":3},{"damage":1,"enemies":"Jaw Worm","floor":5,"turns":2},{"damage":16,"enemies":"Gremlin Nob","floor":6,"turns":4},{"damage":22,"enemies":"Lagavulin Event","floor":7,"turns":5},{"damage":12,"enemies":"Lagavulin","floor":8,"turns":5},{"damage":0,"enemies":"3 Sentries","floor":10,"turns":6},{"damage":0,"enemies":"Cultist","floor":12,"turns":2},{"damage":0,"enemies":"Large Slime","floor":14,"turns":3},{"damage":4,"enemies":"Slime Boss","floor":16,"turns":5},{"damage":0,"enemies":"Chosen","floor":18,"turns":4},{"damage":0,"enemies":"Shell Parasite","floor":21,"turns":4},{"damage":8,"enemies":"Cultist and Chosen","floor":23,"turns":4},{"damage":40,"enemies":"Slavers","floor":24,"turns":4},{"damage":33,"enemies":"Book of Stabbing","floor":27,"turns":5},{"damage":14,"enemies":"Snake Plant","floor":29,"turns":3},{"damage":42,"enemies":"Champ","floor":33,"turns":12},{"damage":0,"enemies":"3 Shapes","floor":35,"turns":2},{"damage":0,"enemies":"Mind Bloom Boss Battle","floor":36,"turns":5},{"damage":7,"enemies":"Orb Walker","floor":38,"turns":3},{"damage":10,"enemies":"Jaw Worm Horde","floor":39,"turns":2},{"damage":73,"enemies":"Nemesis","floor":40,"turns":7},{"damage":19,"enemies":"4 Shapes","floor":45,"turns":3},{"damage":8,"enemies":"Transient","floor":47,"turns":5},{"damage":79,"enemies":"Time Eater","floor":50,"turns":8}],"seed_played":"8053681713897235384","potions_obtained":[{"floor":1,"key":"Strength Potion"},{"floor":5,"key":"Block Potion"},{"floor":6,"key":"Dexterity Potion"},{"floor":14,"key":"Poison Potion"},{"floor":27,"key":"Ancient Potion"},{"floor":29,"key":"SpeedPotion"},{"floor":38,"key":"AttackPotion"},{"floor":40,"key":"SpeedPotion"}],"is_trial":false,"path_per_floor":["M","?","$","?","M","E","?","E","T","E","R","M","?","M","R","B",null,"M","?","$","M","?","M","E","R","T","E","R","M","?","?","R","B",null,"M","?","$","M","M","E","R","$","T","R","M","?","M","?","R","B"],"character_chosen":"DEFECT","items_purchased":["Gash","Panache","FTL","Coolheaded","Art of War","Bird Faced Urn","Gash","Bandage Up"],"campfire_rested":7,"item_purchase_floors":[3,20,20,20,20,37,37,37],"current_hp_per_floor":[75,75,75,75,74,58,36,24,24,24,24,24,24,24,46,42,75,75,75,75,75,75,67,27,49,49,16,38,24,24,24,46,4,75,75,75,75,70,67,10,32,32,32,54,39,39,41,41,63,0],"gold":0,"neow_bonus":"TRANSFORM_TWO_CARDS","is_prod":false,"is_daily":false,"chose_seed":false,"campfire_upgraded":1,"win_rate":0,"timestamp":1555524926,"path_taken":["M","?","$","?","?","E","?","E","T","E","R","M","?","M","R","BOSS","M","?","$","M","?","M","E","R","T","E","R","M","?","?","R","BOSS","M","?","$","M","M","E","R","$","T","R","M","?","M","?","R","BOSS"],"build_version":"2019-01-23","purchased_purges":1,"victory":false,"max_hp_per_floor":[75,75,75,75,75,75,75,75,75,75,75,75,75,75,75,75,75,75,75,75,75,75,75,75,75,75,75,75,75,75,75,75,75,75,75,75,75,75,75,75,75,75,75,75,75,75,75,75,75,75],"card_choices":[{"not_picked":["Stack","Beam Cell"],"picked":"Ball Lightning","floor":1},{"not_picked":["Reprogram","Force Field"],"picked":"Chaos","floor":5},{"not_picked":["Stack","Lockon"],"picked":"Coolheaded","floor":6},{"not_picked":["Steam Power","Stack"],"picked":"Cold Snap","floor":7},{"not_picked":["Redo","Consume"],"picked":"Conserve Battery","floor":8},{"not_picked":["Leap","Sweeping Beam"],"picked":"Streamline","floor":10},{"not_picked":["Turbo","Sunder"],"picked":"Electrodynamics","floor":12},{"not_picked":["Stack","Leap"],"picked":"Static Discharge","floor":14},{"not_picked":["Electrodynamics","Hyperbeam"],"picked":"Multi-Cast","floor":16},{"not_picked":["Compile Driver","Streamline"],"picked":"Go for the Eyes","floor":18},{"not_picked":["Reprogram","Fusion","Turbo+1"],"picked":"SKIP","floor":21},{"not_picked":["Recycle","Auto Shields+1","Fusion"],"picked":"SKIP","floor":23},{"not_picked":["Chill","Leap"],"picked":"Seek","floor":24},{"not_picked":["White Noise","Ball Lightning"],"picked":"Tempest","floor":27},{"not_picked":["Hologram","Ball Lightning","Amplify"],"picked":"SKIP","floor":29},{"not_picked":["Creative AI","Electrodynamics"],"picked":"Rainbow","floor":33},{"not_picked":["Doom and Gloom+1","Streamline","Loop"],"picked":"SKIP","floor":35},{"not_picked":["Go for the Eyes+1","Beam Cell","Melter+1"],"picked":"SKIP","floor":38},{"not_picked":["Leap+1","Streamline","Hologram+1"],"picked":"SKIP","floor":39},{"not_picked":["Recycle","Scrape"],"picked":"Glacier","floor":40},{"not_picked":["Hologram","Ball Lightning+1"],"picked":"Fusion+1","floor":45},{"not_picked":["Coolheaded+1","Stack","Beam Cell+1"],"picked":"SKIP","floor":47}],"player_experience":1774518,"relics_obtained":[{"floor":6,"key":"Juzu Bracelet"},{"floor":7,"key":"Bag of Preparation"},{"floor":8,"key":"War Paint"},{"floor":9,"key":"Bronze Scales"},{"floor":10,"key":"Smiling Mask"},{"floor":24,"key":"Cables"},{"floor":26,"key":"Girya"},{"floor":27,"key":"Ice Cream"},{"floor":36,"key":"StoneCalendar"},{"floor":40,"key":"Pen Nib"},{"floor":43,"key":"Symbiotic Virus"}],"event_choices":[{"damage_healed":0,"gold_gain":0,"player_choice":"Grow","damage_taken":0,"max_hp_gain":0,"max_hp_loss":0,"event_name":"Living Wall","floor":2,"gold_loss":0,"cards_upgraded":["Zap"]},{"damage_healed":0,"gold_gain":0,"player_choice":"Ignored","damage_taken":0,"max_hp_gain":0,"max_hp_loss":0,"event_name":"NoteForYourself","floor":4,"gold_loss":0},{"damage_healed":0,"gold_gain":30,"player_choice":"Searched \u00273\u0027 times","damage_taken":0,"max_hp_gain":0,"max_hp_loss":0,"event_name":"Dead Adventurer","floor":7,"gold_loss":0},{"damage_healed":0,"gold_gain":175,"player_choice":"AGREE","damage_taken":0,"max_hp_gain":0,"max_hp_loss":0,"event_name":"Liars Game","floor":13,"gold_loss":0,"cards_obtained":["Doubt"]},{"damage_healed":0,"gold_gain":0,"cards_transformed":["Defend_B","Strike_B"],"player_choice":"Became Test Subject","damage_taken":0,"max_hp_gain":0,"max_hp_loss":0,"event_name":"Drug Dealer","floor":19,"gold_loss":0,"cards_obtained":["Reboot","Creative AI"]},{"damage_healed":0,"gold_gain":0,"player_choice":"Ignored","damage_taken":0,"max_hp_gain":0,"max_hp_loss":0,"event_name":"Vampires","floor":22,"gold_loss":0},{"damage_healed":0,"gold_gain":0,"player_choice":"Ignored","damage_taken":0,"max_hp_gain":0,"max_hp_loss":0,"event_name":"Beggar","floor":30,"gold_loss":0},{"damage_healed":0,"gold_gain":0,"player_choice":"Ignored","damage_taken":0,"max_hp_gain":0,"max_hp_loss":0,"event_name":"Cursed Tome","floor":31,"gold_loss":0},{"damage_healed":0,"gold_gain":0,"player_choice":"Fight","damage_taken":0,"max_hp_gain":0,"max_hp_loss":0,"event_name":"MindBloom","floor":36,"gold_loss":0},{"damage_healed":0,"gold_gain":0,"player_choice":"Ignored","damage_taken":0,"max_hp_gain":0,"max_hp_loss":0,"event_name":"Mysterious Sphere","floor":46,"gold_loss":0},{"damage_healed":0,"gold_gain":0,"player_choice":"Paid","damage_taken":0,"relics_obtained":["Red Mask"],"max_hp_gain":0,"max_hp_loss":0,"event_name":"Tomb of Lord Red Mask","floor":48,"gold_loss":95}],"is_beta":false,"boss_relics":[{"not_picked":["Coffee Dripper","Busted Crown"],"picked":"Empty Cage"},{"not_picked":["Eternal Feather","Black Star"],"picked":"Nuclear Battery"}],"items_purged_floors":[3],"is_endless":false,"potions_floor_spawned":[1,5,6,14,27,29,38,40],"killed_by":"Time Eater","ascension_level":1}