{"gold_per_floor":[116,131,146,164,181,214,214,214,239,268,287,300,315,340,340,439,439,453,467,56,75,0,65,65,93,93,126,139,139,154,167,167,264,264,280,280,280],"floor_reached":37,"playtime":3548,"items_purged":["Shame"],"score":553,"play_id":"35ab067d-b64b-448e-ba39-fc700a8d5b62","local_time":"20190414125218","is_ascension_mode":true,"campfire_choices":[{"data":"Crippling Poison","floor":7,"key":"SMITH"},{"data":"Crippling Poison","floor":15,"key":"SMITH"},{"data":"Apotheosis","floor":29,"key":"SMITH"},{"data":"Storm of Steel","floor":32,"key":"SMITH"}],"neow_cost":"NONE","seed_source_timestamp":394669472904700,"circlet_count":0,"master_deck":["Survivor","Neutralize","Bane","Bane","Crippling Poison+1","Calculated Gamble","Crippling Poison+1","PiercingWail","Cloak And Dagger","Blade Dance","All Out Attack","Blade Dance","All Out Attack","Malaise","Deflect","Prepared+1","Apotheosis+1","Slice+1","Outmaneuver","RitualDagger+1","Predator+1","Backflip","Reflex","Storm of Steel+1","Dodge and Roll","Venomology","Riddle With Holes+1","PiercingWail","Eviscerate+1","Finisher+1","Storm of Steel","Slice+1","Caltrops","Corpse Explosion","Tactician+1","Secret Technique","Metamorphosis","Metamorphosis"],"relics":["Busted Crown","Bag of Marbles","Bag of Preparation","Omamori","Orichalcum","Calling Bell","PreservedInsect","Molten Egg 2","Ice Cream","Pen Nib","Tiny Chest","Art of War","Question Card","Potion Belt","Pandora\u0027s Box"],"potions_floor_usage":[14,23,31,33,33,33,33],"damage_taken":[{"damage":2,"enemies":"Jaw Worm","floor":1,"turns":4},{"damage":0,"enemies":"Cultist","floor":2,"turns":4},{"damage":0,"enemies":"Small Slimes","floor":3,"turns":3},{"damage":0,"enemies":"2 Fungi Beasts","floor":4,"turns":3},{"damage":1,"enemies":"Exordium Wildlife","floor":5,"turns":4},{"damage":10,"enemies":"Gremlin Nob","floor":6,"turns":4},{"damage":1,"enemies":"3 Sentries","floor":10,"turns":4},{"damage":2,"enemies":"Looter","floor":11,"turns":2},{"damage":0,"enemies":"Lots of Slimes","floor":12,"turns":2},{"damage":0,"enemies":"Blue Slaver","floor":13,"turns":1},{"damage":12,"enemies":"Lagavulin","floor":14,"turns":5},{"damage":6,"enemies":"Hexaghost","floor":16,"turns":8},{"damage":0,"enemies":"3 Byrds","floor":18,"turns":2},{"damage":13,"enemies":"Spheric Guardian","floor":19,"turns":5},{"damage":0,"enemies":"Chosen and Byrds","floor":21,"turns":4},{"damage":7,"enemies":"Book of Stabbing","floor":23,"turns":3},{"damage":0,"enemies":"Slavers","floor":25,"turns":4},{"damage":10,"enemies":"Book of Stabbing","floor":27,"turns":4},{"damage":3,"enemies":"Cultist and Chosen","floor":28,"turns":4},{"damage":0,"enemies":"3 Cultists","floor":30,"turns":3},{"damage":3,"enemies":"Snecko","floor":31,"turns":3},{"damage":28,"enemies":"Champ","floor":33,"turns":10},{"damage":0,"enemies":"Orb Walker","floor":35,"turns":1},{"damage":61,"enemies":"3 Shapes","floor":37,"turns":4}],"seed_played":"-3229791371936510902","potions_obtained":[{"floor":3,"key":"Ancient Potion"},{"floor":4,"key":"Ancient Potion"},{"floor":10,"key":"Regen Potion"},{"floor":11,"key":"Fire Potion"},{"floor":14,"key":"SpeedPotion"},{"floor":18,"key":"EssenceOfSteel"},{"floor":19,"key":"Regen Potion"},{"floor":27,"key":"Fire Potion"},{"floor":28,"key":"Strength Potion"},{"floor":30,"key":"Swift Potion"}],"is_trial":false,"path_per_floor":["M","M","M","M","M","E","R","?","T","E","M","M","M","E","R","B",null,"M","M","$","M","?","E","?","E","T","E","M","R","M","M","R","B",null,"M","?","M"],"character_chosen":"THE_SILENT","items_purchased":["Pen Nib","Apotheosis"],"campfire_rested":0,"item_purchase_floors":[20,20],"current_hp_per_floor":[68,68,68,68,67,57,57,57,57,56,54,54,54,42,42,36,70,70,57,57,57,57,59,53,53,53,43,40,40,40,37,37,24,70,70,60,0],"gold":280,"neow_bonus":"BOSS_RELIC","is_prod":false,"is_daily":false,"chose_seed":false,"campfire_upgraded":4,"win_rate":0,"timestamp":1555239138,"path_taken":["M","M","M","M","M","E","R","?","T","E","?","M","M","E","R","BOSS","M","M","$","M","?","E","?","E","T","E","M","R","?","M","R","BOSS","M","?","M"],"build_version":"2019-01-23","purchased_purges":1,"victory":false,"max_hp_per_floor":[70,70,70,70,70,70,70,70,70,70,70,70,70,70,70,70,70,70,70,70,70,70,70,70,70,70,70,70,70,70,70,70,70,70,70,70,70],"card_choices":[{"not_picked":[],"picked":"Bane","floor":1},{"not_picked":[],"picked":"Bane","floor":2},{"not_picked":[],"picked":"Crippling Poison","floor":3},{"not_picked":[],"picked":"Calculated Gamble","floor":4},{"not_picked":[],"picked":"Crippling Poison","floor":5},{"not_picked":[],"picked":"PiercingWail","floor":6},{"not_picked":[],"picked":"Cloak And Dagger","floor":10},{"not_picked":[],"picked":"Blade Dance","floor":11},{"not_picked":[],"picked":"All Out Attack","floor":12},{"not_picked":[],"picked":"Blade Dance","floor":13},{"not_picked":[],"picked":"All Out Attack","floor":14},{"not_picked":[],"picked":"Malaise","floor":16},{"not_picked":[],"picked":"Deflect","floor":18},{"not_picked":[],"picked":"Prepared+1","floor":19},{"not_picked":[],"picked":"Slice+1","floor":21},{"not_picked":[],"picked":"Outmaneuver","floor":23},{"not_picked":[],"picked":"Predator+1","floor":25},{"not_picked":["Cloak And Dagger"],"picked":"Backflip","floor":27},{"not_picked":["Outmaneuver"],"picked":"Reflex","floor":28},{"not_picked":["Deadly Poison"],"picked":"Storm of Steel","floor":30},{"not_picked":["Outmaneuver"],"picked":"Dodge and Roll","floor":31},{"not_picked":["Malaise"],"picked":"Venomology","floor":33},{"not_picked":["Flying Knee+1"],"picked":"Tactician+1","floor":35},{"not_picked":["Master of Strategy"],"picked":"Secret Technique","floor":36},{"not_picked":["Transmutation"],"picked":"Metamorphosis","floor":36},{"not_picked":["The Bomb"],"picked":"Metamorphosis","floor":36}],"player_experience":443285,"relics_obtained":[{"floor":6,"key":"Bag of Marbles"},{"floor":9,"key":"Bag of Preparation"},{"floor":10,"key":"Omamori"},{"floor":14,"key":"Orichalcum"},{"floor":17,"key":"PreservedInsect"},{"floor":17,"key":"Molten Egg 2"},{"floor":17,"key":"Ice Cream"},{"floor":23,"key":"Tiny Chest"},{"floor":25,"key":"Art of War"},{"floor":26,"key":"Question Card"},{"floor":27,"key":"Potion Belt"}],"event_choices":[{"cards_removed":["Strike_G"],"damage_healed":0,"gold_gain":0,"player_choice":"Purged","damage_taken":0,"max_hp_gain":0,"max_hp_loss":0,"event_name":"Purifier","floor":8,"gold_loss":0},{"cards_removed":["Defend_G"],"damage_healed":0,"gold_gain":0,"player_choice":"Gave Gold","damage_taken":0,"max_hp_gain":0,"max_hp_loss":0,"event_name":"Beggar","floor":22,"gold_loss":75},{"damage_healed":0,"gold_gain":0,"player_choice":"Joined the Cult","damage_taken":6,"max_hp_gain":0,"max_hp_loss":0,"event_name":"Nest","floor":24,"gold_loss":0,"cards_obtained":["RitualDagger"]},{"damage_healed":0,"gold_gain":0,"player_choice":"Memory 3","damage_taken":10,"max_hp_gain":0,"max_hp_loss":0,"event_name":"SensoryStone","floor":36,"gold_loss":0}],"is_beta":false,"boss_relics":[{"not_picked":["HoveringKite","Tiny House"],"picked":"Calling Bell"},{"not_picked":["Sozu","Velvet Choker"],"picked":"Pandora\u0027s Box"}],"items_purged_floors":[20],"is_endless":false,"potions_floor_spawned":[3,4,10,11,14,18,19,27,28,30],"killed_by":"3 Shapes","ascension_level":2}