{"gold_per_floor":[115,131,81,81,6,6,38,38,93,119,139,39,54,71,71,166,166,181,106,206,216,231,231,246,266,338,358,369,369,398,410,410,528,528,544,562,562,577,587,587,612,13,37,37],"floor_reached":44,"playtime":3119,"items_purged":["Defend_R","Defend_R"],"score":477,"play_id":"104002c7-7d22-42d5-a809-36a1a2753799","local_time":"20190310215756","is_ascension_mode":true,"campfire_choices":[{"data":"Magnetism","floor":6,"key":"SMITH"},{"floor":8,"key":"REST"},{"data":"Flex","floor":15,"key":"SMITH"},{"data":"Shrug It Off","floor":23,"key":"SMITH"},{"data":"Bludgeon","floor":29,"key":"SMITH"},{"floor":32,"key":"RECALL"},{"data":"Uppercut","floor":40,"key":"SMITH"}],"neow_cost":"CURSE","seed_source_timestamp":561009932803915,"circlet_count":0,"master_deck":["Strike_R","Strike_R","Strike_R","Strike_R","Bash","Magnetism+1","Enlightenment+1","Clash","Sword Boomerang","Cleave","Reaper","Shrug It Off+1","Flex+1","Thunderclap","Bludgeon+1","Carnage+1","Power Through+1","Infernal Blade+1","Spot Weakness","Thunderclap","Whirlwind+1","Thunderclap","Headbutt","Battle Trance","Bloodletting+1","Reaper","Uppercut+1","Evolve+1","Hemokinesis+1","Clash","Panacea"],"relics":["Burning Blood","Ornamental Fan","Darkstone Periapt","War Paint","Happy Flower","Astrolabe","The Courier","Red Mask","Philosopher\u0027s Stone","PreservedInsect","Omamori","Membership Card","Meat on the Bone","Strawberry","Orichalcum","Red Skull","Pen Nib"],"potions_floor_usage":[7,21,25,33,33,38,41,41,44],"damage_taken":[{"damage":1,"enemies":"Cultist","floor":1,"turns":5},{"damage":6,"enemies":"Jaw Worm","floor":2,"turns":3},{"damage":28,"enemies":"Gremlin Nob","floor":7,"turns":4},{"damage":5,"enemies":"Lagavulin","floor":10,"turns":6},{"damage":10,"enemies":"Small Slimes","floor":11,"turns":3},{"damage":7,"enemies":"3 Louse","floor":13,"turns":2},{"damage":1,"enemies":"Red Slaver","floor":14,"turns":2},{"damage":30,"enemies":"The Guardian","floor":16,"turns":8},{"damage":2,"enemies":"Spheric Guardian","floor":18,"turns":3},{"damage":24,"enemies":"Shell Parasite","floor":21,"turns":3},{"damage":10,"enemies":"Cultist and Chosen","floor":22,"turns":4},{"damage":12,"enemies":"3 Cultists","floor":24,"turns":4},{"damage":11,"enemies":"Snecko","floor":25,"turns":3},{"damage":0,"enemies":"Snake Plant","floor":27,"turns":2},{"damage":22,"enemies":"Centurion and Healer","floor":28,"turns":5},{"damage":9,"enemies":"Masked Bandits","floor":30,"turns":4},{"damage":2,"enemies":"3 Cultists","floor":31,"turns":4},{"damage":58,"enemies":"Automaton","floor":33,"turns":7},{"damage":3,"enemies":"3 Darklings","floor":35,"turns":2},{"damage":8,"enemies":"Orb Walker","floor":36,"turns":2},{"damage":0,"enemies":"3 Darklings","floor":38,"turns":2},{"damage":7,"enemies":"Jaw Worm Horde","floor":39,"turns":3},{"damage":74,"enemies":"Nemesis","floor":41,"turns":5},{"damage":27,"enemies":"Writhing Mass","floor":44,"turns":2}],"seed_played":"904041735273960828","potions_obtained":[{"floor":1,"key":"AttackPotion"},{"floor":7,"key":"Regen Potion"},{"floor":14,"key":"EssenceOfSteel"},{"floor":18,"key":"Energy Potion"},{"floor":21,"key":"Ancient Potion"},{"floor":28,"key":"SpeedPotion"},{"floor":35,"key":"FearPotion"},{"floor":39,"key":"Strength Potion"},{"floor":41,"key":"Poison Potion"}],"is_trial":false,"path_per_floor":["M","M","?","?","$","R","E","R","T","E","M","$","M","M","R","B",null,"M","?","?","M","M","R","M","M","T","M","M","R","?","M","R","B",null,"M","M","?","M","M","R","E","$","T","M"],"character_chosen":"IRONCLAD","items_purchased":["Omamori","Membership Card","Meat on the Bone","Strawberry","Orichalcum","Red Skull","Panacea"],"campfire_rested":1,"item_purchase_floors":[42,42,42,42,42,42,42],"current_hp_per_floor":[80,80,80,68,68,68,46,70,70,71,71,71,70,75,75,56,80,80,80,80,67,63,63,69,70,70,76,70,70,67,71,71,19,80,80,78,78,80,79,79,12,19,19,0],"gold":37,"neow_bonus":"RANDOM_COLORLESS_2","is_prod":false,"is_daily":false,"chose_seed":false,"campfire_upgraded":5,"win_rate":0,"timestamp":1552222676,"path_taken":["M","M","?","?","$","R","E","R","T","E","M","$","M","M","R","BOSS","M","?","?","M","M","R","M","M","T","M","?","R","?","M","R","BOSS","M","M","?","?","M","R","E","$","T","M"],"build_version":"2019-01-23","purchased_purges":2,"victory":false,"max_hp_per_floor":[80,80,80,80,80,80,80,80,80,80,80,80,80,80,80,80,80,80,80,80,80,80,80,80,80,80,80,80,80,80,80,80,80,80,80,80,80,80,80,80,80,87,87,87],"card_choices":[{"not_picked":["Anger","Dropkick"],"picked":"Clash","floor":1},{"not_picked":["Hemokinesis","Twin Strike"],"picked":"Sword Boomerang","floor":2},{"not_picked":["Clash","Heavy Blade"],"picked":"Cleave","floor":7},{"not_picked":["Wild Strike","Carnage"],"picked":"Reaper","floor":10},{"not_picked":["Iron Wave","Pommel Strike"],"picked":"Shrug It Off","floor":11},{"not_picked":["Wild Strike","Blood for Blood"],"picked":"Flex","floor":13},{"not_picked":["Entrench","Anger"],"picked":"Thunderclap","floor":14},{"not_picked":["Juggernaut","Brutality"],"picked":"Bludgeon","floor":16},{"not_picked":["Iron Wave","Sever Soul+1"],"picked":"Perfected Strike","floor":18},{"not_picked":["Sever Soul+1","Intimidate"],"picked":"Spot Weakness","floor":21},{"not_picked":["Carnage","Cleave"],"picked":"Thunderclap","floor":22},{"not_picked":["Headbutt","Barricade"],"picked":"Whirlwind+1","floor":24},{"not_picked":["Seeing Red","Rampage","Heavy Blade"],"picked":"SKIP","floor":25},{"not_picked":["Twin Strike","Body Slam+1"],"picked":"Thunderclap","floor":27},{"not_picked":["Twin Strike+1","Clash+1"],"picked":"Headbutt","floor":28},{"not_picked":["Fire Breathing","Thunderclap"],"picked":"Battle Trance","floor":30},{"not_picked":["Pummel","Thunderclap"],"picked":"Bloodletting","floor":31},{"not_picked":["Juggernaut","Berserk"],"picked":"Reaper","floor":33},{"not_picked":["Anger+1","Battle Trance"],"picked":"Uppercut","floor":35},{"not_picked":["Pommel Strike","Body Slam+1"],"picked":"Evolve+1","floor":36},{"not_picked":["Corruption","True Grit+1"],"picked":"Hemokinesis+1","floor":38},{"not_picked":["Evolve","Clothesline+1"],"picked":"Clash","floor":39},{"not_picked":["Bludgeon","Heavy Blade+1","Thunderclap"],"picked":"SKIP","floor":41}],"player_experience":71502,"relics_obtained":[{"floor":7,"key":"Darkstone Periapt"},{"floor":9,"key":"War Paint"},{"floor":10,"key":"Happy Flower"},{"floor":26,"key":"The Courier"},{"floor":30,"key":"Red Mask"},{"floor":41,"key":"PreservedInsect"},{"floor":43,"key":"Pen Nib"}],"event_choices":[{"cards_removed":["Writhe"],"damage_healed":0,"gold_gain":0,"player_choice":"Card Removal","damage_taken":0,"max_hp_gain":0,"max_hp_loss":0,"event_name":"The Cleric","floor":3,"gold_loss":50},{"damage_healed":0,"gold_gain":0,"player_choice":"Success","damage_taken":12,"relics_obtained":["Ornamental Fan"],"max_hp_gain":0,"max_hp_loss":0,"event_name":"Scrap Ooze","floor":4,"gold_loss":0},{"cards_removed":["Perfected Strike"],"damage_healed":0,"gold_gain":0,"player_choice":"Gave Gold","damage_taken":0,"max_hp_gain":0,"max_hp_loss":0,"event_name":"Beggar","floor":19,"gold_loss":75},{"damage_healed":0,"gold_gain":100,"player_choice":"Pray","damage_taken":0,"max_hp_gain":0,"max_hp_loss":0,"event_name":"Golden Shrine","floor":20,"gold_loss":0},{"damage_healed":0,"gold_gain":0,"player_choice":"Fought Bandits","damage_taken":0,"max_hp_gain":0,"max_hp_loss":0,"event_name":"Masked Bandits","floor":30,"gold_loss":0},{"damage_healed":0,"gold_gain":0,"player_choice":"Upgraded","damage_taken":0,"max_hp_gain":0,"max_hp_loss":0,"event_name":"Upgrade Shrine","floor":37,"gold_loss":0,"cards_upgraded":["Bloodletting"]}],"is_beta":false,"boss_relics":[{"not_picked":["Mark of Pain","Fusion Hammer"],"picked":"Astrolabe"},{"not_picked":["Coffee Dripper","Runic Pyramid"],"picked":"Philosopher\u0027s Stone"}],"items_purged_floors":[5,12],"is_endless":false,"potions_floor_spawned":[1,7,14,18,21,28,35,39,41],"killed_by":"Writhing Mass","ascension_level":1}