{"gold_per_floor":[20,35,35,58,83,83,119,119,119,152,177,215,315,329,329,329],"floor_reached":16,"playtime":520,"items_purged":[],"score":177,"play_id":"0c4442c7-8f0e-4311-a49c-5c82581f9a98","local_time":"20190428232638","is_ascension_mode":true,"campfire_choices":[{"data":"Armaments","floor":6,"key":"SMITH"},{"data":"Inflame","floor":8,"key":"SMITH"},{"data":"Ghostly Armor","floor":15,"key":"SMITH"}],"neow_cost":"NO_GOLD","seed_source_timestamp":1645358659599300,"circlet_count":0,"master_deck":["Strike_R","Strike_R","Strike_R","Strike_R","Strike_R","Defend_R","Defend_R","Defend_R","Defend_R","Bash","Inflame+1","Armaments+1","Intimidate","Pummel","Ghostly Armor+1"],"relics":["Burning Blood","Mango","Golden Idol","Bottled Tornado","Mummified Hand","Bag of Marbles","Dodecahedron"],"potions_floor_usage":[10,12],"damage_taken":[{"damage":7,"enemies":"Small Slimes","floor":1,"turns":4},{"damage":12,"enemies":"2 Louse","floor":2,"turns":3},{"damage":1,"enemies":"Cultist","floor":4,"turns":4},{"damage":22,"enemies":"Large Slime","floor":5,"turns":6},{"damage":34,"enemies":"3 Sentries","floor":7,"turns":10},{"damage":28,"enemies":"Gremlin Nob","floor":10,"turns":4},{"damage":3,"enemies":"Looter","floor":11,"turns":3},{"damage":13,"enemies":"Lagavulin","floor":12,"turns":6},{"damage":4,"enemies":"3 Louse","floor":14,"turns":3},{"damage":23,"enemies":"Slime Boss","floor":16,"turns":3}],"seed_played":"-8467502000925184361","potions_obtained":[{"floor":2,"key":"PowerPotion"},{"floor":7,"key":"Energy Potion"}],"is_trial":false,"path_per_floor":["M","M","?","M","M","R","E","R","T","E","M","E","?","M","R","B"],"character_chosen":"IRONCLAD","items_purchased":[],"campfire_rested":0,"item_purchase_floors":[],"current_hp_per_floor":[85,79,79,84,68,68,40,40,40,18,21,14,14,16,16,0],"gold":329,"neow_bonus":"ONE_RARE_RELIC","is_prod":false,"is_daily":false,"chose_seed":false,"campfire_upgraded":3,"win_rate":0,"timestamp":1556486798,"path_taken":["M","M","?","M","M","R","E","R","T","E","M","E","?","?","R","BOSS"],"build_version":"2019-01-23","purchased_purges":0,"victory":false,"max_hp_per_floor":[94,94,87,87,87,87,87,87,87,87,87,87,87,87,87,87],"card_choices":[{"not_picked":["Body Slam","Perfected Strike"],"picked":"Inflame","floor":1},{"not_picked":["Wild Strike","Sword Boomerang"],"picked":"Armaments","floor":2},{"not_picked":["Headbutt","Warcry"],"picked":"Intimidate","floor":4},{"not_picked":["Thunderclap","Headbutt","Twin Strike"],"picked":"SKIP","floor":5},{"not_picked":["Sever Soul","Bloodletting","Fire Breathing"],"picked":"SKIP","floor":7},{"not_picked":["Bloodletting","Sentinel","Twin Strike"],"picked":"SKIP","floor":10},{"not_picked":["Entrench","Armaments","Body Slam"],"picked":"SKIP","floor":11},{"not_picked":["Clothesline","Thunderclap"],"picked":"Pummel","floor":12},{"not_picked":["Flex","Body Slam"],"picked":"Ghostly Armor","floor":14}],"player_experience":848017,"relics_obtained":[{"floor":7,"key":"Bottled Tornado"},{"floor":9,"key":"Mummified Hand"},{"floor":10,"key":"Bag of Marbles"},{"floor":12,"key":"Dodecahedron"}],"event_choices":[{"damage_healed":0,"gold_gain":0,"player_choice":"Lose Max HP","damage_taken":0,"relics_obtained":["Golden Idol"],"max_hp_gain":0,"max_hp_loss":7,"event_name":"Golden Idol","floor":3,"gold_loss":0},{"damage_healed":0,"gold_gain":100,"player_choice":"Pray","damage_taken":0,"max_hp_gain":0,"max_hp_loss":0,"event_name":"Golden Shrine","floor":13,"gold_loss":0}],"is_beta":false,"boss_relics":[],"items_purged_floors":[],"is_endless":false,"potions_floor_spawned":[2,7],"killed_by":"Slime Boss","ascension_level":9}