{"gold_per_floor":[111,60,73,248,248,274,274,199,199,99,99,119,132,152,152,250,250,270,280,290,290,290,290,20,20,44,60,73,73,90,122,122,122],"floor_reached":33,"playtime":1067,"items_purged":["Defend_R","Strike_R","Strike_R"],"score":292,"play_id":"4cbcf014-dded-47da-bc60-fd861a6ad3c0","local_time":"20180825140049","is_ascension_mode":false,"campfire_choices":[{"data":"Bash","floor":7,"key":"SMITH"},{"data":"Defend_R","floor":11,"key":"SMITH"},{"data":"Defend_R","floor":15,"key":"SMITH"},{"data":"Flame Barrier","floor":23,"key":"SMITH"},{"data":"Spot Weakness","floor":25,"key":"SMITH"},{"data":"Whirlwind","floor":29,"key":"SMITH"},{"data":"Disarm","floor":32,"key":"SMITH"}],"neow_cost":"NONE","seed_source_timestamp":608647843395098,"circlet_count":0,"master_deck":["Strike_R","Defend_R+1","Defend_R+1","Defend_R+1","Bash+1","Clash","Armaments+1","Clash","Spot Weakness+1","Brutality","Whirlwind+1","Flame Barrier+1","Fire Breathing+1","Flex","Disarm+1"],"relics":["Burning Blood","NeowsBlessing","War Paint","Blue Candle","Coffee Dripper","Oddly Smooth Stone","Bronze Scales","Frozen Egg 2"],"potions_floor_usage":[18,27,31,33,33],"damage_taken":[{"damage":0,"enemies":"Jaw Worm","floor":1,"turns":1},{"damage":0,"enemies":"Small Slimes","floor":3,"turns":1},{"damage":0,"enemies":"3 Sentries","floor":6,"turns":1},{"damage":1,"enemies":"2 Louse","floor":12,"turns":3},{"damage":0,"enemies":"2 Fungi Beasts","floor":13,"turns":3},{"damage":1,"enemies":"Exordium Thugs","floor":14,"turns":3},{"damage":4,"enemies":"Slime Boss","floor":16,"turns":9},{"damage":2,"enemies":"Chosen","floor":18,"turns":4},{"damage":10,"enemies":"Shell Parasite","floor":19,"turns":4},{"damage":0,"enemies":"Chosen and Byrds","floor":20,"turns":3},{"damage":9,"enemies":"Snecko","floor":27,"turns":5},{"damage":3,"enemies":"Shelled Parasite and Fungi","floor":28,"turns":5},{"damage":5,"enemies":"Centurion and Healer","floor":30,"turns":5},{"damage":32,"enemies":"Book of Stabbing","floor":31,"turns":5},{"damage":59,"enemies":"Automaton","floor":33,"turns":6}],"seed_played":"5603785104074051446","potions_obtained":[{"floor":6,"key":"SkillPotion"},{"floor":12,"key":"PowerPotion"},{"floor":13,"key":"FearPotion"},{"floor":19,"key":"Strength Potion"},{"floor":27,"key":"SmokeBomb"},{"floor":30,"key":"Fire Potion"},{"floor":31,"key":"Dexterity Potion"}],"is_trial":false,"path_per_floor":["M","$","M","?","?","E","R","$","T","$","R","M","M","M","R","B",null,"M","M","M","?","?","R","$","R","T","M","M","R","M","E","R"],"character_chosen":"IRONCLAD","items_purchased":["Armaments","Oddly Smooth Stone"],"campfire_rested":0,"item_purchase_floors":[2,24],"current_hp_per_floor":[80,80,80,80,80,80,80,80,80,80,80,80,80,80,80,80,80,80,76,80,80,80,80,80,80,80,77,80,80,80,54,54,0],"gold":122,"neow_bonus":"THREE_ENEMY_KILL","is_prod":false,"is_daily":false,"chose_seed":false,"campfire_upgraded":7,"win_rate":0,"timestamp":1535230849,"path_taken":["M","$","M","?","?","E","R","$","T","?","R","?","M","M","R","BOSS","M","M","M","?","?","R","$","R","T","M","M","R","M","E","R","BOSS"],"build_version":"2018-08-23v2","purchased_purges":3,"victory":false,"max_hp_per_floor":[80,80,80,80,80,80,80,80,80,80,80,80,80,80,80,80,80,80,80,80,80,80,80,80,80,80,80,80,80,80,80,80,80],"card_choices":[{"not_picked":["Perfected Strike","Havoc"],"picked":"Clash","floor":1},{"not_picked":["Shrug It Off","Uppercut"],"picked":"Clash","floor":3},{"not_picked":["Wild Strike","Reckless Charge","Intimidate"],"picked":"SKIP","floor":6},{"not_picked":["Twin Strike","Dual Wield","Blood for Blood"],"picked":"SKIP","floor":12},{"not_picked":["Wild Strike","Thunderclap"],"picked":"Spot Weakness","floor":13},{"not_picked":["Uppercut","Feel No Pain","Body Slam"],"picked":"SKIP","floor":14},{"not_picked":["Fiend Fire","Juggernaut"],"picked":"Brutality","floor":16},{"not_picked":["Body Slam","Sword Boomerang+1"],"picked":"Whirlwind","floor":18},{"not_picked":["Armaments","Power Through"],"picked":"Flame Barrier","floor":19},{"not_picked":["Blood for Blood+1","Anger"],"picked":"Fire Breathing+1","floor":20},{"not_picked":["Thunderclap","Power Through"],"picked":"Disarm","floor":27},{"not_picked":["Warcry","Headbutt+1","Havoc"],"picked":"SKIP","floor":28},{"not_picked":["Cleave+1","Twin Strike+1","Fire Breathing"],"picked":"SKIP","floor":30},{"not_picked":["Havoc+1","Rampage+1","Whirlwind"],"picked":"SKIP","floor":31}],"player_experience":145803,"relics_obtained":[{"floor":6,"key":"War Paint"},{"floor":9,"key":"Blue Candle"},{"floor":26,"key":"Bronze Scales"},{"floor":31,"key":"Frozen Egg 2"}],"event_choices":[{"event_name":"Liars Game","player_choice":"agreed","floor":4,"damage_taken":0},{"event_name":"Fountain of Cleansing","player_choice":"Removed Curse","floor":5,"damage_taken":0},{"event_name":"Back to Basics","player_choice":"Elegance","floor":21,"damage_taken":0},{"event_name":"Transmorgrifier","player_choice":"Transform","floor":22,"damage_taken":0}],"is_beta":false,"boss_relics":[{"not_picked":["Mark of Pain","Velvet Choker"],"picked":"Coffee Dripper"}],"items_purged_floors":[8,10,24],"is_endless":false,"potions_floor_spawned":[6,12,13,19,27,30,31],"killed_by":"Automaton","ascension_level":0}