{"gold_per_floor":[116,131,6,6,18,47,47,47,47,59,59,59,89,102,102,207,207,227,227,242,242,1,1],"floor_reached":23,"playtime":1089,"items_purged":[],"score":269,"play_id":"4c45c17b-3b11-4eac-a515-305cb59d8b81","local_time":"20190402115701","is_ascension_mode":true,"campfire_choices":[{"data":"Bash","floor":7,"key":"SMITH"},{"data":"Armaments","floor":11,"key":"SMITH"},{"floor":15,"key":"REST"}],"neow_cost":"NONE","seed_source_timestamp":30768936511840,"circlet_count":0,"master_deck":["Bash+1","True Grit","Blood for Blood","Armaments+1","Metallicize","Havoc","Metallicize","Shrug It Off","Spot Weakness","Wild Strike","Twin Strike","Cleave","Reaper","Bludgeon","Intimidate","Battle Trance","Flame Barrier","Pommel Strike","Entrench","Wild Strike","Inflame","Sentinel","Corruption","Limit Break","Clothesline"],"relics":["Burning Blood","Paper Frog","Orichalcum","Blue Candle","Pandora\u0027s Box","Enchiridion"],"potions_floor_usage":[6,16,18,23],"damage_taken":[{"damage":6,"enemies":"Cultist","floor":1,"turns":4},{"damage":7,"enemies":"2 Louse","floor":2,"turns":3},{"damage":7,"enemies":"Jaw Worm","floor":5,"turns":4},{"damage":31,"enemies":"3 Sentries","floor":6,"turns":11},{"damage":8,"enemies":"2 Fungi Beasts","floor":10,"turns":5},{"damage":10,"enemies":"Gremlin Nob","floor":13,"turns":4},{"damage":17,"enemies":"Exordium Thugs","floor":14,"turns":7},{"damage":41,"enemies":"The Guardian","floor":16,"turns":9},{"damage":6,"enemies":"3 Byrds","floor":18,"turns":5},{"damage":26,"enemies":"2 Thieves","floor":20,"turns":4},{"damage":45,"enemies":"Gremlin Leader","floor":23,"turns":6}],"seed_played":"-2670390336926333514","potions_obtained":[{"floor":1,"key":"Explosive Potion"},{"floor":10,"key":"Strength Potion"},{"floor":14,"key":"Poison Potion"},{"floor":16,"key":"SkillPotion"}],"is_trial":false,"path_per_floor":["M","M","$","?","M","E","R","?","T","M","R","?","E","M","R","B",null,"M","?","M","?","$","E"],"character_chosen":"IRONCLAD","items_purchased":["Metallicize","Havoc","Corruption","Limit Break","Clothesline"],"campfire_rested":1,"item_purchase_floors":[3,3,22,22,22],"current_hp_per_floor":[72,71,71,71,70,45,45,45,45,43,43,43,39,28,52,17,64,64,64,53,37,37,0],"gold":1,"neow_bonus":"THREE_CARDS","is_prod":false,"is_daily":false,"chose_seed":false,"campfire_upgraded":2,"win_rate":0,"timestamp":1554231421,"path_taken":["M","?","$","?","M","E","R","?","T","?","R","?","E","M","R","BOSS","M","?","?","?","$","E"],"build_version":"2019-01-23","purchased_purges":0,"victory":false,"max_hp_per_floor":[80,80,80,80,80,80,80,80,80,80,80,80,80,80,80,80,80,80,80,80,80,80,80],"card_choices":[{"not_picked":["Corruption","Clash"],"picked":"True Grit","floor":0},{"not_picked":["Anger","Havoc"],"picked":"Blood for Blood","floor":1},{"not_picked":["True Grit","Rage"],"picked":"Armaments","floor":2},{"not_picked":["Clothesline","Anger"],"picked":"Metallicize","floor":5},{"not_picked":["Perfected Strike","Heavy Blade"],"picked":"Shrug It Off","floor":6},{"not_picked":["Searing Blow","Juggernaut"],"picked":"Wild Strike","floor":10},{"not_picked":["Pommel Strike","Havoc"],"picked":"Twin Strike","floor":13},{"not_picked":["Entrench","Sword Boomerang"],"picked":"Cleave","floor":14},{"not_picked":["Berserk","Double Tap"],"picked":"Reaper","floor":16},{"not_picked":["Iron Wave","Sword Boomerang"],"picked":"Inflame","floor":18},{"not_picked":["Pommel Strike","Havoc"],"picked":"Sentinel","floor":20}],"player_experience":351443,"relics_obtained":[{"floor":6,"key":"Paper Frog"},{"floor":9,"key":"Orichalcum"},{"floor":13,"key":"Blue Candle"},{"floor":21,"key":"Enchiridion"}],"event_choices":[{"cards_removed":["Strike_R"],"damage_healed":0,"gold_gain":0,"player_choice":"Forget","damage_taken":0,"max_hp_gain":0,"max_hp_loss":0,"event_name":"Living Wall","floor":4,"gold_loss":0},{"damage_healed":0,"gold_gain":0,"player_choice":"1 cards matched","damage_taken":0,"max_hp_gain":0,"max_hp_loss":0,"event_name":"Match and Keep!","floor":8,"gold_loss":0,"cards_obtained":["Spot Weakness"]},{"cards_removed":["Strike_R"],"damage_healed":0,"gold_gain":0,"player_choice":"Purged","damage_taken":0,"max_hp_gain":0,"max_hp_loss":0,"event_name":"Purifier","floor":12,"gold_loss":0},{"damage_healed":0,"gold_gain":0,"player_choice":"Ignored","damage_taken":0,"max_hp_gain":0,"max_hp_loss":0,"event_name":"N\u0027loth","floor":19,"gold_loss":0},{"damage_healed":0,"gold_gain":0,"player_choice":"Obtained Book","damage_taken":16,"max_hp_gain":0,"max_hp_loss":0,"event_name":"Cursed Tome","floor":21,"gold_loss":0}],"is_beta":false,"boss_relics":[{"not_picked":["Lizard Tail","Empty Cage"],"picked":"Pandora\u0027s Box"}],"items_purged_floors":[],"is_endless":false,"potions_floor_spawned":[1,10,14,16],"killed_by":"Gremlin Leader","ascension_level":7}