{"gold_per_floor":[119,132,147,147,147,186,111,149,173,173,189,154,190,48,48,143,143,166,166,116,34,38,38,63,63,133,164,13,13,46,46],"floor_reached":31,"playtime":1791,"items_purged":["Injury"],"score":506,"play_id":"be6fa4de-3fde-435d-8454-61e5bf1c875c","local_time":"20190331201717","is_ascension_mode":true,"campfire_choices":[{"floor":10,"key":"REST"},{"data":"Consume","floor":15,"key":"SMITH"},{"data":"Capacitor","floor":23,"key":"SMITH"},{"floor":25,"key":"REST"}],"neow_cost":"NONE","seed_source_timestamp":1730243344324941,"circlet_count":0,"master_deck":["AscendersBane","Strike_B","Strike_B","Strike_B","Strike_B","Defend_B","Defend_B","Defend_B","Defend_B","Zap+1","Dualcast","Coolheaded+1","Fusion","Defragment","Ball Lightning","Cold Snap","Capacitor+1","Glacier+1","Consume+1","Loop","Core Surge","Ball Lightning","Chill","Lockon","Darkness","Cold Snap"],"relics":["Cracked Core","Golden Idol","Pen Nib","Orichalcum","Regal Pillow","Pear","Nuclear Battery","Matryoshka","Ginger","PreservedInsect","Bag of Marbles"],"potions_floor_usage":[8,13,27],"damage_taken":[{"damage":2,"enemies":"Jaw Worm","floor":1,"turns":3},{"damage":0,"enemies":"2 Louse","floor":2,"turns":2},{"damage":0,"enemies":"Small Slimes","floor":3,"turns":3},{"damage":30,"enemies":"Lagavulin","floor":6,"turns":8},{"damage":18,"enemies":"Gremlin Nob","floor":8,"turns":4},{"damage":16,"enemies":"Exordium Thugs","floor":11,"turns":4},{"damage":11,"enemies":"3 Sentries","floor":13,"turns":8},{"damage":26,"enemies":"Slime Boss","floor":16,"turns":6},{"damage":2,"enemies":"Chosen","floor":18,"turns":6},{"damage":17,"enemies":"2 Thieves","floor":22,"turns":5},{"damage":13,"enemies":"3 Cultists","floor":24,"turns":7},{"damage":33,"enemies":"Slavers","floor":27,"turns":8},{"damage":35,"enemies":"Gremlin Leader","floor":30,"turns":7},{"damage":19,"enemies":"Centurion and Healer","floor":31,"turns":3}],"seed_played":"459195232318652073","potions_obtained":[{"floor":3,"key":"PowerPotion"},{"floor":8,"key":"SpeedPotion"},{"floor":11,"key":"Fire Potion"},{"floor":16,"key":"Dexterity Potion"},{"floor":22,"key":"SkillPotion"}],"is_trial":false,"path_per_floor":["M","M","M","?","?","E","$","E","T","R","M","?","E","$","R","B",null,"M","?","?","$","M","R","M","R","T","E","$","?","E","M"],"character_chosen":"DEFECT","items_purchased":["Consume","Loop","Chill","PreservedInsect"],"campfire_rested":2,"item_purchase_floors":[14,14,21,28],"current_hp_per_floor":[62,62,62,67,67,37,37,19,19,56,40,59,58,58,58,32,73,71,71,71,71,54,54,41,81,81,48,48,48,13,0],"gold":46,"neow_bonus":"UPGRADE_CARD","is_prod":false,"is_daily":false,"chose_seed":false,"campfire_upgraded":2,"win_rate":0,"timestamp":1554059837,"path_taken":["M","M","M","?","?","E","?","E","T","R","M","?","E","$","R","BOSS","M","?","?","$","M","R","?","R","T","E","$","?","E","M"],"build_version":"2019-01-23","purchased_purges":1,"victory":false,"max_hp_per_floor":[71,71,71,76,76,76,76,76,76,76,76,76,86,86,86,86,86,86,86,86,86,86,86,86,86,86,86,86,86,86,86],"card_choices":[{"not_picked":["Stack","Steam"],"picked":"Coolheaded","floor":1},{"not_picked":["Darkness","Leap"],"picked":"Fusion","floor":2},{"not_picked":["Conserve Battery","Gash"],"picked":"Defragment","floor":3},{"not_picked":["Streamline","Stack"],"picked":"Ball Lightning","floor":6},{"not_picked":["Redo","Sunder"],"picked":"Cold Snap","floor":8},{"not_picked":["Barrage","Rebound"],"picked":"Capacitor","floor":11},{"not_picked":["Double Energy","Hologram"],"picked":"Glacier","floor":13},{"not_picked":["Biased Cognition","Amplify"],"picked":"Core Surge","floor":16},{"not_picked":["Double Energy","Turbo"],"picked":"Ball Lightning","floor":18},{"not_picked":["Rebound","Blizzard"],"picked":"Lockon","floor":22},{"not_picked":["Double Energy","Capacitor"],"picked":"Darkness","floor":24},{"not_picked":["Hello World","Loop","Scrape"],"picked":"SKIP","floor":27},{"not_picked":["Leap","Hologram"],"picked":"Cold Snap","floor":30}],"player_experience":1683375,"relics_obtained":[{"floor":6,"key":"Pen Nib"},{"floor":8,"key":"Orichalcum"},{"floor":9,"key":"Regal Pillow"},{"floor":13,"key":"Pear"},{"floor":26,"key":"Matryoshka"},{"floor":27,"key":"Ginger"},{"floor":30,"key":"Bag of Marbles"}],"event_choices":[{"damage_healed":0,"gold_gain":0,"player_choice":"Donut","damage_taken":0,"max_hp_gain":5,"max_hp_loss":0,"event_name":"Big Fish","floor":4,"gold_loss":0},{"damage_healed":0,"gold_gain":0,"player_choice":"Take Wound","damage_taken":0,"relics_obtained":["Golden Idol"],"max_hp_gain":0,"max_hp_loss":0,"event_name":"Golden Idol","floor":5,"gold_loss":0,"cards_obtained":["Injury"]},{"damage_healed":19,"gold_gain":0,"player_choice":"Healed","damage_taken":0,"max_hp_gain":0,"max_hp_loss":0,"event_name":"The Cleric","floor":12,"gold_loss":35},{"damage_healed":0,"gold_gain":0,"player_choice":"Ignored","damage_taken":0,"max_hp_gain":0,"max_hp_loss":0,"event_name":"Cursed Tome","floor":19,"gold_loss":0},{"damage_healed":0,"gold_gain":0,"player_choice":"Upgraded Two","damage_taken":0,"max_hp_gain":0,"max_hp_loss":0,"event_name":"Designer","floor":20,"gold_loss":50,"cards_upgraded":["Glacier","Coolheaded"]},{"damage_healed":0,"gold_gain":0,"player_choice":"Ignored","damage_taken":0,"max_hp_gain":0,"max_hp_loss":0,"event_name":"Ghosts","floor":29,"gold_loss":0}],"is_beta":false,"boss_relics":[{"not_picked":["Philosopher\u0027s Stone","Empty Cage"],"picked":"Nuclear Battery"}],"items_purged_floors":[7],"is_endless":false,"potions_floor_spawned":[3,8,11,16,18,22],"killed_by":"Centurion and Healer","ascension_level":15}