{"gold_per_floor":[119,119,134,37,49,49,49,65,89,75,87,99,111,137,149,238,250,280,292,225,240,112,112,126,126,126,126],"floor_reached":27,"playtime":608,"items_purged":["Strike_R"],"score":396,"play_id":"ba740668-9db1-47d2-a11d-867753274e8c","local_time":"20190429133435","is_ascension_mode":true,"campfire_choices":[{"data":"Searing Blow","floor":6,"key":"SMITH"},{"data":"Searing Blow+1","floor":11,"key":"SMITH"},{"data":"Searing Blow+3","floor":13,"key":"SMITH"},{"data":"Searing Blow+4","floor":15,"key":"SMITH"},{"data":"Searing Blow+5","floor":23,"key":"SMITH"},{"data":"Searing Blow+6","floor":25,"key":"SMITH"}],"neow_cost":"NONE","seed_source_timestamp":3166801387773710,"circlet_count":0,"master_deck":["AscendersBane","Strike_R","Strike_R","Strike_R+1","Defend_R","Defend_R","Defend_R","Defend_R","Bash","Perfected Strike","Pommel Strike","Searing Blow+7","Shrug It Off","Cleave","Headbutt","Headbutt"],"relics":["Burning Blood","NeowsBlessing","MawBank","Black Star","Vajra","Frozen Egg 2"],"potions_floor_usage":[16,24,24],"damage_taken":[{"damage":0,"enemies":"2 Louse","floor":1,"turns":1},{"damage":0,"enemies":"Jaw Worm","floor":3,"turns":1},{"damage":0,"enemies":"Cultist","floor":5,"turns":1},{"damage":0,"enemies":"Large Slime","floor":8,"turns":4},{"damage":20,"enemies":"Exordium Thugs","floor":10,"turns":4},{"damage":5,"enemies":"Exordium Wildlife","floor":14,"turns":4},{"damage":30,"enemies":"Slime Boss","floor":16,"turns":10},{"damage":56,"enemies":"Shell Parasite","floor":18,"turns":5},{"damage":0,"enemies":"Chosen","floor":21,"turns":2},{"damage":21,"enemies":"3 Cultists","floor":24,"turns":4},{"damage":22,"enemies":"Shelled Parasite and Fungi","floor":27,"turns":2}],"seed_played":"8735349480398360095","potions_obtained":[{"floor":3,"key":"PowerPotion"},{"floor":14,"key":"Explosive Potion"}],"is_trial":false,"path_per_floor":["M","?","M","$","M","R","$","M","T","M","R","?","R","M","R","B",null,"M","?","$","M","$","R","M","R","T","M"],"character_chosen":"IRONCLAD","items_purchased":["Searing Blow","Shrug It Off","Regen Potion","Headbutt"],"campfire_rested":0,"item_purchase_floors":[4,4,20,22],"current_hp_per_floor":[74,67,73,73,75,75,75,75,75,61,61,38,38,39,39,15,60,10,10,10,16,16,16,13,13,13,0],"gold":126,"neow_bonus":"THREE_ENEMY_KILL","is_prod":false,"is_daily":false,"chose_seed":false,"campfire_upgraded":6,"win_rate":0,"timestamp":1556541275,"path_taken":["M","?","M","$","M","R","$","M","T","M","R","?","R","M","R","BOSS","M","?","$","?","$","R","M","R","T","M"],"build_version":"2019-01-23","purchased_purges":1,"victory":false,"max_hp_per_floor":[75,75,75,75,75,75,75,75,75,75,75,75,75,75,75,75,75,75,75,75,75,75,75,75,75,75,75],"card_choices":[{"not_picked":["Disarm","Corruption"],"picked":"Perfected Strike","floor":1},{"not_picked":["Warcry","Flex"],"picked":"Pommel Strike","floor":3},{"not_picked":["Combust","Iron Wave"],"picked":"Cleave","floor":5},{"not_picked":["Havoc","Ghostly Armor","Sword Boomerang"],"picked":"SKIP","floor":8},{"not_picked":["Thunderclap","Juggernaut"],"picked":"Headbutt","floor":10},{"not_picked":["Reckless Charge","Havoc","Twin Strike"],"picked":"SKIP","floor":14},{"not_picked":["Berserk","Barricade"],"picked":"Immolate","floor":16},{"not_picked":["Metallicize","Sword Boomerang","Disarm+1"],"picked":"SKIP","floor":18},{"not_picked":["True Grit","Armaments","Sword Boomerang"],"picked":"SKIP","floor":21},{"not_picked":["Armaments","Rupture","Sword Boomerang"],"picked":"SKIP","floor":24}],"player_experience":247178,"relics_obtained":[{"floor":9,"key":"MawBank"},{"floor":26,"key":"Frozen Egg 2"}],"event_choices":[{"cards_removed":["Strike_R"],"damage_healed":0,"gold_gain":0,"player_choice":"Card Removal","damage_taken":7,"max_hp_gain":0,"max_hp_loss":0,"event_name":"Golden Wing","floor":2,"gold_loss":0},{"damage_healed":0,"gold_gain":0,"player_choice":"Entered Light","damage_taken":23,"max_hp_gain":0,"max_hp_loss":0,"event_name":"Shining Light","floor":12,"gold_loss":0,"cards_upgraded":["Searing Blow","Strike_R"]},{"cards_removed":["Immolate"],"damage_healed":0,"gold_gain":0,"player_choice":"Gave Card","damage_taken":0,"relics_obtained":["Vajra"],"max_hp_gain":0,"max_hp_loss":0,"event_name":"WeMeetAgain","floor":19,"gold_loss":0}],"is_beta":false,"boss_relics":[{"not_picked":["Tiny House","Lizard Tail"],"picked":"Black Star"}],"items_purged_floors":[22],"is_endless":false,"potions_floor_spawned":[3,14,21],"killed_by":"Shelled Parasite and Fungi","ascension_level":19}