{"gold_per_floor":[363,378,5,5,80,142,142,175,221,146,176,176,176,192,192,290,290,301,317,163,182,209,209,219,219,219,239,258,273,101,132,132,227,227,246,266,266,566,585,585,598,598],"floor_reached":42,"playtime":2537,"items_purged":["Injury","Strike_R","Cleave"],"score":485,"play_id":"1a99574a-05e3-41ec-b65e-b43768304bb3","local_time":"20190408113850","is_ascension_mode":true,"campfire_choices":[{"floor":7,"key":"REST"},{"floor":13,"key":"REST"},{"floor":15,"key":"REST"},{"data":"Inflame","floor":23,"key":"SMITH"},{"data":"Ghostly Armor","floor":25,"key":"SMITH"},{"floor":32,"key":"REST"},{"data":"Heavy Blade","floor":40,"key":"SMITH"}],"neow_cost":"CURSE","seed_source_timestamp":102139237990968,"circlet_count":0,"master_deck":["Strike_R","Strike_R","Strike_R+1","Strike_R","Defend_R","Defend_R","Defend_R","Defend_R+1","Bash","Warcry","Inflame+1","Spot Weakness","Uppercut+1","Twin Strike","Demon Form+1","Ghostly Armor+1","Reaper","Sentinel+1","Whirlwind","Battle Trance+1","Heavy Blade+1","Shrug It Off","Berserk","Shrug It Off"],"relics":["Burning Blood","Bottled Tornado","Tiny Chest","Bottled Flame","Whetstone","Happy Flower","Runic Cube","Red Skull","War Paint","Unceasing Top","White Beast Statue"],"potions_floor_usage":[6,8,18,21,31,33,35,36,39,41,42],"damage_taken":[{"damage":5,"enemies":"Cultist","floor":1,"turns":4},{"damage":9,"enemies":"Small Slimes","floor":2,"turns":5},{"damage":36,"enemies":"3 Sentries","floor":6,"turns":7},{"damage":21,"enemies":"Lagavulin","floor":8,"turns":6},{"damage":31,"enemies":"3 Sentries","floor":11,"turns":6},{"damage":7,"enemies":"2 Louse","floor":14,"turns":3},{"damage":46,"enemies":"Hexaghost","floor":16,"turns":7},{"damage":6,"enemies":"Chosen","floor":18,"turns":5},{"damage":23,"enemies":"Spheric Guardian","floor":19,"turns":6},{"damage":37,"enemies":"Centurion and Healer","floor":21,"turns":6},{"damage":20,"enemies":"Snake Plant","floor":24,"turns":4},{"damage":13,"enemies":"Cultist and Chosen","floor":27,"turns":6},{"damage":12,"enemies":"Centurion and Healer","floor":28,"turns":11},{"damage":22,"enemies":"Chosen and Byrds","floor":29,"turns":6},{"damage":42,"enemies":"Slavers","floor":31,"turns":5},{"damage":94,"enemies":"Collector","floor":33,"turns":10},{"damage":11,"enemies":"Orb Walker","floor":35,"turns":3},{"damage":33,"enemies":"3 Shapes","floor":36,"turns":8},{"damage":39,"enemies":"3 Darklings","floor":39,"turns":4},{"damage":52,"enemies":"Spire Growth","floor":41,"turns":7},{"damage":38,"enemies":"Maw","floor":42,"turns":5}],"seed_played":"516390144422106888","potions_obtained":[{"floor":1,"key":"SteroidPotion"},{"floor":6,"key":"Swift Potion"},{"floor":14,"key":"GamblersBrew"},{"floor":18,"key":"EssenceOfSteel"},{"floor":28,"key":"Dexterity Potion"},{"floor":31,"key":"Block Potion"},{"floor":33,"key":"SkillPotion"},{"floor":35,"key":"GamblersBrew"},{"floor":36,"key":"SteroidPotion"},{"floor":39,"key":"Swift Potion"},{"floor":41,"key":"PowerPotion"}],"is_trial":false,"path_per_floor":["M","M","$","?","?","E","R","E","T","$","E","?","R","M","R","B",null,"M","M","$","M","T","R","M","R","T","M","M","M","$","E","R","B",null,"M","M","?","?","M","R","M","M"],"character_chosen":"IRONCLAD","items_purchased":["Spot Weakness","Bottled Tornado","Uppercut","Cleave","Shrug It Off"],"campfire_rested":4,"item_purchase_floors":[3,3,3,20,30],"current_hp_per_floor":[80,77,77,77,66,36,60,45,45,45,20,20,44,43,67,27,80,80,63,63,44,44,44,45,45,45,54,80,64,64,42,66,8,80,75,60,60,60,65,65,38,0],"gold":598,"neow_bonus":"TWO_FIFTY_GOLD","is_prod":false,"is_daily":false,"chose_seed":false,"campfire_upgraded":3,"win_rate":0,"timestamp":1554716330,"path_taken":["M","M","$","?","?","E","R","E","T","$","E","?","R","M","R","BOSS","M","?","$","M","?","R","M","R","T","M","M","?","?","E","R","BOSS","M","M","?","?","M","R","?","M"],"build_version":"2019-01-23","purchased_purges":3,"victory":false,"max_hp_per_floor":[80,80,80,80,80,80,80,80,80,80,80,80,80,80,80,80,80,80,80,80,80,80,80,80,80,80,80,80,80,80,80,80,80,80,80,80,76,76,76,76,76,76],"card_choices":[{"not_picked":["True Grit","Carnage"],"picked":"Warcry","floor":1},{"not_picked":["Evolve","Heavy Blade"],"picked":"Inflame","floor":2},{"not_picked":["Power Through","Clothesline"],"picked":"Twin Strike","floor":6},{"not_picked":["Iron Wave","Havoc"],"picked":"Demon Form","floor":8},{"not_picked":["Combust","Seeing Red"],"picked":"Ghostly Armor","floor":11},{"not_picked":["Dual Wield","Havoc","Wild Strike"],"picked":"SKIP","floor":14},{"not_picked":["Barricade","Immolate"],"picked":"Reaper","floor":16},{"not_picked":["Sword Boomerang","Dual Wield+1"],"picked":"Sentinel+1","floor":18},{"not_picked":["Searing Blow","Sever Soul","Blood for Blood"],"picked":"SKIP","floor":19},{"not_picked":["Battle Trance","Metallicize"],"picked":"Whirlwind","floor":21},{"not_picked":["Anger","Whirlwind"],"picked":"Battle Trance","floor":24},{"not_picked":["Clash","Pommel Strike"],"picked":"Heavy Blade","floor":27},{"not_picked":["Entrench","Searing Blow","Hemokinesis"],"picked":"SKIP","floor":28},{"not_picked":["Flex","Clothesline","Headbutt"],"picked":"SKIP","floor":29},{"not_picked":["Wild Strike+1","Sever Soul"],"picked":"Berserk","floor":31},{"not_picked":["Perfected Strike+1","Thunderclap+1"],"picked":"Shrug It Off","floor":35},{"not_picked":["Headbutt+1","Rampage","Combust+1"],"picked":"SKIP","floor":36},{"not_picked":["Fire Breathing+1","Thunderclap","Heavy Blade"],"picked":"SKIP","floor":39},{"not_picked":["Perfected Strike+1","Twin Strike","Pommel Strike"],"picked":"SKIP","floor":41}],"player_experience":323039,"relics_obtained":[{"floor":6,"key":"Tiny Chest"},{"floor":8,"key":"Bottled Flame"},{"floor":9,"key":"Whetstone"},{"floor":11,"key":"Happy Flower"},{"floor":22,"key":"Red Skull"},{"floor":26,"key":"War Paint"},{"floor":31,"key":"Unceasing Top"}],"event_choices":[{"damage_healed":0,"gold_gain":0,"player_choice":"Leave","damage_taken":0,"max_hp_gain":0,"max_hp_loss":0,"event_name":"The Cleric","floor":4,"gold_loss":0},{"damage_healed":0,"gold_gain":75,"player_choice":"Gather Gold","damage_taken":11,"max_hp_gain":0,"max_hp_loss":0,"event_name":"World of Goop","floor":5,"gold_loss":0},{"damage_healed":0,"gold_gain":0,"player_choice":"Forge","damage_taken":0,"max_hp_gain":0,"max_hp_loss":0,"event_name":"Accursed Blacksmith","floor":12,"gold_loss":0,"cards_upgraded":["Demon Form"]},{"damage_healed":0,"gold_gain":0,"player_choice":"Max HP","damage_taken":0,"max_hp_gain":0,"max_hp_loss":4,"event_name":"Winding Halls","floor":37,"gold_loss":0},{"damage_healed":0,"gold_gain":300,"player_choice":"Gold","damage_taken":0,"max_hp_gain":0,"max_hp_loss":0,"event_name":"Wheel of Change","floor":38,"gold_loss":0}],"is_beta":false,"boss_relics":[{"not_picked":["Runic Dome","Runic Pyramid"],"picked":"Runic Cube"},{"not_picked":["Black Star","Pandora\u0027s Box"],"picked":"White Beast Statue"}],"items_purged_floors":[10,20,30],"is_endless":false,"potions_floor_spawned":[1,6,14,18,28,31,33,35,36,39,41],"killed_by":"Maw","ascension_level":1}