{"gold_per_floor":[114,124,142,158,158,188,188,202,202,202,277,296,296,296,296,398,398,414,429,446,446,214,214,229,229,229,244,244,193,208,219,219,322,322,333,352,212,225,243,243,263,283,283,300,331,331,343,375,375,375],"floor_reached":50,"playtime":1829,"items_purged":["Strike_R","Strike_R"],"score":562,"play_id":"dba422ba-2e43-42bc-b2f3-073c5392748a","local_time":"20190218211035","is_ascension_mode":false,"campfire_choices":[{"data":"Combust","floor":7,"key":"SMITH"},{"data":"Limit Break","floor":10,"key":"SMITH"},{"floor":13,"key":"REST"},{"data":"Heavy Blade","floor":15,"key":"SMITH"},{"floor":23,"key":"REST"},{"data":"Flame Barrier","floor":28,"key":"SMITH"},{"floor":32,"key":"REST"},{"data":"Uppercut","floor":40,"key":"SMITH"},{"floor":46,"key":"REST"},{"data":"Barricade","floor":49,"key":"SMITH"}],"neow_cost":"NONE","seed_source_timestamp":509888222244916,"circlet_count":0,"master_deck":["Strike_R","Defend_R","Defend_R","Defend_R","Defend_R+1","Bash","Combust+1","Rupture","Heavy Blade+1","Limit Break+1","Pommel Strike+1","Disarm+1","Flame Barrier+1","Necronomicurse","Flex+1","Heavy Blade","Flex+1","Uppercut+1","Barricade+1","Rupture+1","Rupture","Entrench+1","Hemokinesis+1","Armaments+1","Combust+1","True Grit+1"],"relics":["Burning Blood","Mango","Ice Cream","Matryoshka","Sozu","Necronomicon","PreservedInsect","Toxic Egg 2","Orichalcum","Ornamental Fan","Mark of Pain","War Paint","Nunchaku","Red Skull","Kunai"],"potions_floor_usage":[33,48],"damage_taken":[{"damage":2,"enemies":"Small Slimes","floor":1,"turns":3},{"damage":3,"enemies":"Cultist","floor":2,"turns":4},{"damage":4,"enemies":"Jaw Worm","floor":3,"turns":3},{"damage":17,"enemies":"Exordium Wildlife","floor":4,"turns":4},{"damage":41,"enemies":"3 Sentries","floor":6,"turns":7},{"damage":16,"enemies":"Exordium Thugs","floor":8,"turns":5},{"damage":3,"enemies":"3 Louse","floor":12,"turns":2},{"damage":42,"enemies":"Slime Boss","floor":16,"turns":9},{"damage":27,"enemies":"Shell Parasite","floor":18,"turns":5},{"damage":27,"enemies":"2 Thieves","floor":19,"turns":4},{"damage":31,"enemies":"3 Cultists","floor":20,"turns":5},{"damage":18,"enemies":"Snecko","floor":24,"turns":5},{"damage":3,"enemies":"Cultist and Chosen","floor":27,"turns":3},{"damage":10,"enemies":"Chosen and Byrds","floor":30,"turns":5},{"damage":5,"enemies":"3 Cultists","floor":31,"turns":4},{"damage":29,"enemies":"Collector","floor":33,"turns":4},{"damage":9,"enemies":"3 Shapes","floor":35,"turns":4},{"damage":0,"enemies":"Orb Walker","floor":36,"turns":2},{"damage":24,"enemies":"Writhing Mass","floor":38,"turns":6},{"damage":16,"enemies":"Sphere and 2 Shapes","floor":39,"turns":5},{"damage":12,"enemies":"Spire Growth","floor":41,"turns":4},{"damage":8,"enemies":"Jaw Worm Horde","floor":42,"turns":4},{"damage":8,"enemies":"Maw","floor":44,"turns":7},{"damage":28,"enemies":"Nemesis","floor":45,"turns":5},{"damage":18,"enemies":"4 Shapes","floor":47,"turns":6},{"damage":5,"enemies":"Giant Head","floor":48,"turns":6},{"damage":54,"enemies":"Awakened One","floor":50,"turns":3}],"seed_played":"-1208188765688256661","potions_obtained":[{"floor":2,"key":"Strength Potion"},{"floor":6,"key":"PowerPotion"},{"floor":8,"key":"Energy Potion"},{"floor":16,"key":"SmokeBomb"}],"is_trial":false,"path_per_floor":["M","M","M","M","?","E","R","M","T","R","?","M","R","?","R","B",null,"M","M","M","?","$","R","M","?","T","M","R","$","M","M","R","B",null,"M","M","$","M","M","R","M","M","T","M","E","R","M","E","R","B"],"character_chosen":"IRONCLAD","items_purchased":["PreservedInsect","Heavy Blade","Entrench+1"],"campfire_rested":4,"item_purchase_floors":[22,29,37],"current_hp_per_floor":[80,80,80,69,83,48,48,38,38,38,27,30,58,51,51,15,94,73,52,27,11,11,39,27,27,27,30,30,30,26,27,55,32,94,91,94,94,76,66,66,60,58,58,56,34,62,50,51,51,0],"gold":375,"neow_bonus":"TRANSFORM_CARD","is_prod":false,"is_daily":false,"chose_seed":false,"campfire_upgraded":6,"win_rate":0,"timestamp":1550553035,"path_taken":["M","M","M","M","?","E","R","?","T","R","?","M","R","?","R","BOSS","M","M","M","?","?","R","M","?","T","M","R","$","M","?","R","BOSS","M","M","$","M","M","R","M","M","T","M","E","R","M","E","R","BOSS"],"build_version":"2019-01-23","purchased_purges":2,"victory":false,"max_hp_per_floor":[80,80,80,80,94,94,94,94,94,94,94,94,94,94,94,94,94,94,94,94,94,94,94,94,94,94,94,94,94,94,94,94,94,94,94,94,94,94,94,94,94,94,94,94,94,94,94,94,94,94],"card_choices":[{"not_picked":["Pommel Strike","Headbutt","Shrug It Off"],"picked":"SKIP","floor":1},{"not_picked":["Evolve","Ghostly Armor","Clothesline"],"picked":"SKIP","floor":2},{"not_picked":["Havoc","Flame Barrier"],"picked":"Rupture","floor":3},{"not_picked":["Havoc","Clothesline"],"picked":"Heavy Blade","floor":4},{"not_picked":["Warcry","Flex","Anger"],"picked":"SKIP","floor":6},{"not_picked":["Iron Wave","Clothesline"],"picked":"Limit Break","floor":8},{"not_picked":["Wild Strike","Twin Strike","Warcry"],"picked":"SKIP","floor":12},{"not_picked":["Anger+1","Spot Weakness"],"picked":"Pommel Strike+1","floor":18},{"not_picked":["Second Wind","Searing Blow"],"picked":"Disarm","floor":19},{"not_picked":["Heavy Blade","True Grit"],"picked":"Flame Barrier","floor":20},{"not_picked":["Rage","Perfected Strike"],"picked":"Flex+1","floor":24},{"not_picked":["Body Slam","Clash","Cleave+1"],"picked":"SKIP","floor":27},{"not_picked":["Sword Boomerang","Rage+1"],"picked":"Flex+1","floor":30},{"not_picked":["Clash","Fire Breathing"],"picked":"Uppercut","floor":31},{"not_picked":["Fiend Fire","Double Tap+1"],"picked":"Barricade","floor":33},{"not_picked":["Spot Weakness+1","Pommel Strike+1"],"picked":"Rupture+1","floor":35},{"not_picked":["Sword Boomerang","Clash+1"],"picked":"Rupture","floor":36},{"not_picked":["Havoc+1","Clothesline"],"picked":"Hemokinesis+1","floor":38},{"not_picked":["Twin Strike+1","Clash+1"],"picked":"Armaments+1","floor":39},{"not_picked":["Uppercut","Searing Blow+1","Clothesline"],"picked":"SKIP","floor":41},{"not_picked":["Sword Boomerang","Pommel Strike"],"picked":"Combust+1","floor":42},{"not_picked":["Clothesline+1","Battle Trance+1","Fiend Fire"],"picked":"SKIP","floor":44},{"not_picked":["Searing Blow","Pommel Strike+1","Clothesline"],"picked":"SKIP","floor":45},{"not_picked":["Flex+1","Perfected Strike+1"],"picked":"True Grit+1","floor":47},{"not_picked":["Clothesline+1","Searing Blow","Warcry+1"],"picked":"SKIP","floor":48}],"player_experience":428585,"relics_obtained":[{"floor":6,"key":"Ice Cream"},{"floor":9,"key":"Matryoshka"},{"floor":21,"key":"Necronomicon"},{"floor":26,"key":"Orichalcum"},{"floor":26,"key":"Ornamental Fan"},{"floor":43,"key":"War Paint"},{"floor":43,"key":"Nunchaku"},{"floor":45,"key":"Red Skull"},{"floor":48,"key":"Kunai"}],"event_choices":[{"damage_healed":0,"gold_gain":0,"player_choice":"Gave Potion","damage_taken":0,"relics_obtained":["Mango"],"max_hp_gain":0,"max_hp_loss":0,"event_name":"WeMeetAgain","floor":5,"gold_loss":0},{"damage_healed":0,"gold_gain":75,"player_choice":"Gather Gold","damage_taken":11,"max_hp_gain":0,"max_hp_loss":0,"event_name":"World of Goop","floor":11,"gold_loss":0},{"cards_removed":["Strike_R"],"damage_healed":0,"gold_gain":0,"player_choice":"Card Removal","damage_taken":7,"max_hp_gain":0,"max_hp_loss":0,"event_name":"Golden Wing","floor":14,"gold_loss":0},{"damage_healed":0,"gold_gain":0,"player_choice":"Obtained Book","damage_taken":16,"max_hp_gain":0,"max_hp_loss":0,"event_name":"Cursed Tome","floor":21,"gold_loss":0},{"damage_healed":0,"gold_gain":0,"player_choice":"Opened","damage_taken":0,"relics_obtained":["Toxic Egg 2"],"max_hp_gain":0,"max_hp_loss":0,"event_name":"The Mausoleum","floor":25,"gold_loss":0}],"is_beta":false,"boss_relics":[{"not_picked":["Orrery","Runic Pyramid"],"picked":"Sozu"},{"not_picked":["Coffee Dripper","Busted Crown"],"picked":"Mark of Pain"}],"items_purged_floors":[22,37],"is_endless":false,"potions_floor_spawned":[2,6,8,16,20,27,30,33,38,39,41,44],"killed_by":"Awakened One","ascension_level":0}