{"gold_per_floor":[112,131,131,131,144,169,169,195,195,195,145,85,160,179,179,284,284,300,318,198,214,214,214,240,258,258,292,292,320,320,335,335,438,438,458,418,41,41,41,41,75,75,75,75,107,119,143,170,182,194],"floor_reached":51,"playtime":2635,"items_purged":["Turbo","Sweeping Beam"],"score":999,"play_id":"43fc9ad4-8ef6-4d79-bdf9-42b8e0515615","local_time":"20181126174124","is_ascension_mode":true,"campfire_choices":[{"floor":7,"key":"REST"},{"data":"Scrape","floor":10,"key":"SMITH"},{"data":"Gash","floor":15,"key":"SMITH"},{"data":"Beam Cell","floor":23,"key":"SMITH"},{"floor":30,"key":"REST"},{"floor":32,"key":"REST"},{"data":"Gash","floor":40,"key":"SMITH"},{"data":"Scrape","floor":42,"key":"SMITH"},{"floor":46,"key":"REST"},{"data":"Zap","floor":49,"key":"SMITH"}],"neow_cost":"NONE","seed_source_timestamp":677041735687668,"circlet_count":0,"master_deck":["Zap+1","Dualcast+1","Leap","Ball Lightning","Gash+1","Self Repair","Scrape+1","Beam Cell+1","Chill+1","Go for the Eyes+1","FTL","Coolheaded+1","Gash+1","Beam Cell","Scrape+1","FTL+1"],"relics":["Pandora\u0027s Box","Centennial Puzzle","The Courier","Bronze Scales","Black Star","Singing Bowl","Darkstone Periapt","Blue Candle","Red Mask","PreservedInsect","DataDisk","Orrery","Sling","Pen Nib","Anchor","Bag of Preparation","Mercury Hourglass","Vajra","Art of War","MawBank"],"potions_floor_usage":[2,14,19,19,21,27,33,50],"damage_taken":[{"damage":12,"enemies":"2 Louse","floor":1,"turns":2},{"damage":12,"enemies":"Jaw Worm","floor":2,"turns":2},{"damage":0,"enemies":"Small Slimes","floor":5,"turns":2},{"damage":33,"enemies":"3 Sentries","floor":6,"turns":6},{"damage":8,"enemies":"Gremlin Nob","floor":8,"turns":3},{"damage":1,"enemies":"Blue Slaver","floor":14,"turns":2},{"damage":33,"enemies":"The Guardian","floor":16,"turns":6},{"damage":9,"enemies":"2 Thieves","floor":18,"turns":2},{"damage":0,"enemies":"3 Byrds","floor":19,"turns":4},{"damage":10,"enemies":"3 Cultists","floor":21,"turns":5},{"damage":23,"enemies":"Book of Stabbing","floor":24,"turns":4},{"damage":8,"enemies":"Centurion and Healer","floor":25,"turns":4},{"damage":9,"enemies":"Masked Bandits","floor":27,"turns":4},{"damage":19,"enemies":"Slavers","floor":29,"turns":6},{"damage":4,"enemies":"Snecko","floor":31,"turns":3},{"damage":16,"enemies":"Champ","floor":33,"turns":6},{"damage":5,"enemies":"3 Darklings","floor":35,"turns":4},{"damage":9,"enemies":"Giant Head","floor":41,"turns":4},{"damage":24,"enemies":"Nemesis","floor":45,"turns":3},{"damage":0,"enemies":"Orb Walker","floor":47,"turns":2},{"damage":0,"enemies":"4 Shapes","floor":48,"turns":3},{"damage":52,"enemies":"Awakened One","floor":50,"turns":7}],"seed_played":"-6032270395225913995","potions_obtained":[{"floor":1,"key":"Dexterity Potion"},{"floor":5,"key":"SteroidPotion"},{"floor":8,"key":"Block Potion"},{"floor":16,"key":"Fire Potion"},{"floor":18,"key":"FocusPotion"},{"floor":19,"key":"Fire Potion"},{"floor":25,"key":"PowerPotion"},{"floor":31,"key":"AttackPotion"},{"floor":47,"key":"SteroidPotion"}],"is_trial":false,"path_per_floor":["M","M","?","?","M","E","R","E","T","R","?","$","?","M","R","B",null,"M","M","$","M","T","R","E","M","T","?","?","E","R","M","R","B",null,"M","?","$","$","?","R","E","R","T","T","E","R","M","M","R","B",null],"character_chosen":"DEFECT","items_purchased":["Go for the Eyes","Beam Cell","Scrape","Sling","Pen Nib"],"campfire_rested":4,"item_purchase_floors":[20,37,37,37,37],"current_hp_per_floor":[70,65,58,58,65,39,61,60,60,60,60,60,49,55,55,29,64,55,62,62,59,59,59,45,46,46,46,46,34,58,56,80,73,90,92,92,92,92,92,92,85,85,85,85,63,92,92,94,94,49],"gold":206,"neow_bonus":"BOSS_RELIC","is_prod":false,"is_daily":false,"chose_seed":false,"campfire_upgraded":6,"win_rate":0,"timestamp":1543250484,"path_taken":["M","M","?","?","M","E","R","E","T","R","?","$","?","?","R","BOSS","M","M","$","?","?","R","E","M","T","?","?","E","R","M","R","BOSS","M","?","?","$","?","R","E","R","T","?","E","R","M","M","R","BOSS"],"build_version":"2018-11-15","purchased_purges":2,"victory":true,"max_hp_per_floor":[75,75,75,75,75,75,75,75,75,75,75,75,75,75,75,75,75,75,75,75,75,75,75,77,79,79,81,81,81,81,83,83,85,93,93,93,93,93,93,93,95,95,95,95,97,97,97,99,99,99],"card_choices":[{"not_picked":["Reinforced Body","Conserve Battery"],"picked":"Scrape","floor":1},{"not_picked":["Hello World","Turbo"],"picked":"Beam Cell","floor":2},{"not_picked":["Rebound","Hello World","Double Energy"],"picked":"SKIP","floor":5},{"not_picked":["Static Discharge","Ball Lightning","Consume"],"picked":"SKIP","floor":6},{"not_picked":["Double Energy","Conserve Battery","Blizzard"],"picked":"SKIP","floor":8},{"not_picked":["Genetic Algorithm","Hello World"],"picked":"Chill","floor":14},{"not_picked":["Chill","Conserve Battery","Compile Driver"],"picked":"SKIP","floor":18},{"not_picked":["Steam","Streamline","Leap"],"picked":"SKIP","floor":19},{"not_picked":["Barrage+1","Hologram"],"picked":"Go for the Eyes+1","floor":21},{"not_picked":["Compile Driver","Auto Shields+1","Hologram"],"picked":"Singing Bowl","floor":24},{"not_picked":["Hologram+1","Streamline","Cold Snap"],"picked":"Singing Bowl","floor":25},{"not_picked":["Amplify","Stack","Leap"],"picked":"Singing Bowl","floor":27},{"not_picked":["Hologram","Coolheaded"],"picked":"FTL","floor":29},{"not_picked":["Cold Snap","Heatsinks","Go for the Eyes"],"picked":"Singing Bowl","floor":31},{"not_picked":["Meteor Strike","Multi-Cast","Fission"],"picked":"Singing Bowl","floor":33},{"not_picked":["Cold Snap","Go for the Eyes","Melter"],"picked":"Singing Bowl","floor":34},{"not_picked":["Coolheaded","Stack","Ball Lightning"],"picked":"Singing Bowl","floor":34},{"not_picked":["Steam","Turbo","Heatsinks+1"],"picked":"Singing Bowl","floor":34},{"not_picked":["Turbo+1","Melter"],"picked":"Coolheaded+1","floor":34},{"not_picked":["BootSequence","Fusion+1","Conserve Battery"],"picked":"Singing Bowl","floor":34},{"not_picked":["Stack","Go for the Eyes"],"picked":"Gash","floor":35},{"not_picked":["Stack","Glacier","Consume"],"picked":"Singing Bowl","floor":41},{"not_picked":["Multi-Cast","Rebound","Redo"],"picked":"Singing Bowl","floor":45},{"not_picked":["Rebound","Steam"],"picked":"FTL+1","floor":47},{"not_picked":["Coolheaded+1","Barrage","Go for the Eyes"],"picked":"Singing Bowl","floor":48}],"player_experience":251336,"relics_obtained":[{"floor":6,"key":"Centennial Puzzle"},{"floor":8,"key":"The Courier"},{"floor":9,"key":"Bronze Scales"},{"floor":24,"key":"Singing Bowl"},{"floor":24,"key":"Darkstone Periapt"},{"floor":26,"key":"Blue Candle"},{"floor":27,"key":"Red Mask"},{"floor":29,"key":"PreservedInsect"},{"floor":29,"key":"DataDisk"},{"floor":41,"key":"Anchor"},{"floor":41,"key":"Bag of Preparation"},{"floor":43,"key":"Mercury Hourglass"},{"floor":44,"key":"Vajra"},{"floor":45,"key":"Art of War"},{"floor":45,"key":"MawBank"}],"event_choices":[{"cards_removed":["Fusion"],"damage_healed":0,"gold_gain":0,"player_choice":"Card Removal","damage_taken":7,"max_hp_gain":0,"max_hp_loss":0,"event_name":"Golden Wing","floor":3,"gold_loss":0},{"damage_healed":0,"gold_gain":0,"player_choice":"Ignored","damage_taken":0,"max_hp_gain":0,"max_hp_loss":0,"event_name":"Shining Light","floor":4,"gold_loss":0},{"cards_removed":["Fusion"],"damage_healed":0,"gold_gain":0,"player_choice":"Card Removal","damage_taken":0,"max_hp_gain":0,"max_hp_loss":0,"event_name":"The Cleric","floor":11,"gold_loss":50},{"damage_healed":0,"gold_gain":75,"player_choice":"Gather Gold","damage_taken":11,"max_hp_gain":0,"max_hp_loss":0,"event_name":"World of Goop","floor":13,"gold_loss":0},{"damage_healed":0,"gold_gain":0,"player_choice":"Fought Bandits","damage_taken":0,"max_hp_gain":0,"max_hp_loss":0,"event_name":"Masked Bandits","floor":27,"gold_loss":0},{"damage_healed":0,"gold_gain":0,"player_choice":"Ignored","damage_taken":0,"max_hp_gain":0,"max_hp_loss":0,"event_name":"Vampires","floor":28,"gold_loss":0},{"damage_healed":0,"gold_gain":0,"player_choice":"Upgraded Two","damage_taken":0,"max_hp_gain":0,"max_hp_loss":0,"event_name":"Designer","floor":36,"gold_loss":40,"cards_upgraded":["Chill","Dualcast"]},{"cards_removed":["Go for the Eyes"],"damage_healed":0,"gold_gain":0,"player_choice":"Removed Attack","damage_taken":0,"max_hp_gain":0,"max_hp_loss":0,"event_name":"Falling","floor":39,"gold_loss":0}],"is_beta":false,"boss_relics":[{"not_picked":["Fusion Hammer","White Beast Statue"],"picked":"Black Star"},{"not_picked":["Velvet Choker","Astrolabe"],"picked":"Orrery"}],"items_purged_floors":[12,20],"is_endless":false,"potions_floor_spawned":[1,5,8,16,18,19,25,31,47],"ascension_level":5}