{"gold_per_floor":[114,125,140,140,65,94,104,137,186,216,216,230,244,244,244,345,395,413,413,66,66,83,83,97,97,120,134,162,179,179,211,211,312,312,326,201,220,233,83,83,83,83,83,99,116,142,162,176,176,176],"floor_reached":50,"playtime":2081,"items_purged":["Strike_R","Strike_R","Defend_R","Defend_R"],"score":561,"play_id":"c7d53839-13d4-4097-b85d-0cfa1e584b4e","local_time":"20180923130235","is_ascension_mode":false,"campfire_choices":[{"floor":11,"key":"REST"},{"data":"Bash","floor":15,"key":"SMITH"},{"data":"Double Tap","floor":23,"key":"SMITH"},{"data":"Shrug It Off","floor":25,"key":"SMITH"},{"floor":30,"key":"REST"},{"floor":32,"key":"REST"},{"data":"Shrug It Off","floor":40,"key":"SMITH"},{"data":"Sentinel","floor":42,"key":"SMITH"},{"floor":49,"key":"REST"}],"neow_cost":"NONE","seed_source_timestamp":828782309529406,"circlet_count":0,"master_deck":["Strike_R+1","Strike_R+1","Bash+1","Rampage+1","Shrug It Off+1","Shrug It Off+1","Whirlwind+1","Double Tap+1","Headbutt+1","Sentinel+1"],"relics":["Burning Blood","Question Card","Paper Frog","Anchor","Lantern","Tiny House","Gremlin Horn","Whetstone","Regal Pillow","Blood Vial","Runic Cube","Sundial","Ancient Tea Set"],"potions_floor_usage":[16,28,33,44,45,47,50,50],"damage_taken":[{"damage":4,"enemies":"Cultist","floor":1,"turns":4},{"damage":0,"enemies":"2 Louse","floor":2,"turns":3},{"damage":8,"enemies":"Jaw Worm","floor":3,"turns":3},{"damage":30,"enemies":"Gremlin Nob","floor":6,"turns":5},{"damage":4,"enemies":"Looter","floor":7,"turns":4},{"damage":18,"enemies":"Lagavulin","floor":8,"turns":6},{"damage":28,"enemies":"Gremlin Nob","floor":10,"turns":5},{"damage":0,"enemies":"2 Fungi Beasts","floor":12,"turns":3},{"damage":0,"enemies":"Blue Slaver","floor":13,"turns":3},{"damage":27,"enemies":"Hexaghost","floor":16,"turns":7},{"damage":16,"enemies":"Shell Parasite","floor":18,"turns":6},{"damage":0,"enemies":"Chosen","floor":22,"turns":4},{"damage":34,"enemies":"Shelled Parasite and Fungi","floor":24,"turns":6},{"damage":1,"enemies":"Chosen and Byrds","floor":27,"turns":6},{"damage":25,"enemies":"Slavers","floor":28,"turns":4},{"damage":11,"enemies":"Cultist and Chosen","floor":29,"turns":4},{"damage":58,"enemies":"Book of Stabbing","floor":31,"turns":6},{"damage":82,"enemies":"Automaton","floor":33,"turns":9},{"damage":18,"enemies":"Orb Walker","floor":35,"turns":3},{"damage":32,"enemies":"3 Darklings","floor":37,"turns":4},{"damage":0,"enemies":"Reptomancer","floor":38,"turns":3},{"damage":24,"enemies":"Spire Growth","floor":44,"turns":3},{"damage":13,"enemies":"Transient","floor":45,"turns":5},{"damage":23,"enemies":"Giant Head","floor":46,"turns":6},{"damage":13,"enemies":"Sphere and 2 Shapes","floor":47,"turns":5},{"damage":11,"enemies":"Reptomancer","floor":48,"turns":4},{"damage":62,"enemies":"Time Eater","floor":50,"turns":6}],"seed_played":"-6637464749411229401","potions_obtained":[{"floor":6,"key":"SpeedPotion"},{"floor":8,"key":"SpeedPotion"},{"floor":12,"key":"SteroidPotion"},{"floor":16,"key":"BloodPotion"},{"floor":17,"key":"FairyPotion"},{"floor":29,"key":"BloodPotion"},{"floor":37,"key":"Poison Potion"},{"floor":38,"key":"Energy Potion"},{"floor":46,"key":"AttackPotion"},{"floor":47,"key":"SpeedPotion"}],"is_trial":false,"path_per_floor":["M","M","M","?","$","E","M","E","T","E","R","M","M","?","R","B",null,"M","?","$","?","M","R","M","R","T","M","E","M","R","E","R","B",null,"M","$","M","M","$","R","?","R","T","M","M","E","M","M","R"],"character_chosen":"IRONCLAD","items_purchased":["Gremlin Horn"],"campfire_rested":4,"item_purchase_floors":[20],"current_hp_per_floor":[80,80,78,78,78,54,56,44,44,22,46,52,58,58,58,37,85,75,75,75,75,81,81,53,53,53,58,47,42,82,30,70,14,85,73,73,49,57,57,57,57,57,57,41,36,21,16,13,53,0],"gold":176,"neow_bonus":"REMOVE_CARD","is_prod":false,"is_daily":false,"chose_seed":false,"campfire_upgraded":5,"win_rate":0,"timestamp":1537732955,"path_taken":["M","M","?","?","?","E","M","E","T","E","R","M","M","?","R","BOSS","M","?","$","?","M","R","M","R","T","?","E","M","R","E","R","BOSS","M","$","M","M","$","R","?","R","T","M","M","E","M","M","R","BOSS"],"build_version":"2018-09-20","purchased_purges":4,"victory":false,"max_hp_per_floor":[80,80,80,80,80,80,80,80,80,80,80,80,80,80,80,80,85,85,85,85,85,85,85,85,85,85,85,85,85,85,85,85,85,85,85,85,85,85,85,85,85,85,85,85,85,85,85,85,85,85],"card_choices":[{"not_picked":["Sword Boomerang","Shrug It Off"],"picked":"Rampage","floor":1},{"not_picked":["Clash","Entrench"],"picked":"Shrug It Off","floor":2},{"not_picked":["Warcry","Rampage","Metallicize"],"picked":"SKIP","floor":3},{"not_picked":["Sentinel","Sever Soul","Thunderclap"],"picked":"SKIP","floor":6},{"not_picked":["True Grit","Ghostly Armor","Sword Boomerang","Wild Strike"],"picked":"SKIP","floor":7},{"not_picked":["Battle Trance","Havoc","Blood for Blood"],"picked":"Shrug It Off","floor":8},{"not_picked":["Pommel Strike","Blood for Blood","Corruption","True Grit"],"picked":"SKIP","floor":10},{"not_picked":["Iron Wave","Heavy Blade","Clothesline","Armaments"],"picked":"SKIP","floor":12},{"not_picked":["Entrench","Shrug It Off","True Grit"],"picked":"Whirlwind","floor":13},{"not_picked":["Reaper","Brutality","Dark Embrace"],"picked":"Double Tap","floor":16},{"not_picked":["Pommel Strike","True Grit","Wild Strike","Rupture+1"],"picked":"SKIP","floor":18},{"not_picked":["True Grit","Second Wind","Combust"],"picked":"Headbutt+1","floor":22},{"not_picked":["Pommel Strike","Thunderclap","Bloodletting","Twin Strike"],"picked":"SKIP","floor":24},{"not_picked":["Warcry","Iron Wave+1","Rage","Wild Strike"],"picked":"SKIP","floor":27},{"not_picked":["Limit Break","Brutality","Heavy Blade","Spot Weakness+1"],"picked":"SKIP","floor":28},{"not_picked":["True Grit","Armaments","Heavy Blade","Wild Strike"],"picked":"SKIP","floor":29},{"not_picked":["Iron Wave","Clothesline+1","Immolate","Whirlwind"],"picked":"SKIP","floor":31},{"not_picked":["Headbutt","Thunderclap+1","Sever Soul","Clothesline+1"],"picked":"SKIP","floor":35},{"not_picked":["Clash+1","Warcry","Rampage+1","Evolve+1"],"picked":"SKIP","floor":37},{"not_picked":["Battle Trance+1","Pommel Strike+1","Iron Wave","Feel No Pain"],"picked":"SKIP","floor":38},{"not_picked":["Perfected Strike","Wild Strike+1","Body Slam","Flex+1"],"picked":"SKIP","floor":44},{"not_picked":["Twin Strike+1","Hemokinesis+1","Power Through","True Grit"],"picked":"SKIP","floor":45},{"not_picked":["Havoc","Immolate","Clash","Twin Strike+1"],"picked":"SKIP","floor":46},{"not_picked":["Ghostly Armor","Sword Boomerang+1","True Grit","Thunderclap+1"],"picked":"SKIP","floor":47},{"not_picked":["Entrench+1","Body Slam","Pommel Strike+1","Uppercut"],"picked":"SKIP","floor":48}],"player_experience":256546,"relics_obtained":[{"floor":6,"key":"Question Card"},{"floor":8,"key":"Paper Frog"},{"floor":9,"key":"Anchor"},{"floor":10,"key":"Lantern"},{"floor":26,"key":"Whetstone"},{"floor":28,"key":"Regal Pillow"},{"floor":31,"key":"Blood Vial"},{"floor":43,"key":"Sundial"},{"floor":46,"key":"Ancient Tea Set"}],"event_choices":[{"event_name":"Bonfire Elementals","player_choice":"BASIC","floor":4,"damage_taken":0},{"event_name":"Living Wall","player_choice":"Grow","floor":14,"damage_taken":0},{"event_name":"Match and Keep!","player_choice":"0 cards matched","floor":19,"damage_taken":0},{"event_name":"Beggar","player_choice":"Ignored","floor":21,"damage_taken":0},{"event_name":"Transmorgrifier","player_choice":"Transform","floor":41,"damage_taken":0}],"is_beta":false,"boss_relics":[{"not_picked":["Snecko Eye","Mark of Pain"],"picked":"Tiny House"},{"not_picked":["Orrery","Calling Bell"],"picked":"Runic Cube"}],"items_purged_floors":[5,20,36,39],"is_endless":false,"potions_floor_spawned":[6,8,12,16,18,27,29,31,37,38,46,47],"killed_by":"Time Eater","ascension_level":0}