{"gold_per_floor":[109,139,119,134,134,134,165,165,188,214,234,252,281,96,96,174,174,146,169,184,184],"floor_reached":21,"playtime":1232,"items_purged":[],"score":377,"play_id":"85f82626-f73d-4a0b-afc5-eef6c911511f","local_time":"20190303131948","is_ascension_mode":true,"campfire_choices":[{"data":"Bash","floor":6,"key":"SMITH"},{"data":"Armaments","floor":8,"key":"SMITH"},{"data":"Shockwave","floor":15,"key":"SMITH"}],"neow_cost":"NONE","seed_source_timestamp":755658399431698,"circlet_count":0,"master_deck":["AscendersBane","Strike_R","Strike_R","Strike_R","Strike_R+1","Defend_R","Defend_R","Defend_R","Defend_R","Bash+1","Pummel","Sword Boomerang+1","Armaments+1","Cleave","Impervious","Shockwave+1","Feed","Flex","Limit Break"],"relics":["Burning Blood","NeowsBlessing","Tiny Chest","Smiling Mask","Whetstone","Happy Flower","Blood Vial","Mark of Pain","Vajra"],"potions_floor_usage":[10,16],"damage_taken":[{"damage":0,"enemies":"Small Slimes","floor":1,"turns":1},{"damage":0,"enemies":"2 Louse","floor":4,"turns":1},{"damage":0,"enemies":"Gremlin Nob","floor":7,"turns":1},{"damage":25,"enemies":"Lagavulin","floor":10,"turns":4},{"damage":0,"enemies":"Cultist","floor":11,"turns":2},{"damage":16,"enemies":"Blue Slaver","floor":12,"turns":3},{"damage":22,"enemies":"3 Sentries","floor":13,"turns":7},{"damage":21,"enemies":"The Guardian","floor":16,"turns":10},{"damage":44,"enemies":"2 Thieves","floor":18,"turns":5},{"damage":3,"enemies":"Chosen","floor":20,"turns":3},{"damage":43,"enemies":"Masked Bandits","floor":21,"turns":3}],"seed_played":"-8656610089996991539","potions_obtained":[{"floor":1,"key":"LiquidBronze"},{"floor":3,"key":"BloodPotion"},{"floor":4,"key":"PowerPotion"},{"floor":10,"key":"Strength Potion"}],"is_trial":false,"path_per_floor":["M","?","?","M","?","R","E","R","T","E","M","M","E","$","R","B",null,"M","T","M","?"],"character_chosen":"IRONCLAD","items_purchased":["Feed","Flex"],"campfire_rested":0,"item_purchase_floors":[14,14],"current_hp_per_floor":[74,67,67,73,73,73,75,75,75,56,62,52,36,36,36,27,66,30,30,35,0],"gold":184,"neow_bonus":"THREE_ENEMY_KILL","is_prod":false,"is_daily":false,"chose_seed":false,"campfire_upgraded":3,"win_rate":0,"timestamp":1551619188,"path_taken":["M","?","?","?","?","R","E","R","T","E","M","M","E","?","R","BOSS","M","?","?","?"],"build_version":"2019-01-23","purchased_purges":0,"victory":false,"max_hp_per_floor":[75,75,75,75,75,75,75,75,75,75,75,75,75,75,75,79,79,79,79,79,79],"card_choices":[{"not_picked":["Shrug It Off","Rupture"],"picked":"Pummel","floor":1},{"not_picked":["Headbutt","Clash"],"picked":"Sword Boomerang","floor":4},{"not_picked":["Headbutt","Body Slam"],"picked":"Armaments","floor":7},{"not_picked":["Sword Boomerang","Body Slam"],"picked":"Cleave","floor":10},{"not_picked":["Heavy Blade","Clash"],"picked":"Impervious","floor":11},{"not_picked":["Twin Strike","Body Slam","Dual Wield"],"picked":"SKIP","floor":12},{"not_picked":["Intimidate","Sword Boomerang"],"picked":"Shockwave","floor":13},{"not_picked":["Double Tap","Reaper"],"picked":"Limit Break","floor":16},{"not_picked":["Headbutt","Clash","Searing Blow"],"picked":"SKIP","floor":18},{"not_picked":["Iron Wave","Armaments","Thunderclap"],"picked":"SKIP","floor":20}],"player_experience":1502142,"relics_obtained":[{"floor":7,"key":"Smiling Mask"},{"floor":9,"key":"Whetstone"},{"floor":10,"key":"Happy Flower"},{"floor":13,"key":"Blood Vial"},{"floor":19,"key":"Vajra"}],"event_choices":[{"damage_healed":0,"gold_gain":0,"player_choice":"Success","damage_taken":7,"relics_obtained":["Tiny Chest"],"max_hp_gain":0,"max_hp_loss":0,"event_name":"Scrap Ooze","floor":2,"gold_loss":0},{"damage_healed":0,"gold_gain":0,"player_choice":"Bought 1 Potion","damage_taken":0,"max_hp_gain":0,"max_hp_loss":0,"event_name":"The Woman in Blue","floor":3,"gold_loss":0},{"cards_removed":["Strike_R"],"damage_healed":0,"gold_gain":0,"player_choice":"Offered Basic","damage_taken":0,"max_hp_gain":0,"max_hp_loss":0,"event_name":"Bonfire Elementals","floor":5,"gold_loss":0},{"damage_healed":0,"gold_gain":0,"player_choice":"Fought Bandits","damage_taken":0,"max_hp_gain":0,"max_hp_loss":0,"event_name":"Masked Bandits","floor":21,"gold_loss":0}],"is_beta":false,"boss_relics":[{"not_picked":["Black Star","Empty Cage"],"picked":"Mark of Pain"}],"items_purged_floors":[],"is_endless":false,"potions_floor_spawned":[1,4,10],"killed_by":"Masked Bandits","ascension_level":14}