{"gold_per_floor":[117,130,145,145,161,188,49,60,60,60,60,70,70,99,99,195,195,210,7,26,36,51,80,80,5,5,25,35,35,50,66,66,66],"floor_reached":33,"playtime":1776,"items_purged":["Strike_B"],"score":416,"play_id":"89c83ec4-9798-4c51-af7d-b0f0c53152b6","local_time":"20181202182637","is_ascension_mode":true,"campfire_choices":[{"floor":11,"key":"REST"},{"floor":15,"key":"REST"},{"data":"Fission","floor":24,"key":"SMITH"},{"data":"Storm","floor":29,"key":"SMITH"},{"floor":32,"key":"REST"}],"neow_cost":"NONE","seed_source_timestamp":132568353352681,"circlet_count":0,"master_deck":["Strike_B","Strike_B","Strike_B","Defend_B","Defend_B","Defend_B","Zap","Dualcast","Machine Learning","Self Repair","Conserve Battery","Biased Cognition+1","Electrodynamics","Conserve Battery","Tempest","Storm+1","Fission+1","Ball Lightning"],"relics":["Cracked Core","Bottled Flame","Ginger","Gambling Chip","White Beast Statue","Toy Ornithopter","Blue Candle","Thread and Needle"],"potions_floor_usage":[5,6,14,18,20,21,22,23,27,30,31,33],"damage_taken":[{"damage":12,"enemies":"Small Slimes","floor":1,"turns":3},{"damage":1,"enemies":"Cultist","floor":2,"turns":4},{"damage":13,"enemies":"Jaw Worm","floor":3,"turns":4},{"damage":1,"enemies":"Looter","floor":5,"turns":3},{"damage":31,"enemies":"Gremlin Nob","floor":6,"turns":4},{"damage":7,"enemies":"2 Fungi Beasts","floor":8,"turns":3},{"damage":5,"enemies":"Blue Slaver","floor":12,"turns":4},{"damage":20,"enemies":"3 Sentries","floor":14,"turns":3},{"damage":36,"enemies":"Hexaghost","floor":16,"turns":9},{"damage":8,"enemies":"Chosen","floor":18,"turns":3},{"damage":22,"enemies":"2 Thieves","floor":20,"turns":2},{"damage":25,"enemies":"Snake Plant","floor":21,"turns":4},{"damage":16,"enemies":"Snecko","floor":22,"turns":5},{"damage":0,"enemies":"Gremlin Leader","floor":23,"turns":4},{"damage":0,"enemies":"3 Cultists","floor":27,"turns":2},{"damage":8,"enemies":"Snake Plant","floor":28,"turns":3},{"damage":2,"enemies":"Chosen and Byrds","floor":30,"turns":3},{"damage":38,"enemies":"Shelled Parasite and Fungi","floor":31,"turns":5},{"damage":91,"enemies":"Champ","floor":33,"turns":11}],"seed_played":"-4630664739194768798","potions_obtained":[{"floor":1,"key":"LiquidBronze"},{"floor":5,"key":"FearPotion"},{"floor":8,"key":"FocusPotion"},{"floor":12,"key":"Weak Potion"},{"floor":18,"key":"PowerPotion"},{"floor":20,"key":"Dexterity Potion"},{"floor":21,"key":"Regen Potion"},{"floor":22,"key":"SkillPotion"},{"floor":23,"key":"PowerPotion"},{"floor":27,"key":"FairyPotion"},{"floor":28,"key":"AttackPotion"},{"floor":30,"key":"Poison Potion"},{"floor":31,"key":"FearPotion"}],"is_trial":false,"path_per_floor":["M","M","M","?","M","E","$","M","T","?","R","M","$","E","R","B",null,"M","$","M","M","M","E","R","$","T","M","M","R","M","M","R","B"],"character_chosen":"DEFECT","items_purchased":["Electrodynamics","Toy Ornithopter"],"campfire_rested":3,"item_purchase_floors":[7,19],"current_hp_per_floor":[56,62,56,49,55,31,31,31,31,31,53,48,48,28,50,21,62,61,61,44,31,41,53,53,53,53,65,64,64,74,44,66,0],"gold":66,"neow_bonus":"ONE_RANDOM_RARE_CARD","is_prod":false,"is_daily":false,"chose_seed":false,"campfire_upgraded":2,"win_rate":0,"timestamp":1543771597,"path_taken":["M","M","M","?","M","E","$","M","T","?","R","M","$","E","R","BOSS","M","$","M","M","M","E","R","$","T","M","M","R","M","M","R","BOSS"],"build_version":"2018-11-15","purchased_purges":1,"victory":false,"max_hp_per_floor":[75,75,75,75,75,75,75,75,75,75,75,75,75,75,75,75,75,75,75,75,75,75,75,75,75,75,75,75,75,75,75,75,75],"card_choices":[{"not_picked":["Turbo","Compile Driver"],"picked":"Self Repair","floor":1},{"not_picked":["Aggregate","Stack","Hologram"],"picked":"SKIP","floor":2},{"not_picked":["Chaos","Rebound"],"picked":"Conserve Battery","floor":3},{"not_picked":["Conserve Battery","Gash"],"picked":"Biased Cognition","floor":5},{"not_picked":["Leap","Machine Learning","Buffer"],"picked":"SKIP","floor":6},{"not_picked":["BootSequence","Stack"],"picked":"Conserve Battery","floor":8},{"not_picked":["Beam Cell","Doom and Gloom"],"picked":"Tempest","floor":12},{"not_picked":["White Noise","Rebound"],"picked":"Storm","floor":14},{"not_picked":["Amplify","Core Surge"],"picked":"Fission","floor":16},{"not_picked":["Hologram","Rebound"],"picked":"Ball Lightning","floor":18},{"not_picked":["Conserve Battery","Scrape","Coolheaded"],"picked":"SKIP","floor":20},{"not_picked":["Chill","Melter","Go for the Eyes+1"],"picked":"SKIP","floor":21},{"not_picked":["Aggregate","Steam","Leap"],"picked":"SKIP","floor":22},{"not_picked":["Seek","Aggregate","Go for the Eyes"],"picked":"SKIP","floor":23},{"not_picked":["Gash","BootSequence+1","Sunder"],"picked":"SKIP","floor":27},{"not_picked":["Gash","Beam Cell","Steam Power+1"],"picked":"SKIP","floor":28},{"not_picked":["Leap","Barrage+1","Double Energy+1"],"picked":"SKIP","floor":30},{"not_picked":["Hyperbeam","Steam","Reprogram"],"picked":"SKIP","floor":31}],"player_experience":323294,"relics_obtained":[{"floor":6,"key":"Bottled Flame"},{"floor":9,"key":"Ginger"},{"floor":14,"key":"Gambling Chip"},{"floor":23,"key":"Blue Candle"},{"floor":26,"key":"Thread and Needle"}],"event_choices":[{"cards_removed":["Defend_B"],"damage_healed":0,"gold_gain":0,"player_choice":"Card Removal","damage_taken":7,"max_hp_gain":0,"max_hp_loss":0,"event_name":"Golden Wing","floor":4,"gold_loss":0},{"damage_healed":0,"gold_gain":0,"player_choice":"Upgraded","damage_taken":0,"max_hp_gain":0,"max_hp_loss":0,"event_name":"Upgrade Shrine","floor":10,"gold_loss":0,"cards_upgraded":["Biased Cognition"]}],"is_beta":false,"boss_relics":[{"not_picked":["Tiny House","Sozu"],"picked":"White Beast Statue"}],"items_purged_floors":[25],"is_endless":false,"potions_floor_spawned":[1,5,8,12,18,20,21,22,23,27,28,30,31],"killed_by":"Champ","ascension_level":7}