{"gold_per_floor":[110,110,127,141,158,158,184,199,199,219,238,188,188,31,31,132,132,146,162,162,87,99,133,133,467,540,553,568,578,678,757,757,856,856,870,672,689,445,445],"floor_reached":39,"playtime":1797,"items_purged":["Strike_R","Strike_R","Strike_R"],"score":500,"play_id":"ccf6b7dd-aaa1-4bfd-815b-b4a005ff60a0","local_time":"20181114143544","is_ascension_mode":false,"campfire_choices":[{"data":"Armaments","floor":6,"key":"SMITH"},{"data":"Barricade","floor":13,"key":"SMITH"},{"data":"Whirlwind","floor":15,"key":"SMITH"},{"floor":24,"key":"REST"},{"floor":32,"key":"REST"}],"neow_cost":"NONE","seed_source_timestamp":61312571780345,"circlet_count":0,"master_deck":["Defend_R","Defend_R","Defend_R","Defend_R","Bash","Clothesline","Whirlwind+1","Armaments+1","Barricade+1","Whirlwind+1","Limit Break","Metallicize+1","True Grit","Flame Barrier+1","Flex","Reaper","Enlightenment"],"relics":["Black Blood","Bronze Scales","Darkstone Periapt","Vajra","Sozu","Singing Bowl","Old Coin","Kunai","Pocketwatch","Paper Frog","Meat on the Bone","Tiny Chest"],"potions_floor_usage":[7,30,33],"damage_taken":[{"damage":0,"enemies":"Small Slimes","floor":1,"turns":3},{"damage":0,"enemies":"Cultist","floor":3,"turns":2},{"damage":6,"enemies":"Jaw Worm","floor":4,"turns":3},{"damage":18,"enemies":"Exordium Wildlife","floor":5,"turns":4},{"damage":18,"enemies":"Lagavulin","floor":7,"turns":5},{"damage":10,"enemies":"Exordium Thugs","floor":8,"turns":3},{"damage":5,"enemies":"Looter","floor":10,"turns":3},{"damage":8,"enemies":"Blue Slaver","floor":11,"turns":5},{"damage":40,"enemies":"Slime Boss","floor":16,"turns":9},{"damage":0,"enemies":"Chosen","floor":18,"turns":4},{"damage":14,"enemies":"Spheric Guardian","floor":19,"turns":5},{"damage":5,"enemies":"Chosen and Byrds","floor":22,"turns":5},{"damage":38,"enemies":"Book of Stabbing","floor":23,"turns":7},{"damage":27,"enemies":"Gremlin Leader","floor":25,"turns":6},{"damage":16,"enemies":"Snake Plant","floor":27,"turns":4},{"damage":8,"enemies":"Sentry and Sphere","floor":28,"turns":5},{"damage":0,"enemies":"3 Cultists","floor":29,"turns":2},{"damage":14,"enemies":"Colosseum Slavers","floor":30,"turns":4},{"damage":21,"enemies":"Colosseum Nobs","floor":30,"turns":3},{"damage":0,"enemies":"Champ","floor":33,"turns":8},{"damage":24,"enemies":"3 Darklings","floor":35,"turns":11},{"damage":18,"enemies":"3 Shapes","floor":37,"turns":15},{"damage":84,"enemies":"2 Orb Walkers","floor":39,"turns":4}],"seed_played":"691998995297341350","potions_obtained":[{"floor":1,"key":"Poison Potion"},{"floor":8,"key":"Ancient Potion"},{"floor":10,"key":"Strength Potion"},{"floor":16,"key":"SteroidPotion"}],"is_trial":false,"path_per_floor":["M","?","M","M","M","R","E","M","T","M","M","?","R","$","R","B",null,"M","M","?","$","M","E","R","E","T","M","M","M","?","T","R","B",null,"M","$","M","$","?"],"character_chosen":"IRONCLAD","items_purchased":["Vajra","Enlightenment","Tiny Chest"],"campfire_rested":2,"item_purchase_floors":[14,36,38],"current_hp_per_floor":[80,80,80,80,68,68,56,52,52,53,51,51,51,51,51,17,80,80,72,72,72,73,41,65,44,44,36,36,44,23,23,49,55,88,90,90,84,84,0],"gold":445,"neow_bonus":"TRANSFORM_CARD","is_prod":false,"is_daily":false,"chose_seed":false,"campfire_upgraded":3,"win_rate":0,"timestamp":1542234944,"path_taken":["M","?","?","M","M","R","E","M","T","M","M","?","R","$","R","BOSS","M","M","?","?","M","E","R","E","T","M","M","M","?","?","R","BOSS","M","$","M","$","?"],"build_version":"2018-11-08","purchased_purges":3,"victory":false,"max_hp_per_floor":[80,80,80,80,80,80,80,80,80,80,80,80,80,80,80,80,80,80,80,80,80,80,80,80,80,80,82,84,86,88,88,88,88,88,90,90,92,92,92],"card_choices":[{"not_picked":["Headbutt","Clash"],"picked":"Whirlwind","floor":1},{"not_picked":["Wild Strike","Sword Boomerang","Warcry"],"picked":"SKIP","floor":3},{"not_picked":["Havoc","Wild Strike","Rage"],"picked":"SKIP","floor":4},{"not_picked":["Second Wind","Cleave"],"picked":"Armaments","floor":5},{"not_picked":["Whirlwind","Pummel"],"picked":"Barricade","floor":7},{"not_picked":["Armaments","Wild Strike","Infernal Blade"],"picked":"SKIP","floor":8},{"not_picked":["Havoc","Armaments"],"picked":"Whirlwind","floor":10},{"not_picked":["Evolve","Bloodletting","Clash"],"picked":"SKIP","floor":11},{"not_picked":["Reaper","Double Tap"],"picked":"Limit Break","floor":16},{"not_picked":["Anger+1","Rupture"],"picked":"Metallicize+1","floor":18},{"not_picked":["Evolve","Combust","Thunderclap"],"picked":"SKIP","floor":19},{"not_picked":["Thunderclap","Perfected Strike"],"picked":"True Grit","floor":22},{"not_picked":["Shrug It Off","Pummel+1"],"picked":"Flame Barrier+1","floor":23},{"not_picked":["Headbutt","Evolve"],"picked":"Flex","floor":25},{"not_picked":["Headbutt+1","Second Wind","Perfected Strike"],"picked":"Singing Bowl","floor":27},{"not_picked":["Shrug It Off","Hemokinesis","Havoc+1"],"picked":"Singing Bowl","floor":28},{"not_picked":["Clothesline","Clash","Perfected Strike"],"picked":"Singing Bowl","floor":29},{"not_picked":["Infernal Blade","Shrug It Off","Body Slam"],"picked":"Singing Bowl","floor":30},{"not_picked":["Dark Embrace","Immolate"],"picked":"Reaper","floor":33},{"not_picked":["Dropkick","Hemokinesis","Anger+1"],"picked":"Singing Bowl","floor":35},{"not_picked":["Shrug It Off","Evolve+1","Battle Trance+1"],"picked":"Singing Bowl","floor":37}],"player_experience":335607,"relics_obtained":[{"floor":7,"key":"Bronze Scales"},{"floor":9,"key":"Darkstone Periapt"},{"floor":23,"key":"Singing Bowl"},{"floor":25,"key":"Old Coin"},{"floor":26,"key":"Kunai"},{"floor":30,"key":"Pocketwatch"},{"floor":30,"key":"Paper Frog"},{"floor":31,"key":"Meat on the Bone"}],"event_choices":[{"damage_healed":0,"gold_gain":0,"player_choice":"Upgraded","damage_taken":0,"max_hp_gain":0,"max_hp_loss":0,"event_name":"Upgrade Shrine","floor":2,"gold_loss":0,"cards_upgraded":["Whirlwind"]},{"cards_removed":["Strike_R"],"damage_healed":0,"gold_gain":0,"player_choice":"Card Removal","damage_taken":0,"max_hp_gain":0,"max_hp_loss":0,"event_name":"The Cleric","floor":12,"gold_loss":50},{"damage_healed":0,"gold_gain":0,"player_choice":"Bought 0 Potions","damage_taken":0,"max_hp_gain":0,"max_hp_loss":0,"event_name":"The Woman in Blue","floor":20,"gold_loss":0},{"damage_healed":0,"gold_gain":0,"player_choice":"Fight","damage_taken":0,"max_hp_gain":0,"max_hp_loss":0,"event_name":"Colosseum","floor":30,"gold_loss":0},{"damage_healed":0,"gold_gain":0,"player_choice":"Fought Nobs","damage_taken":0,"max_hp_gain":0,"max_hp_loss":0,"event_name":"Colosseum","floor":30,"gold_loss":0},{"damage_healed":0,"gold_gain":0,"player_choice":"Fight","damage_taken":0,"max_hp_gain":0,"max_hp_loss":0,"event_name":"Mysterious Sphere","floor":39,"gold_loss":0}],"is_beta":false,"boss_relics":[{"not_picked":["Ectoplasm","Eternal Feather"],"picked":"Sozu"},{"not_picked":["Runic Cube","Snecko Eye"],"picked":"Black Blood"}],"items_purged_floors":[21,36,38],"is_endless":false,"potions_floor_spawned":[1,8,10,16,23,25,30,30],"killed_by":"2 Orb Walkers","ascension_level":0}