{"gold_per_floor":[359,15,15,15,35,61,61,92,92,92,42,55,86,98,98,203,203,188,206,206,217,233,259,259,291,291,291],"floor_reached":27,"playtime":1785,"items_purged":[],"score":388,"play_id":"c4f859ce-2200-4c1a-9e2e-9f7b050c28b1","local_time":"20190107160750","is_ascension_mode":true,"campfire_choices":[{"data":"Shrug It Off","floor":7,"key":"SMITH"},{"data":"Defend_R","floor":15,"key":"SMITH"}],"neow_cost":"TEN_PERCENT_HP_LOSS","seed_source_timestamp":158144323714898,"circlet_count":0,"master_deck":["Strike_R","Strike_R","Strike_R","Strike_R","Strike_R","Defend_R+1","Defend_R","Defend_R+1","Defend_R+1","Bash","Pommel Strike","Shrug It Off+1","Armaments+1","Pommel Strike","Barricade","Cleave","Ghostly+1","Ghostly+1","Ghostly+1","Ghostly+1","Ghostly+1","Shrug It Off+1","Pommel Strike","True Grit+1"],"relics":["Burning Blood","Pocketwatch","Toxic Egg 2","Boot","Question Card","War Paint","Incense Burner","Black Star","Sundial","Self Forming Clay","Pantograph","Nunchaku","Thread and Needle"],"potions_floor_usage":[16,23,23],"damage_taken":[{"damage":3,"enemies":"Jaw Worm","floor":1,"turns":5},{"damage":1,"enemies":"2 Louse","floor":5,"turns":3},{"damage":24,"enemies":"3 Sentries","floor":6,"turns":10},{"damage":28,"enemies":"Gremlin Nob","floor":8,"turns":4},{"damage":0,"enemies":"Cultist","floor":12,"turns":3},{"damage":4,"enemies":"3 Sentries","floor":13,"turns":11},{"damage":0,"enemies":"2 Fungi Beasts","floor":14,"turns":4},{"damage":0,"enemies":"The Guardian","floor":16,"turns":10},{"damage":2,"enemies":"2 Thieves","floor":18,"turns":5},{"damage":20,"enemies":"3 Byrds","floor":19,"turns":6},{"damage":5,"enemies":"3 Cultists","floor":21,"turns":9},{"damage":0,"enemies":"Snecko","floor":22,"turns":9},{"damage":0,"enemies":"Gremlin Leader","floor":23,"turns":16},{"damage":8,"enemies":"Slavers","floor":25,"turns":10},{"damage":30,"enemies":"Gremlin Leader","floor":27,"turns":7}],"seed_played":"5060932147311512012","potions_obtained":[{"floor":5,"key":"Swift Potion"},{"floor":13,"key":"PowerPotion"},{"floor":14,"key":"Swift Potion"},{"floor":19,"key":"Strength Potion"},{"floor":25,"key":"Block Potion"}],"is_trial":false,"path_per_floor":["M","$","?","?","M","E","R","E","T","?","$","M","E","M","R","B",null,"M","M","?","M","M","E","?","E","T","E"],"character_chosen":"IRONCLAD","items_purchased":["Pocketwatch","Shrug It Off","PowerPotion"],"campfire_rested":0,"item_purchase_floors":[2,2,11],"current_hp_per_floor":[72,72,72,47,52,34,34,12,12,36,36,42,44,50,50,56,72,72,58,36,36,36,36,32,30,30,0],"gold":291,"neow_bonus":"TWO_FIFTY_GOLD","is_prod":false,"is_daily":false,"chose_seed":false,"campfire_upgraded":2,"win_rate":1,"timestamp":1546877270,"path_taken":["M","$","?","?","M","E","R","E","T","?","?","M","E","M","R","BOSS","M","M","?","M","M","E","?","E","T","E"],"build_version":"2019-01-03v4","purchased_purges":0,"victory":false,"max_hp_per_floor":[72,72,72,72,72,72,72,72,72,72,72,72,72,72,72,72,72,72,72,36,36,36,36,41,41,41,41],"card_choices":[{"not_picked":["Flex","Blood for Blood"],"picked":"Pommel Strike","floor":1},{"not_picked":["Perfected Strike","Anger","Flex+1"],"picked":"SKIP","floor":5},{"not_picked":["Uppercut","Shrug It Off+1"],"picked":"Armaments+1","floor":6},{"not_picked":["Clothesline","Fire Breathing","Thunderclap"],"picked":"SKIP","floor":8},{"not_picked":["Cleave","Perfected Strike","Iron Wave","Reaper"],"picked":"SKIP","floor":12},{"not_picked":["Clash","Flex+1","Burning Pact+1"],"picked":"Pommel Strike","floor":13},{"not_picked":["Bloodletting+1","Cleave","Iron Wave","Dual Wield+1"],"picked":"SKIP","floor":14},{"not_picked":["Double Tap+1","Brutality","Berserk"],"picked":"Barricade","floor":16},{"not_picked":["Sword Boomerang","Armaments+1","Seeing Red+1","Inflame"],"picked":"SKIP","floor":18},{"not_picked":["Flex+1","Inflame","Reckless Charge"],"picked":"Cleave","floor":19},{"not_picked":["Anger","Iron Wave+1","Sword Boomerang+1"],"picked":"Shrug It Off+1","floor":21},{"not_picked":["Rupture+1","Intimidate+1","Sever Soul"],"picked":"Pommel Strike","floor":22},{"not_picked":["Reckless Charge+1","Power Through+1","Clash","Heavy Blade"],"picked":"SKIP","floor":23},{"not_picked":["Reaper","Twin Strike","Fire Breathing"],"picked":"True Grit+1","floor":25}],"player_experience":5499,"relics_obtained":[{"floor":6,"key":"Boot"},{"floor":8,"key":"Question Card"},{"floor":9,"key":"War Paint"},{"floor":13,"key":"Incense Burner"},{"floor":23,"key":"Sundial"},{"floor":23,"key":"Self Forming Clay"},{"floor":25,"key":"Pantograph"},{"floor":25,"key":"Nunchaku"},{"floor":26,"key":"Thread and Needle"}],"event_choices":[{"damage_healed":0,"gold_gain":0,"player_choice":"Leave","damage_taken":0,"max_hp_gain":0,"max_hp_loss":0,"event_name":"The Cleric","floor":3,"gold_loss":0},{"damage_healed":0,"gold_gain":0,"player_choice":"Success","damage_taken":25,"relics_obtained":["Toxic Egg 2"],"max_hp_gain":0,"max_hp_loss":0,"event_name":"Scrap Ooze","floor":4,"gold_loss":0},{"damage_healed":24,"gold_gain":0,"player_choice":"Banana","damage_taken":0,"max_hp_gain":0,"max_hp_loss":0,"event_name":"Big Fish","floor":10,"gold_loss":0},{"damage_healed":0,"gold_gain":0,"player_choice":"Became a Ghost","damage_taken":0,"max_hp_gain":0,"max_hp_loss":36,"event_name":"Ghosts","floor":20,"gold_loss":0,"cards_obtained":["Ghostly","Ghostly","Ghostly","Ghostly","Ghostly"]},{"damage_healed":0,"gold_gain":0,"player_choice":"Shed Blood","damage_taken":9,"max_hp_gain":5,"max_hp_loss":0,"event_name":"Forgotten Altar","floor":24,"gold_loss":0}],"is_beta":false,"boss_relics":[{"not_picked":["Lizard Tail","Cursed Key"],"picked":"Black Star"}],"items_purged_floors":[],"is_endless":false,"potions_floor_spawned":[5,13,14,19,22,25],"killed_by":"Gremlin Leader","ascension_level":1}