{"gold_per_floor":[115,132,142,161,236,262,437,83,154,154,154,154],"floor_reached":12,"playtime":390,"items_purged":["Doubt"],"score":86,"play_id":"e453a4ed-010a-4a25-b6f7-c5edf61965ec","local_time":"20190314221803","is_ascension_mode":true,"campfire_choices":[],"neow_cost":"NONE","seed_source_timestamp":1116577819028543,"circlet_count":0,"master_deck":["Strike_B","Strike_B","Strike_B","Defend_B","Defend_B","Defend_B","Defend_B","Zap","Dualcast","Gash","Beam Cell","Coolheaded+1","Sweeping Beam","Self Repair","Self Repair","Gash","Coolheaded"],"relics":["Cracked Core","Shovel","Membership Card","Tiny Chest","Pantograph"],"potions_floor_usage":[6],"damage_taken":[{"damage":7,"enemies":"Small Slimes","floor":1,"turns":4},{"damage":2,"enemies":"Jaw Worm","floor":2,"turns":3},{"damage":2,"enemies":"2 Louse","floor":3,"turns":2},{"damage":11,"enemies":"2 Fungi Beasts","floor":4,"turns":4},{"damage":27,"enemies":"3 Sentries","floor":6,"turns":7},{"damage":9,"enemies":"Gremlin Gang","floor":12,"turns":2}],"seed_played":"-6770102696392686050","potions_obtained":[{"floor":0,"key":"SpeedPotion"},{"floor":0,"key":"Poison Potion"},{"floor":0,"key":"EssenceOfSteel"},{"floor":4,"key":"Poison Potion"}],"is_trial":false,"path_per_floor":["M","M","M","M","?","E","?","$","T","?","?","M"],"character_chosen":"DEFECT","items_purchased":["Membership Card","Self Repair","Gash","Coolheaded","Tiny Chest"],"campfire_rested":0,"item_purchase_floors":[8,8,8,8,8],"current_hp_per_floor":[68,66,64,53,42,15,15,15,15,8,8,0],"gold":154,"neow_bonus":"THREE_SMALL_POTIONS","is_prod":false,"is_daily":false,"chose_seed":false,"campfire_upgraded":0,"win_rate":0,"timestamp":1552627083,"path_taken":["M","M","M","M","?","E","?","$","T","?","?","?"],"build_version":"2019-01-23","purchased_purges":1,"victory":false,"max_hp_per_floor":[75,75,75,75,75,75,75,75,75,75,75,75],"card_choices":[{"not_picked":["Heatsinks","Compile Driver"],"picked":"Gash","floor":1},{"not_picked":["Steam Power","Aggregate"],"picked":"Beam Cell","floor":2},{"not_picked":["Recycle","Hello World"],"picked":"Coolheaded","floor":3},{"not_picked":["Beam Cell","Blizzard"],"picked":"Sweeping Beam","floor":4},{"not_picked":["Chaos","Double Energy"],"picked":"Self Repair","floor":6}],"player_experience":29770,"relics_obtained":[{"floor":6,"key":"Shovel"},{"floor":9,"key":"Pantograph"}],"event_choices":[{"damage_healed":0,"gold_gain":75,"player_choice":"Gather Gold","damage_taken":11,"max_hp_gain":0,"max_hp_loss":0,"event_name":"World of Goop","floor":5,"gold_loss":0},{"damage_healed":0,"gold_gain":175,"player_choice":"AGREE","damage_taken":0,"max_hp_gain":0,"max_hp_loss":0,"event_name":"Liars Game","floor":7,"gold_loss":0,"cards_obtained":["Doubt"]},{"cards_removed":["Strike_B"],"damage_healed":0,"gold_gain":0,"player_choice":"Card Removal","damage_taken":7,"max_hp_gain":0,"max_hp_loss":0,"event_name":"Golden Wing","floor":10,"gold_loss":0},{"damage_healed":0,"gold_gain":0,"player_choice":"Forge","damage_taken":0,"max_hp_gain":0,"max_hp_loss":0,"event_name":"Accursed Blacksmith","floor":11,"gold_loss":0,"cards_upgraded":["Coolheaded"]}],"is_beta":false,"boss_relics":[],"items_purged_floors":[8],"is_endless":false,"potions_floor_spawned":[4],"killed_by":"Gremlin Gang","ascension_level":2}