{"gold_per_floor":[112,129,229,239,252,287,303,303,328,342,342,342,354,389,389,494,494,508,508,527,271,271,271,304,304,304,329,279,312,312,326,326,422,422,438,438,236,254,274,274,306,356,356,370,380,400,413,413,413,413],"floor_reached":51,"playtime":2474,"items_purged":["True Grit","Havoc","Perfected Strike"],"score":774,"play_id":"a14142ea-6a82-4682-857e-7b4e3285b3b2","local_time":"20181130035052","is_ascension_mode":false,"campfire_choices":[{"data":"Flex","floor":8,"key":"SMITH"},{"data":"Pummel","floor":11,"key":"SMITH"},{"floor":15,"key":"REST"},{"data":"Heavy Blade","floor":23,"key":"SMITH"},{"data":"Pommel Strike","floor":25,"key":"SMITH"},{"floor":32,"key":"REST"},{"data":"Sword Boomerang","floor":40,"key":"SMITH"},{"floor":49,"key":"REST"}],"neow_cost":"NONE","seed_source_timestamp":18563143600945,"circlet_count":0,"master_deck":["Bash","Heavy Blade+1","Flex+1","Pummel+1","Pommel Strike+1","Reaper","Pommel Strike","Twin Strike","Sword Boomerang+1","Warcry","Twin Strike+1","Whirlwind+1","Flex+1","Flex+1","Double Tap+1","Double Tap+1","Inflame+1","Spot Weakness+1"],"relics":["Black Blood","Smiling Mask","Boot","Pandora\u0027s Box","Orichalcum","DollysMirror","Pen Nib","Matryoshka","Toxic Egg 2","Blue Candle","Regal Pillow","Du-Vu Doll","Bag of Preparation","Blood Vial","Peace Pipe","Bag of Marbles","Mummified Hand","Singing Bowl"],"potions_floor_usage":[7,10,14,16,27,31,33,41,41,42,42,45],"damage_taken":[{"damage":7,"enemies":"2 Louse","floor":1,"turns":3},{"damage":1,"enemies":"Cultist","floor":2,"turns":3},{"damage":8,"enemies":"Jaw Worm","floor":4,"turns":4},{"damage":11,"enemies":"Lots of Slimes","floor":5,"turns":5},{"damage":15,"enemies":"Gremlin Nob","floor":6,"turns":4},{"damage":22,"enemies":"Large Slime","floor":7,"turns":5},{"damage":8,"enemies":"Exordium Wildlife","floor":10,"turns":3},{"damage":1,"enemies":"2 Fungi Beasts","floor":13,"turns":2},{"damage":22,"enemies":"3 Sentries","floor":14,"turns":4},{"damage":13,"enemies":"Slime Boss","floor":16,"turns":6},{"damage":22,"enemies":"2 Thieves","floor":18,"turns":4},{"damage":12,"enemies":"Shell Parasite","floor":20,"turns":3},{"damage":22,"enemies":"Gremlin Leader","floor":24,"turns":5},{"damage":33,"enemies":"Book of Stabbing","floor":27,"turns":4},{"damage":32,"enemies":"Slavers","floor":29,"turns":5},{"damage":6,"enemies":"Centurion and Healer","floor":31,"turns":2},{"damage":16,"enemies":"Collector","floor":33,"turns":6},{"damage":3,"enemies":"3 Shapes","floor":35,"turns":2},{"damage":0,"enemies":"Orb Walker","floor":38,"turns":1},{"damage":0,"enemies":"Spire Growth","floor":39,"turns":2},{"damage":14,"enemies":"Giant Head","floor":41,"turns":5},{"damage":58,"enemies":"2 Orb Walkers","floor":42,"turns":4},{"damage":0,"enemies":"Transient","floor":44,"turns":5},{"damage":6,"enemies":"Jaw Worm Horde","floor":45,"turns":1},{"damage":19,"enemies":"Maw","floor":46,"turns":3},{"damage":15,"enemies":"4 Shapes","floor":47,"turns":3},{"damage":112,"enemies":"Awakened One","floor":50,"turns":7}],"seed_played":"-858263122208630325","potions_obtained":[{"floor":6,"key":"PowerPotion"},{"floor":7,"key":"PowerPotion"},{"floor":13,"key":"Strength Potion"},{"floor":14,"key":"Fire Potion"},{"floor":24,"key":"Swift Potion"},{"floor":29,"key":"FearPotion"},{"floor":31,"key":"Ancient Potion"},{"floor":39,"key":"EntropicBrew"},{"floor":42,"key":"Weak Potion"},{"floor":44,"key":"SkillPotion"},{"floor":46,"key":"Dexterity Potion"}],"is_trial":false,"path_per_floor":["M","M","?","M","M","E","M","R","T","M","R","?","M","E","R","B",null,"M","?","M","$","?","R","E","R","T","E","$","E","T","M","R","B",null,"M","?","$","M","M","R","E","?","T","M","M","M","M","T","R","B",null],"character_chosen":"IRONCLAD","items_purchased":["DollysMirror","Bag of Preparation"],"campfire_rested":3,"item_purchase_floors":[21,37],"current_hp_per_floor":[87,88,88,86,81,72,56,56,56,54,54,54,59,43,69,62,88,84,84,78,78,78,78,62,62,62,47,47,21,21,21,62,52,88,88,88,88,88,88,88,84,49,49,61,67,60,59,59,88,32],"gold":413,"neow_bonus":"TEN_PERCENT_HP_BONUS","is_prod":false,"is_daily":false,"chose_seed":false,"campfire_upgraded":5,"win_rate":0,"timestamp":1543546252,"path_taken":["M","M","?","M","M","E","?","R","T","M","R","?","M","E","R","BOSS","M","?","?","$","?","R","E","R","T","E","$","E","?","M","R","BOSS","M","?","$","M","M","R","E","?","T","M","M","M","M","?","R","BOSS"],"build_version":"2018-11-15","purchased_purges":3,"victory":true,"max_hp_per_floor":[88,88,88,88,88,88,88,88,88,88,88,88,88,88,88,88,88,88,88,88,88,88,88,88,88,88,88,88,88,88,88,88,88,88,88,88,88,88,88,88,88,88,88,88,88,88,88,88,88,88],"card_choices":[{"not_picked":["Anger","Flame Barrier"],"picked":"Heavy Blade","floor":1},{"not_picked":["Perfected Strike","Disarm","Wild Strike"],"picked":"SKIP","floor":2},{"not_picked":["True Grit","Blood for Blood"],"picked":"Flex","floor":4},{"not_picked":["Cleave","Carnage","Armaments"],"picked":"SKIP","floor":5},{"not_picked":["Rampage","Evolve"],"picked":"Shockwave","floor":6},{"not_picked":["Cleave","Inflame"],"picked":"Pummel","floor":7},{"not_picked":["Iron Wave","Feel No Pain","Shockwave"],"picked":"SKIP","floor":10},{"not_picked":["Brutality","Dual Wield"],"picked":"Pommel Strike","floor":13},{"not_picked":["Cleave","Hemokinesis","Havoc"],"picked":"SKIP","floor":14},{"not_picked":["Exhume","Immolate"],"picked":"Reaper","floor":16},{"not_picked":["Cleave","Body Slam+1"],"picked":"Twin Strike+1","floor":18},{"not_picked":["Inflame","Shockwave+1"],"picked":"Whirlwind+1","floor":20},{"not_picked":["Feel No Pain","Immolate","Bludgeon"],"picked":"SKIP","floor":24},{"not_picked":["Juggernaut","Shrug It Off+1"],"picked":"Flex","floor":27},{"not_picked":["Heavy Blade","Wild Strike+1","Evolve+1"],"picked":"SKIP","floor":29},{"not_picked":["Heavy Blade+1","Combust"],"picked":"Double Tap+1","floor":31},{"not_picked":["Brutality","Fiend Fire"],"picked":"Double Tap+1","floor":33},{"not_picked":["Flex+1","Warcry+1","Bloodletting+1"],"picked":"SKIP","floor":35},{"not_picked":["Hemokinesis","Rampage","Clash"],"picked":"SKIP","floor":38},{"not_picked":["Pommel Strike","True Grit+1","Ghostly Armor+1"],"picked":"SKIP","floor":39},{"not_picked":["Cleave+1","Double Tap+1","Flex+1"],"picked":"SKIP","floor":41},{"not_picked":["Flex+1","Cleave"],"picked":"Inflame+1","floor":42},{"not_picked":["Iron Wave+1","Carnage+1","Perfected Strike+1"],"picked":"SKIP","floor":44},{"not_picked":["Ghostly Armor+1","Wild Strike+1"],"picked":"Spot Weakness+1","floor":45},{"not_picked":["Flex+1","Ghostly Armor+1","Anger"],"picked":"SKIP","floor":46},{"not_picked":["Perfected Strike+1","Havoc+1","Cleave+1"],"picked":"SKIP","floor":47}],"player_experience":297515,"relics_obtained":[{"floor":6,"key":"Smiling Mask"},{"floor":14,"key":"Boot"},{"floor":24,"key":"Pen Nib"},{"floor":26,"key":"Matryoshka"},{"floor":27,"key":"Toxic Egg 2"},{"floor":29,"key":"Blue Candle"},{"floor":30,"key":"Regal Pillow"},{"floor":30,"key":"Du-Vu Doll"},{"floor":41,"key":"Blood Vial"},{"floor":42,"key":"Peace Pipe"},{"floor":43,"key":"Bag of Marbles"},{"floor":43,"key":"Mummified Hand"},{"floor":48,"key":"Singing Bowl"}],"event_choices":[{"damage_healed":0,"gold_gain":100,"player_choice":"Gold","damage_taken":0,"max_hp_gain":0,"max_hp_loss":0,"event_name":"Wheel of Change","floor":3,"gold_loss":0},{"damage_healed":0,"gold_gain":0,"player_choice":"Ignored","damage_taken":0,"max_hp_gain":0,"max_hp_loss":0,"event_name":"Shining Light","floor":12,"gold_loss":0},{"cards_removed":["Armaments"],"damage_healed":0,"gold_gain":0,"player_choice":"Gave Card","damage_taken":0,"relics_obtained":["Orichalcum"],"max_hp_gain":0,"max_hp_loss":0,"event_name":"WeMeetAgain","floor":19,"gold_loss":0},{"cards_removed":["Havoc"],"damage_healed":0,"gold_gain":0,"player_choice":"Elegance","damage_taken":0,"max_hp_gain":0,"max_hp_loss":0,"event_name":"Back to Basics","floor":22,"gold_loss":0},{"cards_removed":["Shockwave"],"damage_healed":0,"gold_gain":0,"player_choice":"Removed Skill","damage_taken":0,"max_hp_gain":0,"max_hp_loss":0,"event_name":"Falling","floor":36,"gold_loss":0},{"damage_healed":0,"gold_gain":0,"player_choice":"Fight","damage_taken":0,"max_hp_gain":0,"max_hp_loss":0,"event_name":"Mysterious Sphere","floor":42,"gold_loss":0}],"is_beta":false,"boss_relics":[{"not_picked":["Busted Crown","Sozu"],"picked":"Pandora\u0027s Box"},{"not_picked":["Coffee Dripper","Snecko Eye"],"picked":"Black Blood"}],"items_purged_floors":[21,28,37],"is_endless":false,"potions_floor_spawned":[6,7,13,14,24,29,31,39,42,44,46],"ascension_level":0}