{"gold_per_floor":[113,125,141,44,56,56,88,107,156,331,359,359,378,395,395,497,497,514,534,184,184,184,211,211,224,224,238,258,268,268,268,268,366,366,376,396,396],"floor_reached":37,"playtime":6529,"items_purged":["Strike_B","Doubt"],"score":495,"play_id":"d8a22fd7-0054-4a7b-9700-eeb3e4eb5f5d","local_time":"20190424092034","is_ascension_mode":true,"campfire_choices":[{"data":"Zap","floor":6,"key":"SMITH"},{"data":"Fission","floor":12,"key":"SMITH"},{"data":"Dualcast","floor":15,"key":"SMITH"},{"data":"Loop","floor":24,"key":"SMITH"},{"data":"White Noise","floor":30,"key":"SMITH"},{"data":"White Noise","floor":32,"key":"SMITH"}],"neow_cost":"TEN_PERCENT_HP_LOSS","seed_source_timestamp":1211679682247500,"circlet_count":0,"master_deck":["Defend_B","Defend_B","Zap+1","Dualcast+1","Cold Snap","Self Repair","Conserve Battery","Go for the Eyes","Ball Lightning","Fission+1","Cold Snap","BootSequence","Core Surge","Blizzard+1","BootSequence+1","Hologram+1","Loop+1","Reinforced Body","Hyperbeam","Biased Cognition+1","Biased Cognition","Blizzard","White Noise+1","White Noise+1","Creative AI","Capacitor"],"relics":["Cracked Core","Mango","Oddly Smooth Stone","Bag of Marbles","Matryoshka","Astrolabe","Mercury Hourglass","Smiling Mask","Happy Flower","Pen Nib","Nilry\u0027s Codex","Inserter"],"potions_floor_usage":[7,7,14,23,29,37,37,37],"damage_taken":[{"damage":11,"enemies":"2 Louse","floor":1,"turns":3},{"damage":11,"enemies":"Jaw Worm","floor":2,"turns":4},{"damage":0,"enemies":"Cultist","floor":3,"turns":3},{"damage":5,"enemies":"Looter","floor":5,"turns":4},{"damage":8,"enemies":"Lagavulin","floor":7,"turns":6},{"damage":0,"enemies":"Blue Slaver","floor":8,"turns":3},{"damage":20,"enemies":"Gremlin Nob","floor":11,"turns":4},{"damage":0,"enemies":"Exordium Wildlife","floor":13,"turns":3},{"damage":2,"enemies":"Red Slaver","floor":14,"turns":3},{"damage":18,"enemies":"The Guardian","floor":16,"turns":16},{"damage":0,"enemies":"Spheric Guardian","floor":18,"turns":4},{"damage":9,"enemies":"Shell Parasite","floor":19,"turns":8},{"damage":0,"enemies":"Slavers","floor":23,"turns":3},{"damage":25,"enemies":"Snake Plant","floor":25,"turns":5},{"damage":0,"enemies":"3 Cultists","floor":27,"turns":3},{"damage":11,"enemies":"Sentry and Sphere","floor":28,"turns":4},{"damage":18,"enemies":"Snake Plant","floor":29,"turns":4},{"damage":7,"enemies":"Champ","floor":33,"turns":13},{"damage":28,"enemies":"Orb Walker","floor":35,"turns":5},{"damage":13,"enemies":"3 Shapes","floor":36,"turns":3},{"damage":50,"enemies":"Jaw Worm Horde","floor":37,"turns":4}],"seed_played":"-7501255099438066484","potions_obtained":[{"floor":2,"key":"Fire Potion"},{"floor":3,"key":"Strength Potion"},{"floor":11,"key":"Explosive Potion"},{"floor":13,"key":"Weak Potion"},{"floor":16,"key":"Fire Potion"},{"floor":18,"key":"LiquidBronze"},{"floor":27,"key":"EssenceOfSteel"},{"floor":29,"key":"Dexterity Potion"}],"is_trial":false,"path_per_floor":["M","M","M","$","M","R","E","M","T","?","E","R","M","M","R","B",null,"M","M","$","?","?","E","R","M","T","M","M","M","R","?","R","B",null,"M","M","M"],"character_chosen":"DEFECT","items_purchased":["Conserve Battery","Mercury Hourglass"],"campfire_rested":0,"item_purchase_floors":[4,20],"current_hp_per_floor":[71,60,60,60,62,62,61,68,68,68,55,55,62,67,67,56,82,82,80,80,80,80,82,82,64,64,71,67,56,56,40,40,40,82,54,41,0],"gold":396,"neow_bonus":"ONE_RARE_RELIC","is_prod":false,"is_daily":false,"chose_seed":false,"campfire_upgraded":6,"win_rate":0,"timestamp":1556090434,"path_taken":["M","M","M","$","M","R","E","M","T","?","E","R","M","M","R","BOSS","M","M","$","?","?","E","R","?","T","M","M","M","R","?","R","BOSS","M","M","M"],"build_version":"2019-01-23","purchased_purges":2,"victory":false,"max_hp_per_floor":[82,82,82,82,82,82,82,82,82,82,82,82,82,82,82,82,82,82,82,82,82,82,82,82,82,82,82,82,82,82,82,82,82,82,82,82,82],"card_choices":[{"not_picked":["Ball Lightning","Turbo"],"picked":"Cold Snap","floor":1},{"not_picked":["Doom and Gloom","Force Field","Compile Driver"],"picked":"SKIP","floor":2},{"not_picked":["Heatsinks","Barrage"],"picked":"Self Repair","floor":3},{"not_picked":["Compile Driver","Steam Power"],"picked":"Go for the Eyes","floor":5},{"not_picked":["Rebound","Steam"],"picked":"Ball Lightning","floor":7},{"not_picked":["Compile Driver","Beam Cell"],"picked":"Fission","floor":8},{"not_picked":["Chaos","Steam"],"picked":"Cold Snap","floor":11},{"not_picked":["Rip and Tear","Sweeping Beam","Lockon"],"picked":"SKIP","floor":13},{"not_picked":["Scrape","Machine Learning"],"picked":"BootSequence","floor":14},{"not_picked":["Machine Learning","Amplify"],"picked":"Core Surge","floor":16},{"not_picked":["Steam Power","Streamline"],"picked":"Loop","floor":18},{"not_picked":["Turbo","Steam"],"picked":"Reinforced Body","floor":19},{"not_picked":["Darkness","Sweeping Beam"],"picked":"Biased Cognition","floor":23},{"not_picked":["Streamline+1","Lockon+1"],"picked":"Blizzard","floor":25},{"not_picked":["Steam+1","Stack","Rip and Tear"],"picked":"SKIP","floor":27},{"not_picked":["Ball Lightning","Coolheaded"],"picked":"White Noise","floor":28},{"not_picked":["Auto Shields","Steam"],"picked":"White Noise","floor":29},{"not_picked":["Electrodynamics","Core Surge"],"picked":"Creative AI","floor":33},{"not_picked":["Chaos+1","Double Energy","Gash+1"],"picked":"SKIP","floor":35},{"not_picked":["Stack+1","Beam Cell"],"picked":"Capacitor","floor":36}],"player_experience":656584,"relics_obtained":[{"floor":7,"key":"Oddly Smooth Stone"},{"floor":9,"key":"Bag of Marbles"},{"floor":11,"key":"Matryoshka"},{"floor":23,"key":"Smiling Mask"},{"floor":26,"key":"Happy Flower"},{"floor":26,"key":"Pen Nib"},{"floor":31,"key":"Nilry\u0027s Codex"}],"event_choices":[{"damage_healed":0,"gold_gain":175,"player_choice":"AGREE","damage_taken":0,"max_hp_gain":0,"max_hp_loss":0,"event_name":"Liars Game","floor":10,"gold_loss":0,"cards_obtained":["Doubt"]},{"damage_healed":0,"gold_gain":0,"cards_transformed":["Defend_B","Defend_B"],"player_choice":"Became Test Subject","damage_taken":0,"max_hp_gain":0,"max_hp_loss":0,"event_name":"Drug Dealer","floor":21,"gold_loss":0,"cards_obtained":["Hyperbeam","Biased Cognition"]},{"damage_healed":0,"gold_gain":0,"player_choice":"Forge","damage_taken":0,"max_hp_gain":0,"max_hp_loss":0,"event_name":"Accursed Blacksmith","floor":22,"gold_loss":0,"cards_upgraded":["Biased Cognition"]},{"damage_healed":0,"gold_gain":0,"player_choice":"Obtained Book","damage_taken":16,"max_hp_gain":0,"max_hp_loss":0,"event_name":"Cursed Tome","floor":31,"gold_loss":0}],"is_beta":false,"boss_relics":[{"not_picked":["Runic Dome","Velvet Choker"],"picked":"Astrolabe"},{"not_picked":["Sozu","Tiny House"],"picked":"Inserter"}],"items_purged_floors":[4,20],"is_endless":false,"potions_floor_spawned":[2,3,11,13,16,18,27,28,29],"killed_by":"Jaw Worm Horde","ascension_level":3}