{"gold_per_floor":[119,136,154,154,104,138,157,189,215,215,248,248,262,281,281,353,353,373,373,288,105,105,132,51,80,103,133,133,165,176,60,60,134,134,154,154,254,254,273,308,94,121,121,121,7,26,0,0,0,0,0,0,0,30,30],"floor_reached":56,"playtime":12031,"items_purged":[],"score":2232,"play_id":"1490eb64-4c71-4738-a075-4a2aa0e9c05f","local_time":"20190428002026","is_ascension_mode":true,"campfire_choices":[{"floor":10.0,"key":"REST"},{"data":"Armaments","floor":12.0,"key":"SMITH"},{"data":"Inflame","floor":15.0,"key":"SMITH"},{"floor":32,"key":"REST"},{"floor":44,"key":"REST"},{"floor":49,"key":"RECALL"},{"floor":52,"key":"REST"}],"neow_cost":"NONE","seed_source_timestamp":0,"circlet_count":0,"master_deck":["AscendersBane","Strike_R","Strike_R","Strike_R","Strike_R","Defend_R","Defend_R+1","Defend_R+1","Defend_R","Bash","Trip","Thunderclap","Inflame+1","Inflame","Shrug It Off","Armaments+1","Offering","Limit Break","Spot Weakness","Corruption+1","Uppercut+1","Shrug It Off+1","Entrench","Body Slam","Feel No Pain+1","Feel No Pain+1","Offering","Disarm+1","Dual Wield","Juggernaut+1","True Grit","Rupture+1","Impervious","Shrug It Off+1","Second Wind","Metallicize+1"],"special_seed":0,"relics":["Burning Blood","War Paint","Pen Nib","Potion Belt","Anchor","Fusion Hammer","Dead Branch","Bag of Preparation","Frozen Egg 2","Art of War","Centennial Puzzle","Ancient Tea Set","The Courier","Bag of Marbles","Black Star","Du-Vu Doll","Omamori","Regal Pillow","Kunai","Vajra","Dream Catcher","PreservedInsect","Red Mask","Blue Candle","Pantograph"],"potions_floor_usage":[33,40,42,50,54,55,55,55,55],"damage_taken":[{"damage":2.0,"enemies":"Small Slimes","floor":1.0,"turns":4.0},{"damage":4.0,"enemies":"2 Louse","floor":2.0,"turns":2.0},{"damage":7.0,"enemies":"Jaw Worm","floor":3.0,"turns":3.0},{"damage":38.0,"enemies":"3 Sentries","floor":6.0,"turns":6.0},{"damage":12.0,"enemies":"Large Slime","floor":7.0,"turns":7.0},{"damage":34.0,"enemies":"Gremlin Nob","floor":8.0,"turns":4.0},{"damage":19.0,"enemies":"Lagavulin","floor":11.0,"turns":6.0},{"damage":0.0,"enemies":"2 Fungi Beasts","floor":13.0,"turns":4.0},{"damage":6.0,"enemies":"Red Slaver","floor":14.0,"turns":3.0},{"damage":12.0,"enemies":"Hexaghost","floor":16.0,"turns":8.0},{"damage":12.0,"enemies":"Shell Parasite","floor":18.0,"turns":4.0},{"damage":6,"enemies":"Gremlin Leader","floor":23,"turns":3},{"damage":16,"enemies":"Book of Stabbing","floor":25,"turns":4},{"damage":10,"enemies":"Gremlin Leader","floor":27,"turns":4},{"damage":12,"enemies":"Book of Stabbing","floor":29,"turns":3},{"damage":0,"enemies":"Spheric Guardian","floor":30,"turns":3},{"damage":6,"enemies":"Collector","floor":33,"turns":5},{"damage":0,"enemies":"Orb Walker","floor":35,"turns":2},{"damage":6,"enemies":"Mind Bloom Boss Battle","floor":37,"turns":5},{"damage":12,"enemies":"3 Darklings","floor":39,"turns":3},{"damage":39,"enemies":"Giant Head","floor":40,"turns":8},{"damage":6,"enemies":"Nemesis","floor":42,"turns":5},{"damage":12,"enemies":"Spire Growth","floor":46,"turns":3},{"damage":17,"enemies":"Awakened One","floor":50,"turns":6},{"damage":17,"enemies":"Shield and Spear","floor":54,"turns":3},{"damage":18,"enemies":"The Heart","floor":55,"turns":7}],"seed_played":"7369923323510733712","potions_obtained":[{"floor":6.0,"key":"Explosive Potion"},{"floor":7.0,"key":"Fire Potion"},{"floor":8.0,"key":"Swift Potion"},{"floor":11.0,"key":"Block Potion"},{"floor":16.0,"key":"Explosive Potion"},{"floor":25,"key":"SneckoOil"},{"floor":37,"key":"EntropicBrew"},{"floor":38,"key":"Block Potion"},{"floor":40,"key":"BloodPotion"},{"floor":42,"key":"AttackPotion"}],"is_trial":false,"path_per_floor":["M","M","M","?","?","E","M","E","T","R","E","R","M","M","R","B",null,"M","?","?","$","?","E","$","E","T","E","T","E","M","$","R","B",null,"M","?","?","?","M","E","$","E","T","R","$","M","?","$","R","B",null,"R","$","E","B",null],"character_chosen":"IRONCLAD","items_purchased":["Spot Weakness","Bag of Preparation","Corruption+1","Feel No Pain+1","Feel No Pain+1","Kunai","True Grit","PreservedInsect"],"campfire_rested":4,"item_purchase_floors":[21,21,24,31,31,41,41,45],"current_hp_per_floor":[72,74,73,73,73,41,35,7,7,29,16,16,22,22,22,16,60,54,40,40,40,66,66,66,56,56,52,52,46,52,52,76,76,79,80,80,80,80,74,41,41,49,49,80,80,74,74,74,74,63,76,80,80,69,77],"gold":30,"neow_bonus":"RANDOM_COLORLESS","is_prod":false,"is_daily":false,"chose_seed":false,"campfire_upgraded":2,"win_rate":0,"timestamp":1556436026,"path_taken":["M","M","M","?","?","E","M","E","T","R","E","R","M","M","R","BOSS","M","?","?","$","?","E","$","E","T","E","?","E","M","?","R","BOSS","M","?","?","?","M","E","$","E","T","R","$","?","?","?","R","BOSS","R","$","E","BOSS"],"build_version":"2019-01-23","purchased_purges":0,"victory":true,"max_hp_per_floor":[75,75,75,75,75,75,75,75,75,75,75,75,75,75,75,75,75,75,80,80,80,80,80,80,80,80,80,80,80,80,80,80,80,80,80,80,80,80,80,80,80,80,80,80,80,80,80,80,80,80,80,80,80,80,80],"card_choices":[{"not_picked":["Sentinel","Power Through"],"picked":"Thunderclap","floor":1.0},{"not_picked":["Burning Pact","Seeing Red"],"picked":"Inflame","floor":2.0},{"not_picked":["Cleave","Rupture"],"picked":"Inflame","floor":3.0},{"not_picked":["Pummel","Headbutt"],"picked":"Shrug It Off","floor":6.0},{"not_picked":["Body Slam","Seeing Red","True Grit"],"picked":"SKIP","floor":7.0},{"not_picked":["Intimidate","Feel No Pain"],"picked":"Armaments","floor":8.0},{"not_picked":["Reckless Charge","Armaments"],"picked":"Offering","floor":11.0},{"not_picked":["Metallicize","Cleave"],"picked":"Anger","floor":13.0},{"not_picked":["Reckless Charge","Armaments","Body Slam"],"picked":"SKIP","floor":14.0},{"not_picked":["Exhume","Dark Embrace"],"picked":"Limit Break","floor":16.0},{"not_picked":["Body Slam","Pommel Strike","True Grit"],"picked":"SKIP","floor":18.0},{"not_picked":["Hemokinesis","Clothesline","Double Tap"],"picked":"SKIP","floor":23},{"not_picked":["Fire Breathing+1","Sword Boomerang"],"picked":"Uppercut+1","floor":25},{"not_picked":["Ghostly Armor","Shockwave"],"picked":"Shrug It Off+1","floor":27},{"not_picked":["Combust+1","Pommel Strike"],"picked":"Entrench","floor":29},{"not_picked":["Hemokinesis","Whirlwind"],"picked":"Body Slam","floor":30},{"not_picked":["Exhume","Berserk+1"],"picked":"Offering","floor":33},{"not_picked":["Havoc","Second Wind"],"picked":"Disarm+1","floor":35},{"not_picked":["Iron Wave","True Grit"],"picked":"Dual Wield","floor":39},{"not_picked":["Flex","Combust+1"],"picked":"Juggernaut+1","floor":40},{"not_picked":["Twin Strike","Perfected Strike"],"picked":"Rupture+1","floor":42},{"not_picked":["True Grit","Seeing Red"],"picked":"Impervious","floor":44},{"not_picked":["Rampage","Headbutt+1"],"picked":"Shrug It Off+1","floor":46},{"not_picked":["Entrench+1","Sword Boomerang"],"picked":"Second Wind","floor":52},{"not_picked":["Flex+1","True Grit"],"picked":"Metallicize+1","floor":54}],"player_experience":336830,"relics_obtained":[{"floor":6.0,"key":"War Paint"},{"floor":8.0,"key":"Pen Nib"},{"floor":9.0,"key":"Potion Belt"},{"floor":11.0,"key":"Anchor"},{"floor":23,"key":"Frozen Egg 2"},{"floor":25,"key":"Art of War"},{"floor":26,"key":"Centennial Puzzle"},{"floor":27,"key":"Ancient Tea Set"},{"floor":28,"key":"The Courier"},{"floor":29,"key":"Bag of Marbles"},{"floor":37,"key":"Du-Vu Doll"},{"floor":40,"key":"Omamori"},{"floor":40,"key":"Regal Pillow"},{"floor":42,"key":"Vajra"},{"floor":42,"key":"Dream Catcher"},{"floor":54,"key":"Blue Candle"},{"floor":54,"key":"Pantograph"}],"event_choices":[{"damage_healed":0.0,"max_hp_gain":0.0,"max_hp_loss":0.0,"gold_gain":0.0,"event_name":"Liars Game","player_choice":"Ignored","floor":4.0,"gold_loss":0.0,"damage_taken":0.0},{"cards_removed":["Strike_R"],"damage_healed":0.0,"max_hp_gain":0.0,"max_hp_loss":0.0,"gold_gain":0.0,"event_name":"The Cleric","player_choice":"Card Removal","floor":5.0,"gold_loss":50.0,"damage_taken":0.0},{"damage_healed":0.0,"max_hp_gain":5.0,"max_hp_loss":0.0,"gold_gain":0.0,"event_name":"Forgotten Altar","player_choice":"Shed Blood","floor":19.0,"gold_loss":0.0,"damage_taken":19.0},{"damage_healed":0.0,"max_hp_gain":0.0,"max_hp_loss":0.0,"gold_gain":0.0,"event_name":"Addict","player_choice":"Obtained Relic","floor":20.0,"gold_loss":85.0,"damage_taken":0.0,"relics_obtained":["Dead Branch"]},{"damage_healed":26,"gold_gain":0,"player_choice":"Heal","damage_taken":0,"max_hp_gain":0,"max_hp_loss":0,"event_name":"The Library","floor":22,"gold_loss":0},{"cards_removed":["Anger"],"damage_healed":0,"gold_gain":0,"player_choice":"Removed Attack","damage_taken":0,"max_hp_gain":0,"max_hp_loss":0,"event_name":"Falling","floor":36,"gold_loss":0},{"damage_healed":0,"gold_gain":0,"player_choice":"Fight","damage_taken":0,"max_hp_gain":0,"max_hp_loss":0,"event_name":"MindBloom","floor":37,"gold_loss":0},{"damage_healed":0,"gold_gain":0,"player_choice":"Got Potions","damage_taken":0,"max_hp_gain":0,"max_hp_loss":0,"event_name":"Lab","floor":38,"gold_loss":0},{"damage_healed":0,"gold_gain":0,"player_choice":"Paid","damage_taken":0,"relics_obtained":["Red Mask"],"max_hp_gain":0,"max_hp_loss":0,"event_name":"Tomb of Lord Red Mask","floor":47,"gold_loss":26}],"is_beta":false,"boss_relics":[{"not_picked":["Busted Crown","Eternal Feather"],"picked":"Fusion Hammer"},{"not_picked":["Snecko Eye","Coffee Dripper"],"picked":"Black Star"}],"items_purged_floors":[],"is_endless":false,"potions_floor_spawned":[6,7,8,11,16,25,29,30,37,40,42],"ascension_level":14}