{"gold_per_floor":[12,28,42,55,68,95,22,22,47,61,113,128,159,124,124,229,229,211,155,155],"floor_reached":20,"playtime":649,"items_purged":[],"score":205,"play_id":"d071454e-56c6-419a-b400-478d1c5e3ed2","local_time":"20190211203009","is_ascension_mode":true,"campfire_choices":[{"floor":8,"key":"REST"},{"floor":15,"key":"REST"}],"neow_cost":"NO_GOLD","seed_source_timestamp":1833982093587116,"circlet_count":0,"master_deck":["Strike_B","Strike_B","Strike_B","Strike_B","Defend_B","Defend_B","Defend_B","Defend_B","Zap","Dualcast","Doom and Gloom","Undo","Auto Shields","Redo","Conserve Battery","Rebound","Defragment","Lockon","Streamline","Darkness","Thunder Strike","Pain","Doubt","Writhe","Sunder+1"],"relics":["Cracked Core","Boot","Lantern","Calling Bell","Vajra","Shuriken","Gambling Chip","Bag of Preparation"],"potions_floor_usage":[5,6,6,12,18],"damage_taken":[{"damage":9,"enemies":"Small Slimes","floor":1,"turns":4},{"damage":5,"enemies":"2 Louse","floor":2,"turns":2},{"damage":7,"enemies":"Jaw Worm","floor":3,"turns":4},{"damage":1,"enemies":"Red Slaver","floor":4,"turns":5},{"damage":2,"enemies":"Blue Slaver","floor":5,"turns":3},{"damage":14,"enemies":"Lagavulin","floor":6,"turns":7},{"damage":16,"enemies":"Lots of Slimes","floor":10,"turns":3},{"damage":0,"enemies":"2 Fungi Beasts","floor":12,"turns":3},{"damage":40,"enemies":"3 Sentries","floor":13,"turns":6},{"damage":21,"enemies":"Slime Boss","floor":16,"turns":8},{"damage":33,"enemies":"2 Thieves","floor":18,"turns":4},{"damage":70,"enemies":"Shell Parasite","floor":20,"turns":8}],"seed_played":"9061495312419468932","potions_obtained":[{"floor":3,"key":"SpeedPotion"},{"floor":4,"key":"Poison Potion"},{"floor":5,"key":"SpeedPotion"},{"floor":6,"key":"Weak Potion"},{"floor":16,"key":"Energy Potion"}],"is_trial":false,"path_per_floor":["M","M","M","M","M","E","$","R","T","M","?","M","E","?","R","B",null,"M","?","M"],"character_chosen":"DEFECT","items_purchased":["Defragment"],"campfire_rested":2,"item_purchase_floors":[7],"current_hp_per_floor":[80,75,68,67,65,51,51,77,77,61,61,61,21,43,69,48,89,56,56,0],"gold":155,"neow_bonus":"TWENTY_PERCENT_HP_BONUS","is_prod":false,"is_daily":false,"chose_seed":false,"campfire_upgraded":0,"win_rate":0,"timestamp":1549945809,"path_taken":["M","M","M","M","M","E","$","R","T","M","?","M","E","?","R","BOSS","M","?","?"],"build_version":"2019-01-23","purchased_purges":0,"victory":false,"max_hp_per_floor":[89,89,89,89,89,89,89,89,89,89,89,89,89,89,89,89,89,89,89,89],"card_choices":[{"not_picked":["Beam Cell","Sweeping Beam"],"picked":"Doom and Gloom","floor":1},{"not_picked":["Glacier","Reinforced Body"],"picked":"Undo","floor":2},{"not_picked":["Reprogram","Undo"],"picked":"Auto Shields","floor":3},{"not_picked":["Cold Snap","Beam Cell"],"picked":"Redo","floor":4},{"not_picked":["Core Surge","Sweeping Beam"],"picked":"Conserve Battery","floor":5},{"not_picked":["Stack","Go for the Eyes"],"picked":"Rebound","floor":6},{"not_picked":["BootSequence","Scrape"],"picked":"Lockon","floor":10},{"not_picked":["Sweeping Beam","Gash"],"picked":"Streamline","floor":12},{"not_picked":["Coolheaded","Conserve Battery"],"picked":"Darkness","floor":13},{"not_picked":["Machine Learning","Reboot"],"picked":"Thunder Strike","floor":16},{"not_picked":["Glacier","Hologram"],"picked":"Sunder+1","floor":18}],"player_experience":355335,"relics_obtained":[{"floor":6,"key":"Boot"},{"floor":13,"key":"Lantern"},{"floor":17,"key":"Vajra"},{"floor":17,"key":"Shuriken"},{"floor":17,"key":"Gambling Chip"}],"event_choices":[{"damage_healed":0,"gold_gain":52,"player_choice":"Gained Gold","damage_taken":0,"max_hp_gain":0,"max_hp_loss":0,"event_name":"Golden Wing","floor":11,"gold_loss":0},{"damage_healed":22,"gold_gain":0,"player_choice":"Healed","damage_taken":0,"max_hp_gain":0,"max_hp_loss":0,"event_name":"The Cleric","floor":14,"gold_loss":35},{"damage_healed":0,"gold_gain":0,"player_choice":"Paid Gold","damage_taken":0,"relics_obtained":["Bag of Preparation"],"max_hp_gain":0,"max_hp_loss":0,"event_name":"WeMeetAgain","floor":19,"gold_loss":56}],"is_beta":false,"boss_relics":[{"not_picked":["Philosopher\u0027s Stone","Snecko Eye"],"picked":"Calling Bell"}],"items_purged_floors":[],"is_endless":false,"potions_floor_spawned":[3,4,5,6,16],"killed_by":"Shell Parasite","ascension_level":2}