{"gold_per_floor":[118,136,311,324,339,369,34,134,134,134,153,171,171,32,32,135,135,150,162,162,175,274,274,274,374,374,393,405,405,420,420,420,515,515,533,633,644,659,679,679,710,710,737,26,39,70,83,117,117,117],"floor_reached":50,"playtime":5168,"items_purged":["Strike_B","Strike_B","Strike_B+1"],"score":841,"play_id":"5b7deb47-9fad-4b13-8d39-4a2f5187397d","local_time":"20190328153806","is_ascension_mode":true,"campfire_choices":[{"floor":10,"key":"REST"},{"floor":13,"key":"REST"},{"data":"Capacitor","floor":15,"key":"SMITH"},{"floor":23,"key":"REST"},{"floor":29,"key":"REST"},{"floor":32,"key":"REST"},{"floor":40,"key":"REST"},{"floor":42,"key":"REST"},{"floor":49,"key":"REST"}],"neow_cost":"NONE","seed_source_timestamp":125494455454442,"circlet_count":0,"master_deck":["Defend_B+1","Defend_B+1","Defend_B+1","Defend_B+1","Zap","Dualcast","Glacier","Ball Lightning","Doubt","Rebound","Static Discharge","Cold Snap","Genetic Algorithm","Static Discharge","Defragment","Genetic Algorithm","Capacitor+1","Biased Cognition","Barrage","Doom and Gloom","Stack","Redo+1","FTL","Redo+1","Fission","Barrage","Consume+1","Redo+1","FTL","Creative AI","Machine Learning","Blizzard","Static Discharge","Skim","Defragment","Double Energy","White Noise"],"relics":["FrozenCore","Question Card","Lantern","Bottled Tornado","Torii","Meat on the Bone","Sozu","Ice Cream","Mummified Hand","Bag of Preparation","Bronze Scales","FossilizedHelix","Omamori","Blood Vial"],"potions_floor_usage":[6,16,16,21,30,33,35],"damage_taken":[{"damage":1,"enemies":"Cultist","floor":1,"turns":3},{"damage":10,"enemies":"Small Slimes","floor":2,"turns":5},{"damage":0,"enemies":"2 Louse","floor":4,"turns":3},{"damage":0,"enemies":"Red Slaver","floor":5,"turns":4},{"damage":23,"enemies":"Gremlin Nob","floor":6,"turns":4},{"damage":22,"enemies":"Lots of Slimes","floor":11,"turns":3},{"damage":12,"enemies":"Exordium Thugs","floor":12,"turns":3},{"damage":31,"enemies":"The Guardian","floor":16,"turns":8},{"damage":15,"enemies":"Shell Parasite","floor":18,"turns":7},{"damage":13,"enemies":"3 Byrds","floor":19,"turns":3},{"damage":36,"enemies":"Snake Plant","floor":21,"turns":3},{"damage":1,"enemies":"Snecko","floor":27,"turns":7},{"damage":10,"enemies":"Centurion and Healer","floor":28,"turns":8},{"damage":1,"enemies":"Snake Plant","floor":30,"turns":5},{"damage":62,"enemies":"Champ","floor":33,"turns":13},{"damage":43,"enemies":"3 Shapes","floor":35,"turns":5},{"damage":1,"enemies":"Mind Bloom Boss Battle","floor":36,"turns":9},{"damage":24,"enemies":"Orb Walker","floor":37,"turns":6},{"damage":0,"enemies":"Maw","floor":38,"turns":9},{"damage":31,"enemies":"4 Shapes","floor":39,"turns":7},{"damage":0,"enemies":"Giant Head","floor":41,"turns":11},{"damage":7,"enemies":"3 Darklings","floor":45,"turns":3},{"damage":9,"enemies":"Reptomancer","floor":46,"turns":9},{"damage":13,"enemies":"Sphere and 2 Shapes","floor":47,"turns":5},{"damage":0,"enemies":"Giant Head","floor":48,"turns":12},{"damage":94,"enemies":"Awakened One","floor":50,"turns":7}],"seed_played":"-4874168383972437000","potions_obtained":[{"floor":4,"key":"FocusPotion"},{"floor":5,"key":"Block Potion"},{"floor":11,"key":"LiquidBronze"},{"floor":19,"key":"EssenceOfSteel"},{"floor":28,"key":"Energy Potion"},{"floor":30,"key":"Explosive Potion"},{"floor":33,"key":"Explosive Potion"}],"is_trial":false,"path_per_floor":["M","?","?","M","$","M","?","M","?","?","?","M","?","?"],"character_chosen":"DEFECT","items_purchased":["Lantern","Genetic Algorithm","Static Discharge","Capacitor","Bronze Scales","FossilizedHelix","Blizzard","Static Discharge"],"campfire_rested":8,"item_purchase_floors":[7,7,7,14,44,44,44,44],"current_hp_per_floor":[74,64,64,64,64,41,41,41,41,65,43,31,55,55,55,24,68,53,40,40,4,4,28,28,28,28,27,17,41,40,40,64,14,65,34,45,33,45,26,50,50,74,74,74,67,58,45,45,69,0],"gold":117,"neow_bonus":"TEN_PERCENT_HP_BONUS","is_prod":false,"is_daily":false,"chose_seed":false,"campfire_upgraded":1,"win_rate":0,"timestamp":1553809086,"path_taken":["M","?","?","M","M","E","$","?","T","R","M","?","R","?","R","BOSS","M","?","?","?","?","R","?","?","T","?","M","R","M","?","R","BOSS","M","?","M","M","M","R","E","R","T","$","M","E","M","E","R","BOSS"],"build_version":"2019-01-23","purchased_purges":3,"victory":false,"max_hp_per_floor":[82,82,82,82,82,82,82,82,82,82,82,82,82,82,82,82,82,82,82,82,82,82,82,82,82,82,82,82,82,82,82,82,82,82,82,82,82,82,82,82,82,82,82,82,82,82,82,82,82,82],"card_choices":[{"not_picked":["Leap","Conserve Battery"],"picked":"Glacier","floor":1},{"not_picked":["Rip and Tear","Beam Cell"],"picked":"Ball Lightning","floor":2},{"not_picked":["Steam","Storm"],"picked":"Rebound","floor":4},{"not_picked":["Beam Cell","Cold Snap"],"picked":"Static Discharge","floor":5},{"not_picked":["Rebound","FTL"],"picked":"Cold Snap","floor":6},{"not_picked":["Sweeping Beam","Static Discharge","Self Repair"],"picked":"Defragment","floor":11},{"not_picked":["Thunder Strike","Turbo","Leap"],"picked":"Genetic Algorithm","floor":12},{"not_picked":["Core Surge","Reboot","Seek"],"picked":"Biased Cognition","floor":16},{"not_picked":["Ball Lightning","Rebound","Hologram"],"picked":"Barrage","floor":18},{"not_picked":["Go for the Eyes","Rebound","Streamline+1"],"picked":"Doom and Gloom","floor":19},{"not_picked":["Force Field","Streamline","Rebound"],"picked":"Stack","floor":21},{"not_picked":["Reprogram+1","Hologram","Turbo"],"picked":"Redo+1","floor":27},{"not_picked":["Steam","Lockon","White Noise"],"picked":"FTL","floor":28},{"not_picked":["Ball Lightning","Hologram+1","Beam Cell+1"],"picked":"Redo+1","floor":30},{"not_picked":["Machine Learning","Biased Cognition","Meteor Strike"],"picked":"Fission","floor":33},{"not_picked":["Recycle+1","Gash","Hologram+1"],"picked":"Barrage","floor":35},{"not_picked":["Chill","Sweeping Beam","Ball Lightning"],"picked":"Consume+1","floor":36},{"not_picked":["Beam Cell","Compile Driver","Sweeping Beam+1"],"picked":"Redo+1","floor":37},{"not_picked":["Rebound+1","Sweeping Beam+1","Loop+1"],"picked":"FTL","floor":38},{"not_picked":["Cold Snap+1","Ball Lightning","Barrage+1"],"picked":"Creative AI","floor":39},{"not_picked":["Barrage+1","Amplify","Streamline"],"picked":"Machine Learning","floor":41},{"not_picked":["Hologram+1","Ball Lightning+1","Coolheaded+1"],"picked":"Skim","floor":45},{"not_picked":["Melter+1","Self Repair","Hyperbeam"],"picked":"Defragment","floor":46},{"not_picked":["Streamline","Chill+1","Turbo"],"picked":"Double Energy","floor":47},{"not_picked":["Scrape+1","Conserve Battery","Turbo"],"picked":"White Noise","floor":48}],"player_experience":383926,"relics_obtained":[{"floor":6,"key":"Question Card"},{"floor":9,"key":"Bottled Tornado"},{"floor":26,"key":"Torii"},{"floor":36,"key":"Ice Cream"},{"floor":41,"key":"Mummified Hand"},{"floor":43,"key":"Bag of Preparation"},{"floor":46,"key":"Omamori"},{"floor":48,"key":"Blood Vial"}],"event_choices":[{"damage_healed":0,"gold_gain":175,"player_choice":"AGREE","damage_taken":0,"max_hp_gain":0,"max_hp_loss":0,"event_name":"Liars Game","floor":3,"gold_loss":0,"cards_obtained":["Doubt"]},{"damage_healed":0,"gold_gain":100,"player_choice":"Gold","damage_taken":0,"max_hp_gain":0,"max_hp_loss":0,"event_name":"Wheel of Change","floor":8,"gold_loss":0},{"cards_removed":["Strike_B"],"damage_healed":0,"gold_gain":0,"player_choice":"Offered Basic","damage_taken":0,"max_hp_gain":0,"max_hp_loss":0,"event_name":"Bonfire Elementals","floor":20,"gold_loss":0},{"damage_healed":0,"gold_gain":99,"player_choice":"Stole From Cult","damage_taken":0,"max_hp_gain":0,"max_hp_loss":0,"event_name":"Nest","floor":22,"gold_loss":0},{"damage_healed":0,"gold_gain":0,"player_choice":"Simplicity","damage_taken":0,"max_hp_gain":0,"max_hp_loss":0,"event_name":"Back to Basics","floor":24,"gold_loss":0,"cards_upgraded":["Strike_B","Defend_B","Defend_B","Defend_B","Defend_B"]},{"damage_healed":0,"gold_gain":100,"player_choice":"Pray","damage_taken":0,"max_hp_gain":0,"max_hp_loss":0,"event_name":"Golden Shrine","floor":25,"gold_loss":0},{"damage_healed":0,"gold_gain":0,"player_choice":"Opened","damage_taken":0,"relics_obtained":["Meat on the Bone"],"max_hp_gain":0,"max_hp_loss":0,"event_name":"The Mausoleum","floor":31,"gold_loss":0},{"damage_healed":0,"gold_gain":0,"player_choice":"Fight","damage_taken":0,"max_hp_gain":0,"max_hp_loss":0,"event_name":"MindBloom","floor":36,"gold_loss":0}],"is_beta":false,"boss_relics":[{"not_picked":["Runic Pyramid","Empty Cage"],"picked":"FrozenCore"},{"not_picked":["Snecko Eye","Lizard Tail"],"picked":"Sozu"}],"items_purged_floors":[7,14,44],"is_endless":false,"potions_floor_spawned":[4,5,11,19,28,30,33,36,37,45,46,48],"killed_by":"Awakened One","ascension_level":7}