{"gold_per_floor":[15,27,27,44,18,18,46,46,46,78,88,101,120,120,120,215,215,230,430,446,465,485,485,516,528,528,176,176,194,194,223,223,319,319,329,329,1328,1344,1362,1362,686,686,686,83,83,94,94,111,111,111],"floor_reached":51,"playtime":2246,"items_purged":["Strike_R","Pain","Normality"],"score":829,"play_id":"925f53bf-1c0c-47e2-a8e2-35a93b957463","local_time":"20190126153156","is_ascension_mode":false,"campfire_choices":[{"data":"Havoc","floor":6,"key":"SMITH"},{"data":"True Grit","floor":8,"key":"SMITH"},{"data":"Rage","floor":15,"key":"SMITH"},{"floor":23,"key":"REST"},{"floor":28,"key":"REST"},{"data":"Havoc","floor":30,"key":"SMITH"},{"floor":32,"key":"REST"},{"floor":40,"key":"REST"},{"data":"Corruption","floor":45,"key":"SMITH"},{"data":"Barricade","floor":47,"key":"SMITH"},{"floor":49,"key":"REST"}],"neow_cost":"NO_GOLD","seed_source_timestamp":3054230541039,"circlet_count":0,"master_deck":["Strike_R","Strike_R","Strike_R","Strike_R","Defend_R","Defend_R","Defend_R","Defend_R","Bash","True Grit+1","Headbutt","Pommel Strike","Havoc+1","Havoc+1","Rage+1","Sentinel","Second Wind","Shrug It Off+1","Havoc+1","Havoc+1","Demon Form","Barricade+1","Madness","Madness","Normality","Parasite","Master of Strategy","Discovery","Dark Embrace","Havoc+1","Corruption+1","Sentinel"],"relics":["Burning Blood","Charon\u0027s Ashes","Dead Branch","Mango","Regal Pillow","WarpedTongs","Orrery","Question Card","Singing Bowl","DollysMirror","Red Mask","Runic Dome","Strawberry","Meat on the Bone","Bottled Tornado","Chemical X"],"potions_floor_usage":[3,33,33,50,50],"damage_taken":[{"damage":1,"enemies":"2 Louse","floor":1,"turns":5},{"damage":0,"enemies":"Cultist","floor":2,"turns":4},{"damage":0,"enemies":"Small Slimes","floor":4,"turns":4},{"damage":24,"enemies":"Lagavulin","floor":7,"turns":6},{"damage":6,"enemies":"Gremlin Nob","floor":10,"turns":2},{"damage":5,"enemies":"Exordium Thugs","floor":11,"turns":4},{"damage":3,"enemies":"Red Slaver","floor":12,"turns":3},{"damage":2,"enemies":"Blue Slaver","floor":13,"turns":3},{"damage":34,"enemies":"The Guardian","floor":16,"turns":11},{"damage":16,"enemies":"2 Thieves","floor":18,"turns":4},{"damage":5,"enemies":"Spheric Guardian","floor":20,"turns":3},{"damage":16,"enemies":"Centurion and Healer","floor":21,"turns":9},{"damage":20,"enemies":"Sentry and Sphere","floor":22,"turns":5},{"damage":51,"enemies":"Book of Stabbing","floor":24,"turns":7},{"damage":19,"enemies":"Chosen and Byrds","floor":25,"turns":5},{"damage":4,"enemies":"Centurion and Healer","floor":29,"turns":5},{"damage":61,"enemies":"Masked Bandits","floor":31,"turns":6},{"damage":44,"enemies":"Automaton","floor":33,"turns":8},{"damage":10,"enemies":"Orb Walker","floor":35,"turns":2},{"damage":10,"enemies":"3 Shapes","floor":38,"turns":4},{"damage":65,"enemies":"Writhing Mass","floor":39,"turns":6},{"damage":0,"enemies":"Maw","floor":46,"turns":2},{"damage":0,"enemies":"Jaw Worm Horde","floor":48,"turns":1},{"damage":14,"enemies":"Awakened One","floor":50,"turns":4}],"seed_played":"-4963328408572258812","potions_obtained":[{"floor":2,"key":"GamblersBrew"},{"floor":3,"key":"Fruit Juice"},{"floor":3,"key":"SmokeBomb"},{"floor":3,"key":"Swift Potion"},{"floor":7,"key":"SkillPotion"},{"floor":20,"key":"SteroidPotion"},{"floor":25,"key":"Strength Potion"},{"floor":33,"key":"Strength Potion"},{"floor":35,"key":"EssenceOfSteel"}],"is_trial":false,"path_per_floor":["M","M","?","M","$","R","E","R","T","E","M","M","M","?","R","B",null,"M","?","M","M","M","R","E","M","T","$","R","M","R","?","R","B",null,"M","?","?","M","M","R","$","?","T","$","R","M","R","M","R","B",null],"character_chosen":"IRONCLAD","items_purchased":["Havoc","DollysMirror","Demon Form","Master of Strategy","Discovery","Dark Embrace","Strawberry","Corruption","Bottled Tornado","Chemical X"],"campfire_rested":5,"item_purchase_floors":[5,27,27,41,41,41,41,44,44,44],"current_hp_per_floor":[80,80,85,85,85,85,67,67,81,81,82,85,89,89,89,61,99,89,89,90,80,66,99,54,41,41,41,85,89,89,36,81,43,103,101,88,88,86,29,76,83,83,83,83,83,91,91,97,118,110],"gold":111,"neow_bonus":"ONE_RARE_RELIC","is_prod":false,"is_daily":false,"chose_seed":false,"campfire_upgraded":6,"win_rate":0,"timestamp":1548516716,"path_taken":["M","M","?","M","$","R","E","R","T","E","M","?","M","?","R","BOSS","M","?","M","?","M","R","E","M","T","$","R","M","R","?","R","BOSS","M","?","?","M","M","R","$","?","T","$","R","?","R","M","R","BOSS"],"build_version":"2019-01-23","purchased_purges":3,"victory":true,"max_hp_per_floor":[80,80,85,85,85,85,85,85,99,99,99,99,99,99,99,99,99,99,99,99,99,99,99,99,99,99,99,99,101,101,103,103,103,103,105,105,105,107,109,109,116,116,116,116,116,118,118,118,118,118],"card_choices":[{"not_picked":["Armaments","Twin Strike"],"picked":"True Grit","floor":1},{"not_picked":["Power Through","Pommel Strike"],"picked":"Headbutt","floor":2},{"not_picked":["Rupture","Iron Wave"],"picked":"Pommel Strike","floor":4},{"not_picked":["Cleave","Blood for Blood","Body Slam"],"picked":"SKIP","floor":7},{"not_picked":["Impervious","Double Tap"],"picked":"Havoc","floor":10},{"not_picked":["Combust","Shockwave","Burning Pact"],"picked":"SKIP","floor":11},{"not_picked":["Body Slam","Rage","Twin Strike"],"picked":"SKIP","floor":12},{"not_picked":["Body Slam","Twin Strike"],"picked":"Rage","floor":12},{"not_picked":["Combust","Uppercut","Power Through"],"picked":"SKIP","floor":13},{"not_picked":["Twin Strike","Heavy Blade"],"picked":"Sentinel","floor":18},{"not_picked":["Hemokinesis","Sword Boomerang"],"picked":"Second Wind","floor":20},{"not_picked":["Flex","Shockwave","Clothesline"],"picked":"SKIP","floor":21},{"not_picked":["Body Slam","Demon Form"],"picked":"Shrug It Off+1","floor":22},{"not_picked":["Brutality","Dual Wield"],"picked":"Havoc+1","floor":24},{"not_picked":["Flex","Heavy Blade","Iron Wave+1","Rage"],"picked":"SKIP","floor":25},{"not_picked":["Sword Boomerang","Clothesline","Heavy Blade","Anger+1"],"picked":"Singing Bowl","floor":29},{"not_picked":["Pommel Strike","Bloodletting","Headbutt","Second Wind+1"],"picked":"Singing Bowl","floor":31},{"not_picked":["Reaper","Berserk","Brutality"],"picked":"Barricade","floor":33},{"not_picked":["Heavy Blade","Body Slam","Pommel Strike","Iron Wave"],"picked":"Singing Bowl","floor":35},{"not_picked":["Reckless Charge+1","Dropkick+1","Perfected Strike","Carnage"],"picked":"Singing Bowl","floor":38},{"not_picked":["Warcry","Body Slam+1","Thunderclap+1","Carnage+1"],"picked":"Singing Bowl","floor":39},{"not_picked":["Anger+1","Flex+1","Clothesline+1","Dual Wield+1"],"picked":"Singing Bowl","floor":46},{"not_picked":["Shrug It Off","Havoc+1","Clash"],"picked":"Sentinel","floor":48}],"player_experience":169154,"relics_obtained":[{"floor":7,"key":"Dead Branch"},{"floor":9,"key":"Mango"},{"floor":10,"key":"Regal Pillow"},{"floor":24,"key":"Question Card"},{"floor":26,"key":"Singing Bowl"},{"floor":31,"key":"Red Mask"},{"floor":43,"key":"Meat on the Bone"}],"event_choices":[{"damage_healed":0,"gold_gain":0,"player_choice":"Got Potions","damage_taken":0,"max_hp_gain":0,"max_hp_loss":0,"event_name":"Lab","floor":3,"gold_loss":0},{"damage_healed":0,"gold_gain":0,"player_choice":"Rummage","damage_taken":0,"relics_obtained":["WarpedTongs"],"max_hp_gain":0,"max_hp_loss":0,"event_name":"Accursed Blacksmith","floor":14,"gold_loss":0,"cards_obtained":["Pain"]},{"damage_healed":0,"gold_gain":200,"player_choice":"Gold","damage_taken":0,"max_hp_gain":0,"max_hp_loss":0,"event_name":"Wheel of Change","floor":19,"gold_loss":0},{"damage_healed":0,"gold_gain":0,"player_choice":"Fought Bandits","damage_taken":0,"max_hp_gain":0,"max_hp_loss":0,"event_name":"Masked Bandits","floor":31,"gold_loss":0},{"damage_healed":0,"gold_gain":0,"player_choice":"Embrace Madness","damage_taken":13,"max_hp_gain":0,"max_hp_loss":0,"event_name":"Winding Halls","floor":36,"gold_loss":0,"cards_obtained":["Madness","Madness"]},{"damage_healed":0,"gold_gain":999,"player_choice":"Gold","damage_taken":0,"max_hp_gain":0,"max_hp_loss":0,"event_name":"MindBloom","floor":37,"gold_loss":0,"cards_obtained":["Normality","Normality"]},{"damage_healed":0,"gold_gain":0,"player_choice":"Copied","damage_taken":0,"max_hp_gain":0,"max_hp_loss":0,"event_name":"Duplicator","floor":42,"gold_loss":0,"cards_obtained":["Havoc"]}],"is_beta":false,"boss_relics":[{"not_picked":["White Beast Statue","Runic Pyramid"],"picked":"Orrery"},{"not_picked":["Busted Crown","Runic Cube"],"picked":"Runic Dome"}],"items_purged_floors":[27,41,44],"is_endless":false,"potions_floor_spawned":[2,7,10,20,21,24,25,33,35,46],"ascension_level":0}