{"gold_per_floor":[114,126,138,138,153,153,181,181,181,199,210,210,245,255,255,326,326,342,267,182,34,34,59,59,59,59,70,35,35],"floor_reached":29,"playtime":1339,"items_purged":[],"score":443,"play_id":"b526e92d-d372-4d6e-bc73-efe320485d85","local_time":"20190415173043","is_ascension_mode":true,"campfire_choices":[{"data":"Bash","floor":6,"key":"SMITH"},{"floor":12,"key":"REST"},{"floor":15,"key":"REST"},{"floor":24,"key":"REST"}],"neow_cost":"NONE","seed_source_timestamp":133557633265237,"circlet_count":0,"master_deck":["AscendersBane","Strike_R","Strike_R+1","Strike_R","Strike_R","Defend_R","Defend_R","Defend_R","Defend_R","Bash+1","Cleave","Infernal Blade","Blood for Blood+1","Armaments","Impervious","Inflame","Carnage","Shrug It Off","Intimidate","Demon Form","Feel No Pain","Flame Barrier","Rupture","Second Wind+1","Rupture","Seeing Red","Burning Pact"],"relics":["Burning Blood","Dodecahedron","Darkstone Periapt","Self Forming Clay","Blue Candle","Sozu","Gremlin Horn","Enchiridion","Pantograph","Prayer Wheel","Whetstone"],"potions_floor_usage":[7,13,14,16,23,29],"damage_taken":[{"damage":1,"enemies":"Cultist","floor":1,"turns":3},{"damage":7,"enemies":"Jaw Worm","floor":2,"turns":3},{"damage":11,"enemies":"2 Louse","floor":3,"turns":3},{"damage":12,"enemies":"Blue Slaver","floor":5,"turns":5},{"damage":30,"enemies":"Lagavulin","floor":7,"turns":7},{"damage":11,"enemies":"Large Slime","floor":10,"turns":7},{"damage":3,"enemies":"Looter","floor":11,"turns":3},{"damage":16,"enemies":"Gremlin Nob","floor":13,"turns":4},{"damage":16,"enemies":"Gremlin Gang","floor":14,"turns":5},{"damage":56,"enemies":"Slime Boss","floor":16,"turns":13},{"damage":12,"enemies":"3 Byrds","floor":18,"turns":5},{"damage":25,"enemies":"Book of Stabbing","floor":23,"turns":6},{"damage":10,"enemies":"Chosen","floor":27,"turns":5},{"damage":50,"enemies":"Gremlin Leader","floor":29,"turns":7}],"seed_played":"-181903944448189880","potions_obtained":[{"floor":1,"key":"Weak Potion"},{"floor":2,"key":"SpeedPotion"},{"floor":10,"key":"SpeedPotion"},{"floor":11,"key":"EssenceOfSteel"},{"floor":13,"key":"Block Potion"},{"floor":14,"key":"BloodPotion"},{"floor":16,"key":"Poison Potion"}],"is_trial":false,"path_per_floor":["M","M","M","?","M","R","E","T","T","M","M","R","E","M","R","B",null,"M","?","?","$","?","E","R","T","T","M","$","E"],"character_chosen":"IRONCLAD","items_purchased":["Flame Barrier","Rupture","Burning Pact"],"campfire_rested":3,"item_purchase_floors":[21,21,28],"current_hp_per_floor":[80,79,74,62,56,56,32,32,32,27,30,54,44,34,58,16,66,60,60,60,60,39,20,44,44,44,40,40,0],"gold":35,"neow_bonus":"TEN_PERCENT_HP_BONUS","is_prod":false,"is_daily":false,"chose_seed":false,"campfire_upgraded":1,"win_rate":0,"timestamp":1555374643,"path_taken":["M","M","?","?","?","R","E","?","T","M","M","R","E","M","R","BOSS","M","?","?","$","?","E","R","?","T","M","$","E"],"build_version":"2019-01-23","purchased_purges":0,"victory":false,"max_hp_per_floor":[82,82,82,82,82,82,82,82,82,82,82,82,82,82,82,82,82,82,82,82,82,82,82,82,82,82,82,82,82],"card_choices":[{"not_picked":["Searing Blow","Wild Strike"],"picked":"Cleave","floor":1},{"not_picked":["Thunderclap","Seeing Red"],"picked":"Infernal Blade","floor":2},{"not_picked":["Heavy Blade","Whirlwind"],"picked":"Blood for Blood","floor":3},{"not_picked":["Pummel","Searing Blow"],"picked":"Armaments","floor":5},{"not_picked":["Havoc","Hemokinesis"],"picked":"Impervious","floor":7},{"not_picked":["Flex","Seeing Red"],"picked":"Inflame","floor":10},{"not_picked":["Iron Wave","Hemokinesis"],"picked":"Carnage","floor":11},{"not_picked":["Thunderclap","Whirlwind"],"picked":"Shrug It Off","floor":13},{"not_picked":["Anger","Pommel Strike"],"picked":"Intimidate","floor":14},{"not_picked":["Berserk","Offering"],"picked":"Demon Form","floor":16},{"not_picked":["Combust","Havoc"],"picked":"Feel No Pain","floor":18},{"not_picked":["Thunderclap","Reckless Charge"],"picked":"Second Wind+1","floor":23},{"not_picked":["Clash","Twin Strike"],"picked":"Rupture","floor":27},{"not_picked":["Cleave","Heavy Blade"],"picked":"Seeing Red","floor":27}],"player_experience":437882,"relics_obtained":[{"floor":7,"key":"Dodecahedron"},{"floor":8,"key":"Darkstone Periapt"},{"floor":9,"key":"Self Forming Clay"},{"floor":13,"key":"Blue Candle"},{"floor":22,"key":"Enchiridion"},{"floor":23,"key":"Pantograph"},{"floor":25,"key":"Prayer Wheel"},{"floor":26,"key":"Whetstone"}],"event_choices":[{"damage_healed":0,"gold_gain":0,"player_choice":"Damaged","damage_taken":12,"max_hp_gain":0,"max_hp_loss":0,"event_name":"Wheel of Change","floor":4,"gold_loss":0},{"cards_removed":["Strike_R"],"damage_healed":0,"gold_gain":0,"player_choice":"Gave Gold","damage_taken":0,"max_hp_gain":0,"max_hp_loss":0,"event_name":"Beggar","floor":19,"gold_loss":75},{"damage_healed":0,"gold_gain":0,"player_choice":"Obtained Relic","damage_taken":0,"relics_obtained":["Gremlin Horn"],"max_hp_gain":0,"max_hp_loss":0,"event_name":"Addict","floor":20,"gold_loss":85},{"damage_healed":0,"gold_gain":0,"player_choice":"Obtained Book","damage_taken":21,"max_hp_gain":0,"max_hp_loss":0,"event_name":"Cursed Tome","floor":22,"gold_loss":0}],"is_beta":false,"boss_relics":[{"not_picked":["Busted Crown","Black Star"],"picked":"Sozu"}],"items_purged_floors":[],"is_endless":false,"potions_floor_spawned":[1,2,10,11,13,14,16,23],"killed_by":"Gremlin Leader","ascension_level":15}