{"gold_per_floor":[213,230,81,101,176,208,220,236,261,288,308,328,176,176,176,176],"floor_reached":16,"playtime":791,"items_purged":["Strike_B"],"score":137,"play_id":"795a39b9-7258-40e0-95c9-2e1e50d00f80","local_time":"20180815144924","is_ascension_mode":true,"campfire_choices":[{"floor":15,"key":"REST"}],"neow_cost":"NONE","seed_source_timestamp":14851241911321,"circlet_count":0,"master_deck":["Strike_B","Strike_B","Strike_B","Defend_B","Defend_B","Defend_B","Defend_B","Zap","Dualcast","BootSequence","Chill","Lockon","Storm","Leap","Cold Snap","Conserve Battery","Fission","Injury"],"relics":["Cracked Core","Bronze Scales","Ornamental Fan","Art of War","Happy Flower","Golden Idol"],"potions_floor_usage":[10,16],"damage_taken":[{"damage":1,"enemies":"Cultist","floor":1,"turns":4},{"damage":2,"enemies":"Jaw Worm","floor":2,"turns":3},{"damage":0,"enemies":"2 Louse","floor":4,"turns":2},{"damage":7,"enemies":"3 Sentries","floor":6,"turns":9},{"damage":0,"enemies":"Looter","floor":7,"turns":2},{"damage":0,"enemies":"2 Fungi Beasts","floor":8,"turns":3},{"damage":41,"enemies":"Gremlin Nob","floor":10,"turns":5},{"damage":0,"enemies":"Blue Slaver","floor":11,"turns":3},{"damage":1,"enemies":"Looter","floor":12,"turns":3},{"damage":34,"enemies":"Slime Boss","floor":16,"turns":10}],"seed_played":"-5517384380088188186","potions_obtained":[{"floor":6,"key":"PowerPotion"},{"floor":10,"key":"EssenceOfSteel"},{"floor":11,"key":"SteroidPotion"},{"floor":12,"key":"LiquidBronze"}],"is_trial":false,"path_per_floor":["M","M","$","M","?","E","M","M","T","E","M","M","$","?","R"],"character_chosen":"DEFECT","items_purchased":["Bronze Scales","Fission"],"campfire_rested":1,"item_purchase_floors":[3,13],"current_hp_per_floor":[74,72,72,72,61,54,54,54,54,13,13,12,12,12,34,0],"gold":176,"neow_bonus":"HUNDRED_GOLD","is_prod":false,"is_daily":false,"chose_seed":false,"campfire_upgraded":0,"win_rate":0,"timestamp":1534369764,"path_taken":["M","?","$","M","?","E","M","M","T","E","M","M","$","?","R","BOSS"],"build_version":"2018-08-09","purchased_purges":1,"victory":false,"max_hp_per_floor":[75,75,75,75,75,75,75,75,75,75,75,75,75,75,75,75],"card_choices":[{"not_picked":["Redo","Skim","Aggregate"],"picked":"SKIP","floor":1},{"not_picked":["Streamline","Sweeping Beam"],"picked":"BootSequence","floor":2},{"not_picked":["Stack","Go for the Eyes"],"picked":"Chill","floor":4},{"not_picked":["Turbo","White Noise"],"picked":"Lockon","floor":6},{"not_picked":["Consume","Rip and Tear"],"picked":"Storm","floor":7},{"not_picked":["Beam Cell","Tempest","Redo"],"picked":"SKIP","floor":8},{"not_picked":["Beam Cell","Steam"],"picked":"Leap","floor":10},{"not_picked":["Streamline","Heatsinks"],"picked":"Cold Snap","floor":11},{"not_picked":["Doom and Gloom","Streamline"],"picked":"Conserve Battery","floor":12}],"player_experience":71104,"relics_obtained":[{"floor":6,"key":"Ornamental Fan"},{"floor":9,"key":"Art of War"},{"floor":10,"key":"Happy Flower"}],"event_choices":[{"event_name":"World of Goop","player_choice":"Gather Gold","floor":5,"damage_taken":0},{"event_name":"Golden Idol","player_choice":"Take Wound","floor":14,"damage_taken":0}],"is_beta":false,"boss_relics":[],"items_purged_floors":[13],"is_endless":false,"potions_floor_spawned":[6,10,11,12],"killed_by":"Slime Boss","ascension_level":4}