{"gold_per_floor":[115,115,133,148,163,7,7,7,7,26,26,43,57,84,84,84],"floor_reached":16,"playtime":1012,"items_purged":[],"score":104,"play_id":"34503dca-7bae-4008-a4dc-e21f9bbaa43b","local_time":"20190405134850","is_ascension_mode":false,"campfire_choices":[{"data":"Infinite Blades","floor":7,"key":"SMITH"},{"data":"Noxious Fumes","floor":15,"key":"SMITH"}],"neow_cost":"NONE","seed_source_timestamp":1224567250462800,"circlet_count":0,"master_deck":["Defend_G","Defend_G","Defend_G","Defend_G","Defend_G","Strike_G","Strike_G+1","Strike_G","Strike_G","Strike_G+1","Survivor","Neutralize","Outmaneuver","Calculated Gamble","Dagger Throw","Infinite Blades+1","Escape Plan","Infinite Blades","Finisher","Noxious Fumes","Backflip","Noxious Fumes+1"],"relics":["Ring of the Snake","Whetstone","Mercury Hourglass","Ninja Scroll","Strawberry"],"potions_floor_usage":[11,16,16,16],"damage_taken":[{"damage":0,"enemies":"Small Slimes","floor":1,"turns":3},{"damage":10,"enemies":"Jaw Worm","floor":3,"turns":3},{"damage":0,"enemies":"2 Louse","floor":4,"turns":1},{"damage":20,"enemies":"Exordium Thugs","floor":5,"turns":5},{"damage":13,"enemies":"3 Louse","floor":10,"turns":2},{"damage":0,"enemies":"Lots of Slimes","floor":12,"turns":2},{"damage":0,"enemies":"Red Slaver","floor":13,"turns":2},{"damage":9,"enemies":"3 Sentries","floor":14,"turns":5},{"damage":37,"enemies":"The Guardian","floor":16,"turns":8}],"seed_played":"-633252598936314865","potions_obtained":[{"floor":1,"key":"LiquidBronze"},{"floor":4,"key":"Energy Potion"},{"floor":11,"key":"Fruit Juice"},{"floor":11,"key":"Regen Potion"},{"floor":11,"key":"EssenceOfSteel"}],"is_trial":false,"path_per_floor":["M","?","M","M","M","$","R","?","T","M","?","M","M","E","R","B"],"character_chosen":"THE_SILENT","items_purchased":["Escape Plan","Infinite Blades"],"campfire_rested":0,"item_purchase_floors":[6,6],"current_hp_per_floor":[70,70,60,60,40,40,40,33,33,20,25,25,25,23,23,0],"gold":84,"neow_bonus":"RANDOM_COMMON_RELIC","is_prod":false,"is_daily":false,"chose_seed":false,"campfire_upgraded":2,"win_rate":0.0,"timestamp":1554464930,"path_taken":["M","?","M","M","M","$","R","?","T","M","?","M","M","E","R","BOSS"],"build_version":"2019-01-23","purchased_purges":0,"victory":false,"max_hp_per_floor":[70,70,70,70,70,70,70,70,70,70,75,75,75,82,82,82],"card_choices":[{"not_picked":["Calculated Gamble","Deflect"],"picked":"Outmaneuver","floor":1},{"not_picked":["Prepared","Underhanded Strike"],"picked":"Calculated Gamble","floor":3},{"not_picked":["Sucker Punch","Quick Slash"],"picked":"Dagger Throw","floor":4},{"not_picked":["Slice","Dagger Spray"],"picked":"Infinite Blades","floor":5},{"not_picked":["Distraction","Poisoned Stab"],"picked":"Finisher","floor":10},{"not_picked":["Slice","Poisoned Stab"],"picked":"Noxious Fumes","floor":12},{"not_picked":["Terror","Prepared"],"picked":"Backflip","floor":13},{"not_picked":["Night Terror","Flechettes"],"picked":"Noxious Fumes","floor":14}],"player_experience":85979,"relics_obtained":[{"floor":9,"key":"Ninja Scroll"},{"floor":14,"key":"Strawberry"}],"event_choices":[{"damage_healed":0,"gold_gain":0,"player_choice":"Box","damage_taken":0,"relics_obtained":["Mercury Hourglass"],"max_hp_gain":0,"max_hp_loss":0,"event_name":"Big Fish","floor":2,"gold_loss":0,"cards_obtained":["Regret"]},{"cards_removed":["Regret"],"damage_healed":0,"gold_gain":0,"player_choice":"Card Removal","damage_taken":7,"max_hp_gain":0,"max_hp_loss":0,"event_name":"Golden Wing","floor":8,"gold_loss":0},{"damage_healed":0,"gold_gain":0,"player_choice":"Got Potions","damage_taken":0,"max_hp_gain":0,"max_hp_loss":0,"event_name":"Lab","floor":11,"gold_loss":0}],"is_beta":false,"boss_relics":[],"items_purged_floors":[],"is_endless":false,"potions_floor_spawned":[1,4,12,13],"killed_by":"The Guardian","ascension_level":0}