{"gold_per_floor":[109,109,109,120,45,64,79,79,79,3,18,49,49,67,67,170,170,185,185,284,284,184,184,209,209,209,7,22,22,52,65,65,165,165,177,187,187,34,34],"floor_reached":39,"playtime":2799,"items_purged":["Defend_B","Defend_B"],"score":563,"play_id":"5834027b-a9da-41ce-9ccd-7949185453fc","local_time":"20181203194614","is_ascension_mode":true,"campfire_choices":[{"data":"Consume","floor":8,"key":"SMITH"},{"data":"Capacitor","floor":13,"key":"SMITH"},{"data":"Cold Snap","floor":15,"key":"SMITH"},{"data":"Self Repair","floor":23,"key":"SMITH"},{"floor":32,"key":"REST"}],"neow_cost":"NONE","seed_source_timestamp":172479113890043,"circlet_count":0,"master_deck":["Strike_B","Strike_B","Defend_B","Zap","Dualcast","Consume+1","Self Repair+1","Cold Snap+1","Capacitor+1","Sunder","Cold Snap","Cold Snap+1","Chill+1","White Noise+1","Electrodynamics+1","Coolheaded+1","Conserve Battery+1"],"relics":["Cracked Core","Bottled Flame","Pantograph","Empty Cage","MutagenicStrength","Frozen Egg 2","Prayer Wheel","Toy Ornithopter","Darkstone Periapt","Inserter","Blood Vial"],"potions_floor_usage":[11,12,24,24,30,35,39],"damage_taken":[{"damage":1,"enemies":"2 Louse","floor":1,"turns":2},{"damage":1,"enemies":"Cultist","floor":4,"turns":3},{"damage":4,"enemies":"Small Slimes","floor":6,"turns":4},{"damage":8,"enemies":"Blue Slaver","floor":7,"turns":4},{"damage":2,"enemies":"2 Fungi Beasts","floor":11,"turns":4},{"damage":23,"enemies":"3 Sentries","floor":12,"turns":8},{"damage":3,"enemies":"3 Louse","floor":14,"turns":3},{"damage":17,"enemies":"The Guardian","floor":16,"turns":12},{"damage":14,"enemies":"Spheric Guardian","floor":18,"turns":8},{"damage":44,"enemies":"Slavers","floor":24,"turns":10},{"damage":21,"enemies":"Colosseum Slavers","floor":25,"turns":6},{"damage":3,"enemies":"Chosen","floor":28,"turns":8},{"damage":22,"enemies":"Gremlin Leader","floor":30,"turns":11},{"damage":19,"enemies":"Snake Plant","floor":31,"turns":7},{"damage":48,"enemies":"Collector","floor":33,"turns":16},{"damage":41,"enemies":"Orb Walker","floor":35,"turns":6},{"damage":19,"enemies":"3 Darklings","floor":36,"turns":5},{"damage":70,"enemies":"Transient","floor":39,"turns":4}],"seed_played":"3204939964095953459","potions_obtained":[{"floor":6,"key":"Energy Potion"},{"floor":11,"key":"LiquidBronze"},{"floor":14,"key":"FairyPotion"},{"floor":16,"key":"Poison Potion"},{"floor":18,"key":"SkillPotion"},{"floor":28,"key":"Strength Potion"},{"floor":33,"key":"GamblersBrew"},{"floor":36,"key":"FearPotion"}],"is_trial":false,"path_per_floor":["M","$","?","M","$","M","M","R","T","$","M","E","R","M","R","B",null,"M","?","?","?","$","R","E","?","T","$","M","?","E","M","R","B",null,"M","M","?","$","M"],"character_chosen":"DEFECT","items_purchased":["Capacitor","Toy Ornithopter","Blood Vial"],"campfire_rested":1,"item_purchase_floors":[10,27,38],"current_hp_per_floor":[74,74,74,73,73,76,75,75,75,75,80,64,64,68,68,72,80,73,73,73,73,73,73,39,28,28,28,35,35,28,19,43,30,69,43,34,34,34,0],"gold":34,"neow_bonus":"TEN_PERCENT_HP_BONUS","is_prod":false,"is_daily":false,"chose_seed":false,"campfire_upgraded":4,"win_rate":0,"timestamp":1543862774,"path_taken":["M","$","?","M","?","M","M","R","T","$","M","E","R","?","R","BOSS","M","?","?","?","$","R","E","?","T","$","M","?","E","M","R","BOSS","M","M","?","$","M"],"build_version":"2018-11-15","purchased_purges":2,"victory":false,"max_hp_per_floor":[82,82,82,82,82,82,82,82,82,82,82,82,82,82,82,82,82,82,82,82,82,82,82,82,82,82,82,82,82,82,82,82,82,82,82,82,82,82,82],"card_choices":[{"not_picked":["Sweeping Beam","Streamline","Hello World"],"picked":"SKIP","floor":1},{"not_picked":["White Noise","Conserve Battery"],"picked":"Self Repair","floor":4},{"not_picked":["Compile Driver","Hologram","Self Repair"],"picked":"SKIP","floor":6},{"not_picked":["Gash","Sweeping Beam"],"picked":"Cold Snap","floor":7},{"not_picked":["Beam Cell","Redo","Gash"],"picked":"SKIP","floor":11},{"not_picked":["Turbo","Biased Cognition"],"picked":"Sunder","floor":12},{"not_picked":["Gash","Blizzard"],"picked":"Cold Snap","floor":14},{"not_picked":["Turbo+1","Compile Driver"],"picked":"Cold Snap+1","floor":18},{"not_picked":["Cold Snap","Glacier"],"picked":"Chill+1","floor":24},{"not_picked":["Hologram+1","FTL"],"picked":"White Noise+1","floor":28},{"not_picked":["Stack","Reinforced Body","Reprogram"],"picked":"SKIP","floor":28},{"not_picked":["Sweeping Beam","Barrage+1","Leap"],"picked":"SKIP","floor":30},{"not_picked":["Skim","Leap","Sweeping Beam"],"picked":"SKIP","floor":31},{"not_picked":["Redo+1","Hologram","Sweeping Beam"],"picked":"SKIP","floor":31},{"not_picked":["Hyperbeam","Amplify"],"picked":"Electrodynamics+1","floor":33},{"not_picked":["Streamline+1","Rebound"],"picked":"Coolheaded+1","floor":35},{"not_picked":["Gash","Doom and Gloom+1"],"picked":"Conserve Battery+1","floor":35},{"not_picked":["Streamline+1","Hyperbeam","Darkness+1"],"picked":"SKIP","floor":36},{"not_picked":["Steam Power+1","Coolheaded","FTL+1"],"picked":"SKIP","floor":36}],"player_experience":334677,"relics_obtained":[{"floor":9,"key":"Bottled Flame"},{"floor":12,"key":"Pantograph"},{"floor":24,"key":"Frozen Egg 2"},{"floor":26,"key":"Prayer Wheel"},{"floor":30,"key":"Darkstone Periapt"}],"event_choices":[{"damage_healed":0,"gold_gain":0,"cards_transformed":["Strike_B"],"player_choice":"Transformed","damage_taken":0,"max_hp_gain":0,"max_hp_loss":0,"event_name":"Transmorgrifier","floor":3,"gold_loss":0,"cards_obtained":["Consume"]},{"damage_healed":0,"gold_gain":0,"player_choice":"Inject Mutagens","damage_taken":0,"relics_obtained":["MutagenicStrength"],"max_hp_gain":0,"max_hp_loss":0,"event_name":"Drug Dealer","floor":19,"gold_loss":0},{"damage_healed":0,"gold_gain":99,"player_choice":"Stole From Cult","damage_taken":0,"max_hp_gain":0,"max_hp_loss":0,"event_name":"Nest","floor":20,"gold_loss":0},{"damage_healed":0,"gold_gain":0,"player_choice":"Ignored","damage_taken":0,"max_hp_gain":0,"max_hp_loss":0,"event_name":"Ghosts","floor":21,"gold_loss":0},{"damage_healed":0,"gold_gain":0,"player_choice":"Fight","damage_taken":0,"max_hp_gain":0,"max_hp_loss":0,"event_name":"Colosseum","floor":25,"gold_loss":0},{"damage_healed":0,"gold_gain":0,"player_choice":"Fled From Nobs","damage_taken":0,"max_hp_gain":0,"max_hp_loss":0,"event_name":"Colosseum","floor":25,"gold_loss":0},{"damage_healed":0,"gold_gain":0,"player_choice":"Ignored","damage_taken":0,"max_hp_gain":0,"max_hp_loss":0,"event_name":"Tomb of Lord Red Mask","floor":37,"gold_loss":0}],"is_beta":false,"boss_relics":[{"not_picked":["Lizard Tail","Astrolabe"],"picked":"Empty Cage"},{"not_picked":["Coffee Dripper","Runic Dome"],"picked":"Inserter"}],"items_purged_floors":[5,22],"is_endless":false,"potions_floor_spawned":[6,11,14,16,18,28,33,36],"killed_by":"Transient","ascension_level":7}