{"gold_per_floor":[115,130,9,9,9,9,21,38,38,69,69,88,104,104,104,200,200,219,219,189,208,29,29,57,74,98,26,26,26,26,43,43,43],"floor_reached":33,"playtime":1193,"items_purged":[],"score":278,"play_id":"b5dfeb81-15e2-4462-be60-194078a65f43","local_time":"20190101211710","is_ascension_mode":true,"campfire_choices":[{"floor":6,"key":"REST"},{"data":"Reinforced Body","floor":15,"key":"SMITH"},{"floor":23,"key":"REST"},{"floor":28,"key":"REST"},{"floor":30,"key":"REST"},{"data":"Electrodynamics","floor":32,"key":"SMITH"}],"neow_cost":"NONE","seed_source_timestamp":340771196914288,"circlet_count":0,"master_deck":["Strike_B+1","Strike_B+1","Strike_B+1","Strike_B+1","Defend_B+1","Defend_B+1","Defend_B+1","Defend_B+1","Zap","Dualcast","Leap+1","Glacier","Gash","Reinforced Body+1","FTL","Electrodynamics+1","Rebound","Conserve Battery","Fission","Stack","Skim","Ball Lightning","Fusion+1","BootSequence"],"relics":["Cracked Core","Meat on the Bone","Letter Opener","Nuclear Battery","Vajra","Matryoshka","Orichalcum"],"potions_floor_usage":[10,10,12,21,31],"damage_taken":[{"damage":6,"enemies":"Jaw Worm","floor":1,"turns":3},{"damage":10,"enemies":"Small Slimes","floor":2,"turns":4},{"damage":6,"enemies":"2 Louse","floor":7,"turns":2},{"damage":0,"enemies":"Exordium Wildlife","floor":8,"turns":3},{"damage":13,"enemies":"Lagavulin","floor":10,"turns":9},{"damage":0,"enemies":"2 Fungi Beasts","floor":12,"turns":2},{"damage":0,"enemies":"Red Slaver","floor":13,"turns":3},{"damage":30,"enemies":"Slime Boss","floor":16,"turns":13},{"damage":15,"enemies":"Spheric Guardian","floor":18,"turns":5},{"damage":12,"enemies":"2 Thieves","floor":21,"turns":3},{"damage":44,"enemies":"Gremlin Leader","floor":24,"turns":5},{"damage":4,"enemies":"3 Cultists","floor":25,"turns":4},{"damage":12,"enemies":"Sentry and Sphere","floor":31,"turns":5},{"damage":104,"enemies":"Champ","floor":33,"turns":20}],"seed_played":"2896006289696091752","potions_obtained":[{"floor":7,"key":"PowerPotion"},{"floor":8,"key":"Ancient Potion"},{"floor":10,"key":"Dexterity Potion"},{"floor":20,"key":"EssenceOfSteel"},{"floor":20,"key":"FairyPotion"},{"floor":24,"key":"Ancient Potion"},{"floor":25,"key":"Poison Potion"}],"is_trial":false,"path_per_floor":["M","M","$","?","?","R","M","M","T","E","?","M","M","?","R","B",null,"M","?","?","M","$","R","E","M","T","$","R","?","R","M","R","B"],"character_chosen":"DEFECT","items_purchased":["FairyPotion","Gash","Vajra","Ball Lightning","BootSequence"],"campfire_rested":4,"item_purchase_floors":[3,3,22,22,27],"current_hp_per_floor":[76,66,66,66,50,74,68,68,68,55,55,55,55,82,82,52,82,67,67,67,55,55,79,47,43,43,43,67,67,82,70,70,0],"gold":43,"neow_bonus":"TEN_PERCENT_HP_BONUS","is_prod":false,"is_daily":false,"chose_seed":false,"campfire_upgraded":2,"win_rate":0,"timestamp":1546406230,"path_taken":["M","M","$","?","?","R","M","M","T","E","?","M","M","?","R","BOSS","M","?","?","?","$","R","E","?","T","$","R","?","R","M","R","BOSS"],"build_version":"2018-12-20","purchased_purges":0,"victory":false,"max_hp_per_floor":[82,82,82,82,82,82,82,82,82,82,82,82,82,82,82,82,82,82,82,82,82,82,82,82,82,82,82,82,82,82,82,82,82],"card_choices":[{"not_picked":["Steam","Gash"],"picked":"Leap","floor":1},{"not_picked":["Rebound","Cold Snap"],"picked":"Glacier","floor":2},{"not_picked":["Beam Cell","Redo"],"picked":"Reinforced Body","floor":7},{"not_picked":["Barrage","Chill"],"picked":"FTL","floor":8},{"not_picked":["Skim","Chill"],"picked":"Electrodynamics","floor":10},{"not_picked":["Ball Lightning","Redo"],"picked":"Rebound","floor":12},{"not_picked":["Rip and Tear","Self Repair"],"picked":"Conserve Battery","floor":13},{"not_picked":["Biased Cognition","Reboot"],"picked":"Fission","floor":16},{"not_picked":["Barrage","Beam Cell"],"picked":"Stack","floor":18},{"not_picked":["Fusion","Cold Snap+1"],"picked":"Skim","floor":21},{"not_picked":["Steam+1","Streamline"],"picked":"Fusion+1","floor":24},{"not_picked":["Rebound","Coolheaded","Glacier"],"picked":"SKIP","floor":25},{"not_picked":["Beam Cell","Heatsinks","Fusion"],"picked":"SKIP","floor":31}],"player_experience":326304,"relics_obtained":[{"floor":9,"key":"Meat on the Bone"},{"floor":10,"key":"Letter Opener"},{"floor":24,"key":"Matryoshka"},{"floor":26,"key":"Orichalcum"}],"event_choices":[{"damage_healed":0,"gold_gain":0,"player_choice":"Ignored","damage_taken":0,"max_hp_gain":0,"max_hp_loss":0,"event_name":"Liars Game","floor":4,"gold_loss":0},{"damage_healed":0,"gold_gain":0,"player_choice":"Entered Light","damage_taken":16,"max_hp_gain":0,"max_hp_loss":0,"event_name":"Shining Light","floor":5,"gold_loss":0,"cards_upgraded":["Leap","Defend_B"]},{"damage_healed":0,"gold_gain":0,"player_choice":"Ignored","damage_taken":0,"max_hp_gain":0,"max_hp_loss":0,"event_name":"Golden Idol","floor":11,"gold_loss":0},{"damage_healed":27,"gold_gain":0,"player_choice":"Banana","damage_taken":0,"max_hp_gain":0,"max_hp_loss":0,"event_name":"Big Fish","floor":14,"gold_loss":0},{"damage_healed":0,"gold_gain":0,"player_choice":"Ignored","damage_taken":0,"max_hp_gain":0,"max_hp_loss":0,"event_name":"Cursed Tome","floor":19,"gold_loss":0},{"damage_healed":0,"gold_gain":0,"player_choice":"Bought 2 Potions","damage_taken":0,"max_hp_gain":0,"max_hp_loss":0,"event_name":"The Woman in Blue","floor":20,"gold_loss":0},{"damage_healed":0,"gold_gain":0,"player_choice":"Simplicity","damage_taken":0,"max_hp_gain":0,"max_hp_loss":0,"event_name":"Back to Basics","floor":29,"gold_loss":0,"cards_upgraded":["Strike_B","Strike_B","Strike_B","Strike_B","Defend_B","Defend_B","Defend_B"]}],"is_beta":false,"boss_relics":[{"not_picked":["Busted Crown","Velvet Choker"],"picked":"Nuclear Battery"}],"items_purged_floors":[],"is_endless":false,"potions_floor_spawned":[7,8,10,24,25],"killed_by":"Champ","ascension_level":1}