{"gold_per_floor":[144,144,69,89,104,136,136,168,241,241,259,20,40,66,66,169,169,180,180,196,96,96,96,131,131,155,185,60,78,104,121,121,224,224,236,40,40,40,0,0,33,72,108,137,164,192,9,27,27,27,27,27,1,29,29],"floor_reached":55,"playtime":4074,"items_purged":["Strike_G","Strike_G","Strike_G"],"score":920,"play_id":"f41d243f-2942-4f59-a821-e4e4f39a9b96","local_time":"20190109182536","is_ascension_mode":true,"campfire_choices":[{"data":"Neutralize","floor":7,"key":"SMITH"},{"data":"Skewer","floor":10,"key":"SMITH"},{"data":"Discovery","floor":15,"key":"SMITH"},{"data":"Survivor","floor":23,"key":"SMITH"},{"data":"Skewer","floor":25,"key":"SMITH"},{"data":"After Image","floor":32,"key":"SMITH"},{"floor":40,"key":"RECALL"},{"data":"Backflip","floor":49,"key":"SMITH"},{"data":"After Image","floor":52,"key":"SMITH"}],"neow_cost":"NONE","seed_source_timestamp":336926075020588,"circlet_count":0,"master_deck":["Defend_G+1","Defend_G+1","Defend_G+1","Defend_G+1","Survivor+1","Neutralize+1","Poisoned Stab+1","Skewer+1","Deadly Poison+1","Discovery+1","Noxious Fumes+1","Terror+1","After Image+1","Tactician+1","PiercingWail+1","Skewer+1","Deflect+1","Blur+1","PiercingWail+1","Night Terror+1","Backflip+1","Master of Strategy+1","Escape Plan","Acrobatics","Dodge and Roll+1","Discovery+1","After Image+1","Backflip+1","Dodge and Roll+1","Adrenaline"],"relics":["Ring of the Serpent","Tiny Chest","Mango","Bag of Preparation","Mercury Hourglass","Happy Flower","Anchor","Empty Cage","Pear","Oddly Smooth Stone","Snake Skull","Sundial","Bag of Marbles","Membership Card","Mark of the Bloom","Red Mask","MawBank","Vajra","DollysMirror","Dodecahedron"],"potions_floor_usage":[8,14,16,24,27,33,33,33,41,54,55,55],"damage_taken":[{"damage":0,"enemies":"Small Slimes","floor":1,"turns":4},{"damage":0,"enemies":"Cultist","floor":4,"turns":5},{"damage":0,"enemies":"2 Louse","floor":5,"turns":4},{"damage":27,"enemies":"Gremlin Nob","floor":6,"turns":5},{"damage":28,"enemies":"3 Sentries","floor":8,"turns":9},{"damage":1,"enemies":"Blue Slaver","floor":11,"turns":3},{"damage":3,"enemies":"Exordium Thugs","floor":13,"turns":3},{"damage":11,"enemies":"Lagavulin","floor":14,"turns":5},{"damage":7,"enemies":"The Guardian","floor":16,"turns":8},{"damage":0,"enemies":"Chosen","floor":18,"turns":3},{"damage":1,"enemies":"Spheric Guardian","floor":20,"turns":3},{"damage":0,"enemies":"Gremlin Leader","floor":24,"turns":6},{"damage":29,"enemies":"Slavers","floor":27,"turns":5},{"damage":0,"enemies":"Shelled Parasite and Fungi","floor":29,"turns":8},{"damage":0,"enemies":"Cultist and Chosen","floor":31,"turns":3},{"damage":12,"enemies":"Automaton","floor":33,"turns":17},{"damage":0,"enemies":"3 Darklings","floor":35,"turns":6},{"damage":49,"enemies":"Reptomancer","floor":41,"turns":8},{"damage":0,"enemies":"3 Shapes","floor":44,"turns":5},{"damage":0,"enemies":"Sphere and 2 Shapes","floor":45,"turns":4},{"damage":0,"enemies":"Jaw Worm Horde","floor":46,"turns":5},{"damage":0,"enemies":"Spire Growth","floor":48,"turns":6},{"damage":0,"enemies":"Donu and Deca","floor":50,"turns":16},{"damage":2,"enemies":"Shield and Spear","floor":54,"turns":10},{"damage":50,"enemies":"The Heart","floor":55,"turns":15}],"seed_played":"4180938014585134214","potions_obtained":[{"floor":5,"key":"GhostInAJar"},{"floor":6,"key":"Fire Potion"},{"floor":13,"key":"GhostInAJar"},{"floor":14,"key":"Dexterity Potion"},{"floor":16,"key":"GamblersBrew"},{"floor":20,"key":"Regen Potion"},{"floor":29,"key":"Weak Potion"},{"floor":31,"key":"Block Potion"},{"floor":33,"key":"AttackPotion"},{"floor":44,"key":"Weak Potion"},{"floor":46,"key":"SkillPotion"},{"floor":48,"key":"Poison Potion"}],"is_trial":false,"path_per_floor":["M","?","$","M","M","E","R","E","T","R","M","$","M","E","R","B",null,"M","T","M","$","?","R","E","R","T","E","$","M","T","M","R","B",null,"M","$","?","?","?","R","E","T","T","M","M","M","$","M","R","B",null,"R","$","E","B"],"character_chosen":"THE_SILENT","items_purchased":["Happy Flower","Discovery","Membership Card","DollysMirror","After Image","Backflip","SkillPotion"],"campfire_rested":0,"item_purchase_floors":[12,12,36,47,47,47,53],"current_hp_per_floor":[70,70,70,70,70,57,57,29,29,29,28,28,25,14,14,7,84,84,94,93,93,74,74,74,74,74,45,45,45,45,45,45,48,99,99,99,99,99,99,99,50,50,50,50,50,50,50,50,50,50,50,50,50,48,0],"gold":29,"neow_bonus":"RANDOM_COMMON_RELIC","is_prod":false,"is_daily":false,"chose_seed":false,"campfire_upgraded":8,"win_rate":0,"timestamp":1547058336,"path_taken":["M","?","$","?","M","E","R","E","T","R","M","$","M","E","R","BOSS","M","?","M","?","?","R","E","R","T","E","$","M","?","?","R","BOSS","M","$","?","?","?","R","E","?","T","M","M","M","$","M","R","BOSS","R","$","E","BOSS"],"build_version":"2019-01-03v4","purchased_purges":3,"victory":false,"max_hp_per_floor":[70,70,70,70,70,84,84,84,84,84,84,84,84,84,84,84,84,84,94,94,94,99,99,99,99,99,99,99,99,99,99,99,99,99,99,99,99,99,99,99,99,99,99,99,99,99,99,99,99,99,99,99,99,99,99],"card_choices":[{"not_picked":["Backflip","Outmaneuver","Bane"],"picked":"SKIP","floor":1},{"not_picked":["Expertise","Blade Dance","Underhanded Strike"],"picked":"SKIP","floor":4},{"not_picked":["Distraction","Acrobatics"],"picked":"Poisoned Stab","floor":5},{"not_picked":["Quick Slash","Sucker Punch","Flying Knee"],"picked":"SKIP","floor":6},{"not_picked":["PiercingWail","Poisoned Stab"],"picked":"Skewer","floor":8},{"not_picked":["Blade Dance","Dagger Throw"],"picked":"Deadly Poison","floor":11},{"not_picked":["PiercingWail","Die Die Die"],"picked":"Noxious Fumes","floor":13},{"not_picked":["Masterful Stab","Outmaneuver"],"picked":"Terror","floor":14},{"not_picked":["Envenom","A Thousand Cuts"],"picked":"After Image","floor":16},{"not_picked":["Expertise","Deflect"],"picked":"Tactician+1","floor":18},{"not_picked":["Accuracy","Dodge and Roll"],"picked":"PiercingWail+1","floor":20},{"not_picked":["Acrobatics","Flying Knee+1"],"picked":"Skewer","floor":24},{"not_picked":["Accuracy","All Out Attack"],"picked":"Deflect","floor":27},{"not_picked":["Backflip+1","Acrobatics"],"picked":"Blur+1","floor":29},{"not_picked":["Dagger Spray","Crippling Poison"],"picked":"PiercingWail+1","floor":31},{"not_picked":["Envenom","Malaise"],"picked":"Night Terror","floor":33},{"not_picked":["PiercingWail+1","Leg Sweep+1"],"picked":"Backflip+1","floor":35},{"not_picked":["Magnetism","Deep Breath"],"picked":"Master of Strategy","floor":37},{"not_picked":["Deadly Poison","Endless Agony+1"],"picked":"Escape Plan","floor":41},{"not_picked":["Deflect","Reflex+1"],"picked":"Acrobatics","floor":44},{"not_picked":["Dagger Spray","Bane","Slice"],"picked":"SKIP","floor":45},{"not_picked":["Cloak And Dagger","Heel Hook+1"],"picked":"Dodge and Roll+1","floor":46},{"not_picked":["Finisher","Deadly Poison+1"],"picked":"Dodge and Roll+1","floor":48},{"not_picked":["Endless Agony","Dodge and Roll"],"picked":"Adrenaline","floor":54}],"player_experience":25549,"relics_obtained":[{"floor":6,"key":"Mango"},{"floor":8,"key":"Bag of Preparation"},{"floor":9,"key":"Mercury Hourglass"},{"floor":14,"key":"Anchor"},{"floor":19,"key":"Pear"},{"floor":24,"key":"Oddly Smooth Stone"},{"floor":26,"key":"Snake Skull"},{"floor":27,"key":"Sundial"},{"floor":30,"key":"Bag of Marbles"},{"floor":41,"key":"MawBank"},{"floor":42,"key":"Vajra"},{"floor":54,"key":"Dodecahedron"}],"event_choices":[{"cards_removed":["Defend_G"],"damage_healed":0,"gold_gain":0,"player_choice":"Offered Basic","damage_taken":0,"max_hp_gain":0,"max_hp_loss":0,"event_name":"Bonfire Elementals","floor":2,"gold_loss":0},{"damage_healed":0,"gold_gain":0,"player_choice":"Shed Blood","damage_taken":24,"max_hp_gain":5,"max_hp_loss":0,"event_name":"Forgotten Altar","floor":22,"gold_loss":0},{"damage_healed":0,"gold_gain":0,"player_choice":"Memory 1","damage_taken":0,"max_hp_gain":0,"max_hp_loss":0,"event_name":"SensoryStone","floor":37,"gold_loss":0},{"damage_healed":0,"gold_gain":0,"player_choice":"Upgrade","damage_taken":0,"relics_obtained":["Mark of the Bloom"],"max_hp_gain":0,"max_hp_loss":0,"event_name":"MindBloom","floor":38,"gold_loss":0,"cards_upgraded":["Defend_G","Defend_G","Defend_G","Defend_G","Poisoned Stab","Deadly Poison","Noxious Fumes","Terror","Deflect","Night Terror","Master of Strategy"]},{"damage_healed":0,"gold_gain":0,"player_choice":"Paid","damage_taken":0,"relics_obtained":["Red Mask"],"max_hp_gain":0,"max_hp_loss":0,"event_name":"Tomb of Lord Red Mask","floor":39,"gold_loss":40}],"is_beta":false,"boss_relics":[{"not_picked":["Runic Dome","Fusion Hammer"],"picked":"Empty Cage"},{"not_picked":["Tiny House","Calling Bell"],"picked":"Ring of the Serpent"}],"items_purged_floors":[3,21,28],"is_endless":false,"potions_floor_spawned":[5,6,13,14,16,20,29,31,33,44,46,48],"killed_by":"The Heart","ascension_level":3}