{"gold_per_floor":[110,124,124,124,49,76,76,91,91,101,116,127,147,161,161,259,259,269,269,269,280,293,293,243,243,243,253,270,270,270,290,290,388,388,401,401,401,420,430,462,462,473,473,433,433,460,478,491,491,491],"floor_reached":51,"playtime":2248,"items_purged":["Defend_B","Strike_B"],"score":865,"play_id":"33053797-b431-4446-a311-34efb68cfb47","local_time":"20190222155529","is_ascension_mode":false,"campfire_choices":[{"data":"Beam Cell","floor":7,"key":"SMITH"},{"data":"Gash","floor":15,"key":"SMITH"},{"data":"Coolheaded","floor":23,"key":"SMITH"},{"data":"Gash","floor":25,"key":"SMITH"},{"data":"Glacier","floor":30,"key":"SMITH"},{"floor":32,"key":"REST"},{"floor":41,"key":"REST"},{"data":"Self Repair","floor":45,"key":"SMITH"},{"data":"Dualcast","floor":49,"key":"SMITH"}],"neow_cost":"NONE","seed_source_timestamp":166400513781514,"circlet_count":0,"master_deck":["Strike_B","Defend_B","Defend_B","Zap","Dualcast+1","Beam Cell+1","Gash+1","Self Repair+1","Gash+1","Coolheaded+1","Glacier+1"],"relics":["Cracked Core","NeowsBlessing","Blood Vial","Smiling Mask","Question Card","Runic Pyramid","Dodecahedron","Vajra","Black Star","Ice Cream","Turnip","Molten Egg 2","Orichalcum","Unceasing Top"],"potions_floor_usage":[16,16,22,27,39,40,40,48,50,50],"damage_taken":[{"damage":0,"enemies":"2 Louse","floor":1,"turns":1},{"damage":0,"enemies":"Cultist","floor":2,"turns":1},{"damage":0,"enemies":"3 Sentries","floor":6,"turns":1},{"damage":6,"enemies":"Jaw Worm","floor":8,"turns":2},{"damage":7,"enemies":"Blue Slaver","floor":10,"turns":2},{"damage":5,"enemies":"Looter","floor":11,"turns":2},{"damage":20,"enemies":"Exordium Thugs","floor":12,"turns":3},{"damage":9,"enemies":"Blue Slaver","floor":13,"turns":3},{"damage":0,"enemies":"3 Louse","floor":14,"turns":3},{"damage":33,"enemies":"The Guardian","floor":16,"turns":9},{"damage":5,"enemies":"Chosen","floor":18,"turns":4},{"damage":8,"enemies":"Spheric Guardian","floor":21,"turns":5},{"damage":11,"enemies":"Cultist and Chosen","floor":22,"turns":6},{"damage":3,"enemies":"Centurion and Healer","floor":27,"turns":4},{"damage":23,"enemies":"Snake Plant","floor":28,"turns":5},{"damage":3,"enemies":"Sentry and Sphere","floor":31,"turns":5},{"damage":0,"enemies":"Champ","floor":33,"turns":8},{"damage":20,"enemies":"3 Darklings","floor":35,"turns":7},{"damage":0,"enemies":"Orb Walker","floor":38,"turns":3},{"damage":12,"enemies":"Transient","floor":39,"turns":5},{"damage":33,"enemies":"Reptomancer","floor":40,"turns":7},{"damage":7,"enemies":"3 Darklings","floor":42,"turns":6},{"damage":0,"enemies":"Giant Head","floor":46,"turns":6},{"damage":0,"enemies":"Maw","floor":47,"turns":6},{"damage":0,"enemies":"4 Shapes","floor":48,"turns":9},{"damage":5,"enemies":"Time Eater","floor":50,"turns":9}],"seed_played":"-8616011291747419656","potions_obtained":[{"floor":2,"key":"LiquidBronze"},{"floor":8,"key":"Swift Potion"},{"floor":14,"key":"Fruit Juice"},{"floor":16,"key":"Regen Potion"},{"floor":18,"key":"SkillPotion"},{"floor":22,"key":"Poison Potion"},{"floor":27,"key":"LiquidBronze"},{"floor":33,"key":"FearPotion"},{"floor":39,"key":"Poison Potion"},{"floor":40,"key":"Block Potion"},{"floor":44,"key":"Ancient Potion"},{"floor":46,"key":"Fruit Juice"}],"is_trial":false,"path_per_floor":["M","M","?","?","$","E","R","M","T","M","M","M","M","M","R","B",null,"M","?","?","M","M","R","$","R","T","M","M","?","R","M","R","B",null,"M","?","?","M","M","E","R","M","T","?","R","E","M","M","R","B",null],"character_chosen":"DEFECT","items_purchased":[],"campfire_rested":2,"item_purchase_floors":[],"current_hp_per_floor":[75,75,63,63,63,65,65,61,61,56,60,42,42,51,51,32,80,80,80,80,79,76,76,76,76,76,80,64,64,64,70,80,80,80,67,67,67,69,76,50,72,74,74,74,74,76,76,81,81,81],"gold":491,"neow_bonus":"THREE_ENEMY_KILL","is_prod":false,"is_daily":false,"chose_seed":false,"campfire_upgraded":7,"win_rate":0,"timestamp":1550879729,"path_taken":["M","M","?","?","$","E","R","M","T","M","?","M","M","M","R","BOSS","M","?","?","M","M","R","$","R","T","M","M","?","R","?","R","BOSS","M","?","?","M","M","E","R","M","T","?","R","E","M","?","R","BOSS"],"build_version":"2019-01-23","purchased_purges":2,"victory":true,"max_hp_per_floor":[75,75,75,75,75,75,75,75,75,75,75,75,75,75,75,80,80,80,80,80,80,80,80,80,80,80,80,80,80,80,80,80,80,80,80,76,76,76,76,76,76,76,76,76,76,76,76,81,81,81],"card_choices":[{"not_picked":["Ball Lightning","Rebound"],"picked":"Beam Cell","floor":1},{"not_picked":["Streamline","Sweeping Beam","Reinforced Body"],"picked":"SKIP","floor":2},{"not_picked":["Recycle","Turbo"],"picked":"Gash","floor":6},{"not_picked":["Redo","Static Discharge","Beam Cell"],"picked":"SKIP","floor":8},{"not_picked":["Blizzard","Turbo","Echo Form"],"picked":"Self Repair","floor":10},{"not_picked":["Hologram","Compile Driver","Barrage","Redo"],"picked":"SKIP","floor":11},{"not_picked":["Sunder","Streamline","Cold Snap","Skim"],"picked":"SKIP","floor":12},{"not_picked":["Fusion","Barrage","Sweeping Beam","Storm"],"picked":"SKIP","floor":13},{"not_picked":["Skim","Sunder","Darkness"],"picked":"Gash","floor":14},{"not_picked":["Hologram","Barrage","Gash","Redo+1"],"picked":"SKIP","floor":18},{"not_picked":["Recycle","Cold Snap","Turbo","Go for the Eyes"],"picked":"SKIP","floor":21},{"not_picked":["Stack","Scrape","Turbo","Rip and Tear+1"],"picked":"SKIP","floor":22},{"not_picked":["Barrage+1","Defragment","Leap","Reprogram"],"picked":"SKIP","floor":27},{"not_picked":["Auto Shields","Doom and Gloom","Coolheaded"],"picked":"Glacier","floor":28},{"not_picked":["Streamline","Lockon+1","Reprogram+1","Auto Shields"],"picked":"SKIP","floor":31},{"not_picked":["Sweeping Beam+1","Hologram+1","Streamline+1","Doom and Gloom+1"],"picked":"SKIP","floor":35},{"not_picked":["Streamline+1","Double Energy+1","Rip and Tear+1","Gash"],"picked":"SKIP","floor":38},{"not_picked":["Stack+1","Coolheaded","Redo+1","Sunder+1"],"picked":"SKIP","floor":39},{"not_picked":["Electrodynamics","Self Repair","Scrape+1","Compile Driver+1"],"picked":"SKIP","floor":40},{"not_picked":["Doom and Gloom+1","Hologram+1","Rebound","Barrage"],"picked":"SKIP","floor":42},{"not_picked":["Undo","Hologram","Coolheaded","Conserve Battery+1"],"picked":"SKIP","floor":46},{"not_picked":["Go for the Eyes+1","Compile Driver+1","Genetic Algorithm+1","Ball Lightning+1"],"picked":"SKIP","floor":47},{"not_picked":["Capacitor","Thunder Strike+1","Ball Lightning+1","Cold Snap+1"],"picked":"SKIP","floor":48}],"player_experience":434032,"relics_obtained":[{"floor":6,"key":"Smiling Mask"},{"floor":9,"key":"Question Card"},{"floor":26,"key":"Dodecahedron"},{"floor":29,"key":"Vajra"},{"floor":40,"key":"Ice Cream"},{"floor":40,"key":"Turnip"},{"floor":43,"key":"Molten Egg 2"},{"floor":46,"key":"Orichalcum"},{"floor":46,"key":"Unceasing Top"}],"event_choices":[{"damage_healed":0,"gold_gain":0,"player_choice":"Success","damage_taken":12,"relics_obtained":["Blood Vial"],"max_hp_gain":0,"max_hp_loss":0,"event_name":"Scrap Ooze","floor":3,"gold_loss":0},{"cards_removed":["Strike_B"],"damage_healed":0,"gold_gain":0,"player_choice":"Card Removal","damage_taken":0,"max_hp_gain":0,"max_hp_loss":0,"event_name":"Wheel of Change","floor":4,"gold_loss":0},{"damage_healed":0,"gold_gain":0,"player_choice":"Read","damage_taken":0,"max_hp_gain":0,"max_hp_loss":0,"event_name":"The Library","floor":19,"gold_loss":0,"cards_obtained":["Coolheaded"]},{"cards_removed":["Strike_B"],"damage_healed":0,"gold_gain":0,"player_choice":"Elegance","damage_taken":0,"max_hp_gain":0,"max_hp_loss":0,"event_name":"Back to Basics","floor":20,"gold_loss":0},{"damage_healed":0,"gold_gain":0,"player_choice":"Relic","damage_taken":0,"max_hp_gain":0,"max_hp_loss":0,"event_name":"Wheel of Change","floor":29,"gold_loss":0},{"damage_healed":0,"gold_gain":0,"player_choice":"Max HP","damage_taken":0,"max_hp_gain":0,"max_hp_loss":4,"event_name":"Winding Halls","floor":36,"gold_loss":0},{"cards_removed":["Defend_B"],"damage_healed":0,"gold_gain":0,"player_choice":"Removed Skill","damage_taken":0,"max_hp_gain":0,"max_hp_loss":0,"event_name":"Falling","floor":37,"gold_loss":0},{"damage_healed":0,"gold_gain":0,"player_choice":"Bought 3 Potions","damage_taken":0,"max_hp_gain":0,"max_hp_loss":0,"event_name":"The Woman in Blue","floor":44,"gold_loss":0}],"is_beta":false,"boss_relics":[{"not_picked":["Velvet Choker","Calling Bell"],"picked":"Runic Pyramid"},{"not_picked":["Nuclear Battery","Eternal Feather"],"picked":"Black Star"}],"items_purged_floors":[5,24],"is_endless":false,"potions_floor_spawned":[2,8,14,16,18,22,27,33,39,40,46],"ascension_level":0}