{"gold_per_floor":[109,109,127,127,127,127,153,168,168,196,196,44,44,54,54,154,154,168,168,168,93,103,134,134,159,159,159,170,170],"floor_reached":29,"playtime":1621,"items_purged":["Strike_R"],"score":296,"play_id":"3c5e6b36-6fd0-45d9-a80e-55ff8e9ab609","local_time":"20190408215706","is_ascension_mode":true,"campfire_choices":[{"data":"Double Tap","floor":6,"key":"SMITH"},{"floor":11,"key":"REST"},{"data":"Spot Weakness","floor":13,"key":"SMITH"},{"floor":15,"key":"REST"},{"floor":24,"key":"REST"},{"floor":27,"key":"REST"}],"neow_cost":"NONE","seed_source_timestamp":119140597137950,"circlet_count":0,"master_deck":["Strike_R","Strike_R","Strike_R","Defend_R","Defend_R","Defend_R","Defend_R","Bash","Spot Weakness+1","Double Tap+1","Flex+1","Shrug It Off+1","Demon Form","Rage+1","Body Slam","Entrench+1","Barricade","Battle Trance+1"],"relics":["Burning Blood","Sundial","Blue Candle","Toxic Egg 2","Prayer Wheel","PreservedInsect","Lizard Tail","Pantograph","Gremlin Horn","The Courier"],"potions_floor_usage":[3,7,10,18,22,23],"damage_taken":[{"damage":5,"enemies":"2 Louse","floor":1,"turns":3},{"damage":2,"enemies":"Jaw Worm","floor":3,"turns":3},{"damage":30,"enemies":"3 Sentries","floor":7,"turns":9},{"damage":1,"enemies":"Small Slimes","floor":8,"turns":4},{"damage":36,"enemies":"Lagavulin","floor":10,"turns":4},{"damage":6,"enemies":"Blue Slaver","floor":14,"turns":3},{"damage":59,"enemies":"The Guardian","floor":16,"turns":12},{"damage":36,"enemies":"2 Thieves","floor":18,"turns":5},{"damage":26,"enemies":"Chosen","floor":22,"turns":8},{"damage":21,"enemies":"Book of Stabbing","floor":23,"turns":6},{"damage":66,"enemies":"Slavers","floor":25,"turns":10},{"damage":50,"enemies":"Centurion and Healer","floor":28,"turns":7},{"damage":50,"enemies":"Book of Stabbing","floor":29,"turns":6}],"seed_played":"-7375983917365925122","potions_obtained":[{"floor":0,"key":"SmokeBomb"},{"floor":0,"key":"SpeedPotion"},{"floor":0,"key":"Swift Potion"},{"floor":7,"key":"SmokeBomb"},{"floor":8,"key":"Strength Potion"},{"floor":16,"key":"Poison Potion"},{"floor":18,"key":"PowerPotion"},{"floor":20,"key":"FairyPotion"},{"floor":20,"key":"Regen Potion"}],"is_trial":false,"path_per_floor":["M","?","M","T","?","R","E","M","T","E","R","$","R","M","R","B",null,"M","?","?","$","M","E","R","E","T","R","M","E"],"character_chosen":"IRONCLAD","items_purchased":["PreservedInsect"],"campfire_rested":4,"item_purchase_floors":[12],"current_hp_per_floor":[80,85,85,85,78,78,54,59,59,29,54,54,54,54,79,26,85,55,55,55,55,47,32,57,7,7,32,38,0],"gold":170,"neow_bonus":"THREE_SMALL_POTIONS","is_prod":false,"is_daily":false,"chose_seed":false,"campfire_upgraded":2,"win_rate":0,"timestamp":1554753426,"path_taken":["M","?","M","?","?","R","E","M","T","E","R","?","R","M","R","BOSS","M","?","?","$","?","E","R","E","T","R","?","E"],"build_version":"2019-01-23","purchased_purges":1,"victory":false,"max_hp_per_floor":[80,85,85,85,85,85,85,85,85,85,85,85,85,85,85,85,85,85,85,85,85,85,85,85,85,85,85,85,85],"card_choices":[{"not_picked":["Pommel Strike","Seeing Red"],"picked":"Spot Weakness","floor":1},{"not_picked":["Fire Breathing","Wild Strike"],"picked":"Double Tap","floor":3},{"not_picked":["Warcry","Dual Wield","Flex"],"picked":"SKIP","floor":7},{"not_picked":["True Grit","Blood for Blood","Headbutt"],"picked":"SKIP","floor":8},{"not_picked":["Evolve","Rage+1"],"picked":"Flex+1","floor":10},{"not_picked":["Sever Soul","Ghostly Armor+1"],"picked":"Shrug It Off+1","floor":14},{"not_picked":["Perfected Strike","Thunderclap","Armaments+1"],"picked":"SKIP","floor":14},{"not_picked":["Barricade","Double Tap+1"],"picked":"Demon Form","floor":16},{"not_picked":["Pommel Strike","Evolve"],"picked":"Rage+1","floor":18},{"not_picked":["Dual Wield+1","Inflame"],"picked":"Body Slam","floor":18},{"not_picked":["Clash","True Grit+1"],"picked":"Barricade","floor":22},{"not_picked":["Clash","Infernal Blade+1","Iron Wave+1"],"picked":"SKIP","floor":22},{"not_picked":["Wild Strike","Inflame","Barricade"],"picked":"SKIP","floor":23},{"not_picked":["Anger+1","Heavy Blade"],"picked":"Battle Trance+1","floor":25},{"not_picked":["Bloodletting+1","True Grit+1","Anger"],"picked":"SKIP","floor":28},{"not_picked":["Perfected Strike","Clothesline","Wild Strike"],"picked":"SKIP","floor":28}],"player_experience":331346,"relics_obtained":[{"floor":4,"key":"Sundial"},{"floor":7,"key":"Blue Candle"},{"floor":9,"key":"Toxic Egg 2"},{"floor":10,"key":"Prayer Wheel"},{"floor":23,"key":"Pantograph"},{"floor":25,"key":"Gremlin Horn"},{"floor":26,"key":"The Courier"}],"event_choices":[{"damage_healed":0,"gold_gain":0,"player_choice":"Donut","damage_taken":0,"max_hp_gain":5,"max_hp_loss":0,"event_name":"Big Fish","floor":2,"gold_loss":0},{"cards_removed":["Strike_R"],"damage_healed":0,"gold_gain":0,"player_choice":"Card Removal","damage_taken":7,"max_hp_gain":0,"max_hp_loss":0,"event_name":"Golden Wing","floor":5,"gold_loss":0},{"damage_healed":0,"gold_gain":0,"player_choice":"Read","damage_taken":0,"max_hp_gain":0,"max_hp_loss":0,"event_name":"The Library","floor":19,"gold_loss":0,"cards_obtained":["Entrench"]},{"damage_healed":0,"gold_gain":0,"player_choice":"Got Potions","damage_taken":0,"max_hp_gain":0,"max_hp_loss":0,"event_name":"Lab","floor":20,"gold_loss":0}],"is_beta":false,"boss_relics":[{"not_picked":["Runic Pyramid","White Beast Statue"],"picked":"Lizard Tail"}],"items_purged_floors":[21],"is_endless":false,"potions_floor_spawned":[7,8,16,18],"killed_by":"Book of Stabbing","ascension_level":2}