{"gold_per_floor":[110,35,35,35,45,80,80,107,154,154,154,154,154,169,169,268,268,255,114,114,47,67,67],"floor_reached":23,"playtime":1235,"items_purged":["Strike_B","Dualcast+1"],"score":195,"play_id":"9a4a9be7-15a7-49a6-ba7b-70be92ce0c27","local_time":"20181113131303","daily_mods":["Heirloom","Time Dilation","Flight"],"is_ascension_mode":false,"campfire_choices":[{"data":"Capacitor","floor":7,"key":"SMITH"},{"floor":10,"key":"REST"},{"floor":11,"key":"REST"},{"floor":13,"key":"REST"},{"data":"Zap","floor":15,"key":"SMITH"}],"neow_cost":"","seed_source_timestamp":126991471781611,"circlet_count":0,"master_deck":["Strike_B","Strike_B","Strike_B","Defend_B","Defend_B","Defend_B+1","Defend_B","Zap+1","Self Repair","Turbo","Capacitor+1","Reboot","Thunder Strike","Lockon+1","Static Discharge","Storm","Storm"],"relics":["Cracked Core","Thread and Needle","Oddly Smooth Stone","Bag of Marbles","Bag of Preparation","War Paint","Kunai","Philosopher\u0027s Stone","Dodecahedron"],"potions_floor_usage":[8,16,16],"damage_taken":[{"damage":2,"enemies":"Cultist","floor":1,"turns":3},{"damage":1,"enemies":"Jaw Worm","floor":5,"turns":5},{"damage":18,"enemies":"Lagavulin","floor":6,"turns":9},{"damage":49,"enemies":"3 Sentries","floor":8,"turns":11},{"damage":3,"enemies":"2 Louse","floor":14,"turns":2},{"damage":47,"enemies":"The Guardian","floor":16,"turns":14},{"damage":29,"enemies":"2 Thieves","floor":18,"turns":5},{"damage":11,"enemies":"Shell Parasite","floor":22,"turns":4},{"damage":50,"enemies":"Slavers","floor":23,"turns":3}],"seed_played":"2367202829785072635","potions_obtained":[{"floor":1,"key":"SpeedPotion"},{"floor":6,"key":"Strength Potion"},{"floor":8,"key":"Block Potion"},{"floor":14,"key":"Poison Potion"}],"is_trial":true,"path_per_floor":["M","$","?","$","M","E","R","E","T","R","R","?","R","M","R","B",null,"M","$","?","$","M","E"],"character_chosen":"DEFECT","items_purchased":["Static Discharge","Storm"],"campfire_rested":3,"item_purchase_floors":[19,21],"current_hp_per_floor":[75,75,75,75,75,64,64,22,22,44,66,41,63,67,67,27,75,53,53,53,53,49,0],"gold":67,"neow_bonus":"","is_prod":false,"is_daily":false,"chose_seed":false,"campfire_upgraded":2,"win_rate":0.0,"timestamp":1542111183,"path_taken":["M","$","?","?","?","E","R","E","T","R","R","?","R","M","R","BOSS","M","$","?","?","?","E"],"build_version":"2018-11-08","purchased_purges":2,"victory":false,"max_hp_per_floor":[75,75,75,75,75,75,75,75,75,75,75,75,75,75,75,75,75,75,75,75,75,75,75],"card_choices":[{"not_picked":["Force Field","Hologram","Leap"],"picked":"SKIP","floor":1},{"not_picked":["Conserve Battery","Go for the Eyes"],"picked":"Turbo","floor":5},{"not_picked":["Gash","Storm"],"picked":"Capacitor","floor":6},{"not_picked":["Chill","Redo"],"picked":"Reboot","floor":8},{"not_picked":["Barrage","Coolheaded","Beam Cell"],"picked":"SKIP","floor":14},{"not_picked":["Seek","Biased Cognition"],"picked":"Thunder Strike","floor":16},{"not_picked":["Leap","Conserve Battery"],"picked":"Lockon+1","floor":18},{"not_picked":["BootSequence","White Noise"],"picked":"Storm","floor":22}],"player_experience":199293,"relics_obtained":[{"floor":6,"key":"Bag of Marbles"},{"floor":8,"key":"Bag of Preparation"},{"floor":9,"key":"War Paint"},{"floor":20,"key":"Dodecahedron"}],"event_choices":[{"damage_healed":0,"gold_gain":0,"player_choice":"Gave Potion","damage_taken":0,"relics_obtained":["Oddly Smooth Stone"],"max_hp_gain":0,"max_hp_loss":0,"event_name":"WeMeetAgain","floor":3,"gold_loss":0},{"damage_healed":0,"gold_gain":0,"player_choice":"Success","damage_taken":25,"relics_obtained":["Kunai"],"max_hp_gain":0,"max_hp_loss":0,"event_name":"Scrap Ooze","floor":12,"gold_loss":0},{"damage_healed":0,"gold_gain":0,"player_choice":"Relic","damage_taken":0,"max_hp_gain":0,"max_hp_loss":0,"event_name":"Wheel of Change","floor":20,"gold_loss":0}],"is_beta":false,"boss_relics":[{"not_picked":["Cursed Key","Calling Bell"],"picked":"Philosopher\u0027s Stone"}],"items_purged_floors":[2,19],"is_endless":false,"potions_floor_spawned":[1,6,8,14],"killed_by":"Slavers","ascension_level":0}