{"gold_per_floor":[115,190,365,55,74,107,118,134,134,151,170,190,210,6,6,102,102,115,103,103,116,132,132],"floor_reached":23,"playtime":2043,"items_purged":["Doubt","Strike_B"],"score":224,"play_id":"99f85950-9fc5-45af-9133-ab4925bc441c","local_time":"20190404234704","is_ascension_mode":false,"campfire_choices":[{"data":"Discovery","floor":15,"key":"SMITH"}],"neow_cost":"NONE","seed_source_timestamp":1173029664701100,"circlet_count":0,"master_deck":["Strike_B","Strike_B","Strike_B","Defend_B","Defend_B","Defend_B","Defend_B","Zap","Dualcast","Cold Snap","Discovery+1","Sunder","Conserve Battery","Turbo","Auto Shields","Static Discharge","Hologram","Defragment","Creative AI","Defragment","Stack","All For One","Coolheaded","Aggregate+1","Gash+1","Melter+1"],"relics":["Cracked Core","NeowsBlessing","Bag of Preparation","Thread and Needle","Mummified Hand","Eternal Feather","MutagenicStrength"],"potions_floor_usage":[16,16,16,23,23],"damage_taken":[{"damage":0,"enemies":"2 Louse","floor":1,"turns":1},{"damage":0,"enemies":"Jaw Worm","floor":5,"turns":1},{"damage":0,"enemies":"Gremlin Nob","floor":6,"turns":1},{"damage":0,"enemies":"Small Slimes","floor":7,"turns":1},{"damage":0,"enemies":"Looter","floor":8,"turns":2},{"damage":0,"enemies":"Large Slime","floor":10,"turns":4},{"damage":0,"enemies":"2 Fungi Beasts","floor":11,"turns":5},{"damage":0,"enemies":"Exordium Wildlife","floor":12,"turns":6},{"damage":0,"enemies":"Large Slime","floor":13,"turns":4},{"damage":14,"enemies":"Hexaghost","floor":16,"turns":5},{"damage":13,"enemies":"Shell Parasite","floor":18,"turns":7},{"damage":10,"enemies":"2 Thieves","floor":19,"turns":5},{"damage":0,"enemies":"Cultist and Chosen","floor":21,"turns":6},{"damage":20,"enemies":"Centurion and Healer","floor":22,"turns":9},{"damage":37,"enemies":"Slavers","floor":23,"turns":3}],"seed_played":"5343656736180396023","potions_obtained":[{"floor":5,"key":"PowerPotion"},{"floor":6,"key":"SpeedPotion"},{"floor":7,"key":"Poison Potion"},{"floor":11,"key":"FocusPotion"},{"floor":18,"key":"Strength Potion"},{"floor":22,"key":"Poison Potion"}],"is_trial":false,"path_per_floor":["M","?","?","$","M","E","M","M","T","M","M","M","M","$","R","B",null,"M","M","?","M","M","E"],"character_chosen":"DEFECT","items_purchased":["Bag of Preparation","Discovery","Defragment","Stack"],"campfire_rested":0,"item_purchase_floors":[4,4,14,14],"current_hp_per_floor":[75,64,64,64,64,64,64,64,64,64,64,64,64,64,64,50,75,62,52,52,52,32,0],"gold":132,"neow_bonus":"THREE_ENEMY_KILL","is_prod":false,"is_daily":false,"chose_seed":false,"campfire_upgraded":1,"win_rate":0.0,"timestamp":1554414424,"path_taken":["M","?","?","?","?","E","M","M","T","M","M","M","M","$","R","BOSS","M","M","?","M","M","E"],"build_version":"2019-01-23","purchased_purges":2,"victory":false,"max_hp_per_floor":[75,75,75,75,75,75,75,75,75,75,75,75,75,75,75,75,75,75,75,75,75,75,75],"card_choices":[{"not_picked":["Hologram","Redo"],"picked":"Cold Snap","floor":1},{"not_picked":["Scrape","Genetic Algorithm"],"picked":"Sunder","floor":5},{"not_picked":["Leap","Scrape"],"picked":"Conserve Battery","floor":6},{"not_picked":["Stack","Barrage"],"picked":"Turbo","floor":7},{"not_picked":["Force Field","Aggregate"],"picked":"Auto Shields","floor":8},{"not_picked":["Beam Cell","Glacier"],"picked":"Static Discharge","floor":10},{"not_picked":["Rip and Tear","Chill"],"picked":"Hologram","floor":11},{"not_picked":["FTL","Skim"],"picked":"Defragment","floor":12},{"not_picked":["Skim","Cold Snap"],"picked":"Creative AI","floor":13},{"not_picked":["Core Surge","Multi-Cast"],"picked":"All For One","floor":16},{"not_picked":["Barrage","Ball Lightning"],"picked":"Coolheaded","floor":18},{"not_picked":["Redo","Lockon+1"],"picked":"Aggregate+1","floor":19},{"not_picked":["Fusion","Compile Driver"],"picked":"Gash+1","floor":21},{"not_picked":["Rip and Tear","Streamline"],"picked":"Melter+1","floor":22}],"player_experience":68035,"relics_obtained":[{"floor":6,"key":"Thread and Needle"},{"floor":9,"key":"Mummified Hand"}],"event_choices":[{"damage_healed":0,"gold_gain":75,"player_choice":"Gather Gold","damage_taken":11,"max_hp_gain":0,"max_hp_loss":0,"event_name":"World of Goop","floor":2,"gold_loss":0},{"damage_healed":0,"gold_gain":175,"player_choice":"AGREE","damage_taken":0,"max_hp_gain":0,"max_hp_loss":0,"event_name":"Liars Game","floor":3,"gold_loss":0,"cards_obtained":["Doubt"]},{"damage_healed":0,"gold_gain":0,"player_choice":"Inject Mutagens","damage_taken":0,"relics_obtained":["MutagenicStrength"],"max_hp_gain":0,"max_hp_loss":0,"event_name":"Drug Dealer","floor":20,"gold_loss":0}],"is_beta":false,"boss_relics":[{"not_picked":["Velvet Choker","Lizard Tail"],"picked":"Eternal Feather"}],"items_purged_floors":[4,14],"is_endless":false,"potions_floor_spawned":[5,6,7,11,12,18,19,22],"killed_by":"Slavers","ascension_level":0}