{"gold_per_floor":[115,37,37,55,5,5,34,34,34,45,45,45,45,59,59,158,158,146,71,90,105,5,5,24,24,24,24,35,35,52,72,72,174,224,240,260,260,276,276,276,105,125,125,125],"floor_reached":44,"playtime":2210,"items_purged":["Force Field","Steam","Gash"],"score":525,"play_id":"2377239b-e1e0-4003-991e-3352063982fc","local_time":"20181124003150","is_ascension_mode":true,"campfire_choices":[{"data":"Cold Snap","floor":6,"key":"SMITH"},{"data":"Dualcast","floor":8,"key":"SMITH"},{"data":"Reinforced Body","floor":11,"key":"SMITH"},{"data":"Redo","floor":15,"key":"SMITH"},{"data":"Glacier","floor":23,"key":"SMITH"},{"floor":29,"key":"REST"},{"data":"Redo","floor":32,"key":"SMITH"},{"data":"Echo Form","floor":40,"key":"SMITH"}],"neow_cost":"NONE","seed_source_timestamp":556805547040674,"circlet_count":0,"master_deck":["Cold Snap+1","Darkness+1","Reinforced Body+1","Redo+1","Reboot","Sweeping Beam","Cold Snap","Glacier+1","Conserve Battery","Leap+1","Redo+1","Self Repair+1","Echo Form+1","Cold Snap+1","Coolheaded","Parasite"],"relics":["Cracked Core","NeowsBlessing","Bag of Marbles","Gremlin Horn","Pen Nib","Pandora\u0027s Box","Question Card","Tiny House","Incense Burner"],"potions_floor_usage":[16,16,24,24,31,33,34,42,42],"damage_taken":[{"damage":0,"enemies":"Jaw Worm","floor":1,"turns":1},{"damage":0,"enemies":"Small Slimes","floor":4,"turns":1},{"damage":0,"enemies":"3 Sentries","floor":7,"turns":1},{"damage":0,"enemies":"2 Louse","floor":10,"turns":1},{"damage":0,"enemies":"2 Fungi Beasts","floor":14,"turns":3},{"damage":32,"enemies":"The Guardian","floor":16,"turns":8},{"damage":11,"enemies":"2 Thieves","floor":18,"turns":4},{"damage":0,"enemies":"Spheric Guardian","floor":20,"turns":4},{"damage":0,"enemies":"Cultist and Chosen","floor":21,"turns":5},{"damage":5,"enemies":"Snake Plant","floor":24,"turns":4},{"damage":1,"enemies":"3 Cultists","floor":28,"turns":4},{"damage":3,"enemies":"Sentry and Sphere","floor":30,"turns":5},{"damage":5,"enemies":"Shelled Parasite and Fungi","floor":31,"turns":5},{"damage":21,"enemies":"Collector","floor":33,"turns":6},{"damage":5,"enemies":"3 Darklings","floor":35,"turns":6},{"damage":16,"enemies":"Orb Walker","floor":36,"turns":5},{"damage":29,"enemies":"Transient","floor":38,"turns":5},{"damage":19,"enemies":"3 Darklings","floor":42,"turns":4},{"damage":46,"enemies":"Writhing Mass","floor":44,"turns":3}],"seed_played":"7194542636111340395","potions_obtained":[{"floor":4,"key":"Block Potion"},{"floor":10,"key":"AttackPotion"},{"floor":21,"key":"Dexterity Potion"},{"floor":24,"key":"Fruit Juice"},{"floor":28,"key":"Strength Potion"},{"floor":30,"key":"Weak Potion"},{"floor":34,"key":"Fruit Juice"},{"floor":35,"key":"LiquidBronze"},{"floor":36,"key":"SteroidPotion"},{"floor":42,"key":"Fruit Juice"}],"is_trial":false,"path_per_floor":["M","$","?","M","?","R","E","R","T","M","R","$","?","M","R","B",null,"M","$","M","M","$","R","M","?","T","?","M","R","M","M","R","B",null,"M","M","?","M","?","R","$","M","T","M"],"character_chosen":"DEFECT","items_purchased":["Darkness","Coolheaded"],"campfire_rested":1,"item_purchase_floors":[2,41],"current_hp_per_floor":[75,75,75,75,75,75,75,75,75,75,75,75,68,68,68,36,75,64,64,64,64,64,64,64,64,64,56,55,79,76,80,80,69,90,90,84,84,55,55,55,55,41,41,0],"gold":125,"neow_bonus":"THREE_ENEMY_KILL","is_prod":false,"is_daily":false,"chose_seed":false,"campfire_upgraded":7,"win_rate":0,"timestamp":1543015910,"path_taken":["M","$","?","M","?","R","E","R","T","M","R","?","?","M","R","BOSS","M","$","M","M","$","R","M","?","T","?","M","R","M","M","R","BOSS","M","M","?","M","?","R","?","M","T","M"],"build_version":"2018-11-15","purchased_purges":3,"victory":false,"max_hp_per_floor":[75,75,75,75,75,75,75,75,75,75,75,75,75,75,75,75,75,75,75,75,75,75,75,80,80,80,80,80,80,80,80,80,80,90,90,90,85,85,85,85,85,90,90,90],"card_choices":[{"not_picked":["Heatsinks","Compile Driver"],"picked":"Cold Snap","floor":1},{"not_picked":["Leap","Steam","Go for the Eyes"],"picked":"SKIP","floor":4},{"not_picked":["Rebound","Electrodynamics","Sunder"],"picked":"SKIP","floor":7},{"not_picked":["BootSequence","Hologram"],"picked":"Reinforced Body","floor":10},{"not_picked":["Double Energy","Steam Power"],"picked":"Redo","floor":14},{"not_picked":["Hyperbeam","Buffer"],"picked":"Reboot","floor":16},{"not_picked":["Turbo+1","Rebound+1","Gash"],"picked":"SKIP","floor":18},{"not_picked":["Streamline+1","Loop","Reinforced Body+1"],"picked":"SKIP","floor":20},{"not_picked":["Undo","Go for the Eyes","Turbo"],"picked":"SKIP","floor":21},{"not_picked":["Beam Cell","Stack+1"],"picked":"Redo","floor":24},{"not_picked":["Ball Lightning+1","Go for the Eyes","Hologram","Hello World"],"picked":"SKIP","floor":28},{"not_picked":["Barrage+1","Reprogram","Turbo"],"picked":"Self Repair+1","floor":30},{"not_picked":["Force Field","Glacier","Compile Driver","Gash"],"picked":"SKIP","floor":31},{"not_picked":["Creative AI","Thunder Strike","All For One"],"picked":"Echo Form","floor":33},{"not_picked":["Go for the Eyes+1","Conserve Battery+1","Leap"],"picked":"Cold Snap+1","floor":35},{"not_picked":["Rebound+1","Compile Driver+1","Recycle","White Noise+1"],"picked":"SKIP","floor":36},{"not_picked":["Ball Lightning","Capacitor","Compile Driver","Go for the Eyes+1"],"picked":"SKIP","floor":38},{"not_picked":["Steam","Rebound+1","Hologram","Barrage"],"picked":"SKIP","floor":42}],"player_experience":240126,"relics_obtained":[{"floor":7,"key":"Bag of Marbles"},{"floor":9,"key":"Gremlin Horn"},{"floor":26,"key":"Question Card"},{"floor":43,"key":"Incense Burner"}],"event_choices":[{"damage_healed":0,"gold_gain":0,"player_choice":"Grow","damage_taken":0,"max_hp_gain":0,"max_hp_loss":0,"event_name":"Living Wall","floor":3,"gold_loss":0,"cards_upgraded":["Darkness"]},{"cards_removed":["Zap"],"damage_healed":0,"gold_gain":0,"player_choice":"Card Removal","damage_taken":0,"max_hp_gain":0,"max_hp_loss":0,"event_name":"The Cleric","floor":5,"gold_loss":50},{"damage_healed":0,"gold_gain":0,"player_choice":"Success","damage_taken":7,"relics_obtained":["Pen Nib"],"max_hp_gain":0,"max_hp_loss":0,"event_name":"Scrap Ooze","floor":13,"gold_loss":0},{"damage_healed":0,"gold_gain":0,"player_choice":"Ignored","damage_taken":0,"max_hp_gain":0,"max_hp_loss":0,"event_name":"Beggar","floor":25,"gold_loss":0},{"damage_healed":0,"gold_gain":0,"player_choice":"Damaged","damage_taken":8,"max_hp_gain":0,"max_hp_loss":0,"event_name":"Wheel of Change","floor":27,"gold_loss":0},{"damage_healed":0,"gold_gain":0,"player_choice":"Max HP","damage_taken":0,"max_hp_gain":0,"max_hp_loss":5,"event_name":"Winding Halls","floor":37,"gold_loss":0},{"cards_removed":["Dualcast"],"damage_healed":0,"gold_gain":0,"player_choice":"Removed Skill","damage_taken":0,"max_hp_gain":0,"max_hp_loss":0,"event_name":"Falling","floor":39,"gold_loss":0}],"is_beta":false,"boss_relics":[{"not_picked":["Cursed Key","Orrery"],"picked":"Pandora\u0027s Box"},{"not_picked":["Sozu","Runic Dome"],"picked":"Tiny House"}],"items_purged_floors":[19,22,41],"is_endless":false,"potions_floor_spawned":[4,10,21,24,28,30,35,36,42],"killed_by":"Writhing Mass","ascension_level":3}