{"gold_per_floor":[110,126,201,211,211,245,245,275,275,286,286,286,320,349,349,349],"floor_reached":16,"playtime":960,"items_purged":[],"score":146,"play_id":"ce7f8dbc-2fd8-447b-8612-fd22ba324d73","local_time":"20190414110842","is_ascension_mode":true,"campfire_choices":[{"floor":7,"key":"REST"},{"floor":12,"key":"REST"},{"floor":15,"key":"REST"}],"neow_cost":"TEN_PERCENT_HP_LOSS","seed_source_timestamp":92487313318761,"circlet_count":0,"master_deck":["Strike_R","Strike_R","Strike_R","Defend_R","Defend_R","Defend_R","Defend_R","Bash","Body Slam","Clothesline","Shrug It Off","Offering","Headbutt","Burning Pact"],"relics":["Burning Blood","Omamori","Golden Idol","Juzu Bracelet","Odd Mushroom"],"potions_floor_usage":[6,13,16,16],"damage_taken":[{"damage":15,"enemies":"Small Slimes","floor":1,"turns":3},{"damage":7,"enemies":"2 Louse","floor":2,"turns":3},{"damage":4,"enemies":"Jaw Worm","floor":4,"turns":5},{"damage":38,"enemies":"Gremlin Nob","floor":6,"turns":6},{"damage":2,"enemies":"2 Fungi Beasts","floor":10,"turns":4},{"damage":36,"enemies":"Lagavulin","floor":13,"turns":7},{"damage":25,"enemies":"The Mushroom Lair","floor":14,"turns":5},{"damage":52,"enemies":"The Guardian","floor":16,"turns":14}],"seed_played":"-6254340152136904008","potions_obtained":[{"floor":1,"key":"SteroidPotion"},{"floor":6,"key":"Regen Potion"},{"floor":13,"key":"Dexterity Potion"},{"floor":14,"key":"EssenceOfSteel"}],"is_trial":false,"path_per_floor":["M","M","?","M","?","E","R","?","T","M","?","R","E","?","R","B"],"character_chosen":"IRONCLAD","items_purchased":[],"campfire_rested":3,"item_purchase_floors":[],"current_hp_per_floor":[63,62,51,53,58,26,49,49,49,53,34,57,42,23,46,0],"gold":349,"neow_bonus":"REMOVE_TWO","is_prod":false,"is_daily":false,"chose_seed":false,"campfire_upgraded":0,"win_rate":0,"timestamp":1555207722,"path_taken":["M","M","?","M","?","E","R","?","T","M","?","R","E","?","R","BOSS"],"build_version":"2019-01-23","purchased_purges":0,"victory":false,"max_hp_per_floor":[72,72,72,72,77,77,77,77,77,77,77,77,77,77,77,77],"card_choices":[{"not_picked":["Hemokinesis","Iron Wave"],"picked":"Body Slam","floor":1},{"not_picked":["Shockwave","Wild Strike"],"picked":"Clothesline","floor":2},{"not_picked":["Feel No Pain","Disarm"],"picked":"Shrug It Off","floor":4},{"not_picked":["Feel No Pain","Armaments"],"picked":"Offering","floor":6},{"not_picked":["Anger","Searing Blow"],"picked":"Headbutt","floor":10},{"not_picked":["Anger","Combust","Reckless Charge"],"picked":"SKIP","floor":13},{"not_picked":["Headbutt","Sever Soul"],"picked":"Burning Pact","floor":14}],"player_experience":330079,"relics_obtained":[{"floor":6,"key":"Omamori"},{"floor":13,"key":"Juzu Bracelet"},{"floor":14,"key":"Odd Mushroom"}],"event_choices":[{"damage_healed":0,"gold_gain":75,"player_choice":"Gather Gold","damage_taken":11,"max_hp_gain":0,"max_hp_loss":0,"event_name":"World of Goop","floor":3,"gold_loss":0},{"damage_healed":0,"gold_gain":0,"player_choice":"Donut","damage_taken":0,"max_hp_gain":5,"max_hp_loss":0,"event_name":"Big Fish","floor":5,"gold_loss":0},{"damage_healed":0,"gold_gain":30,"player_choice":"Searched \u00271\u0027 times","damage_taken":0,"max_hp_gain":0,"max_hp_loss":0,"event_name":"Dead Adventurer","floor":8,"gold_loss":0},{"damage_healed":0,"gold_gain":0,"player_choice":"Take Damage","damage_taken":19,"relics_obtained":["Golden Idol"],"max_hp_gain":0,"max_hp_loss":0,"event_name":"Golden Idol","floor":11,"gold_loss":0},{"damage_healed":0,"gold_gain":0,"player_choice":"Fought Mushrooms","damage_taken":0,"max_hp_gain":0,"max_hp_loss":0,"event_name":"Mushrooms","floor":14,"gold_loss":0}],"is_beta":false,"boss_relics":[],"items_purged_floors":[],"is_endless":false,"potions_floor_spawned":[1,6,13,14],"killed_by":"The Guardian","ascension_level":7}