{"gold_per_floor":[119,136,136,109,119,153,153,153,225,225,238,238,57,83,83,157,157,172,172,97,97,97,97,97],"floor_reached":24,"playtime":1457,"items_purged":["Writhe"],"score":365,"play_id":"6a29c175-32f1-47ea-bb9e-8c21338ea9bc","local_time":"20190317152533","is_ascension_mode":true,"campfire_choices":[{"floor":7,"key":"REST"},{"data":"Fiend Fire","floor":10,"key":"SMITH"},{"data":"Armaments","floor":12,"key":"SMITH"},{"floor":15,"key":"REST"},{"data":"Shockwave","floor":23,"key":"SMITH"}],"neow_cost":"CURSE","seed_source_timestamp":506984234785282,"circlet_count":0,"master_deck":["AscendersBane","Strike_R","Strike_R","Strike_R","Defend_R","Defend_R","Defend_R","Defend_R","Bash","Shockwave+1","Shrug It Off","Armaments+1","Fiend Fire+1","Thunderclap","Cleave","Metallicize","Ghostly Armor","Dropkick","Feed"],"relics":["Burning Blood","Pen Nib","Ancient Tea Set","Pantograph","Pear","Empty Cage","Orichalcum"],"potions_floor_usage":[16],"damage_taken":[{"damage":6,"enemies":"Cultist","floor":1,"turns":4},{"damage":9,"enemies":"Jaw Worm","floor":2,"turns":5},{"damage":7,"enemies":"Small Slimes","floor":5,"turns":5},{"damage":59,"enemies":"Lagavulin","floor":6,"turns":9},{"damage":9,"enemies":"3 Louse","floor":11,"turns":6},{"damage":5,"enemies":"3 Sentries","floor":14,"turns":5},{"damage":74,"enemies":"Hexaghost","floor":16,"turns":15},{"damage":17,"enemies":"Chosen","floor":18,"turns":7},{"damage":77,"enemies":"Book of Stabbing","floor":24,"turns":9}],"seed_played":"-533444069094454079","potions_obtained":[{"floor":6,"key":"SkillPotion"},{"floor":8,"key":"Ancient Potion"},{"floor":8,"key":"Regen Potion"}],"is_trial":false,"path_per_floor":["M","M","?","$","M","E","R","?","T","R","M","R","$","E","R","B",null,"M","?","$","?","$","R","E"],"character_chosen":"IRONCLAD","items_purchased":["Armaments","Cleave","Metallicize","Ghostly Armor"],"campfire_rested":2,"item_purchase_floors":[4,13,13,13],"current_hp_per_floor":[82,79,67,67,66,13,39,39,39,39,36,36,36,47,76,46,86,75,75,75,75,75,75,0],"gold":97,"neow_bonus":"TWENTY_PERCENT_HP_BONUS","is_prod":false,"is_daily":false,"chose_seed":false,"campfire_upgraded":3,"win_rate":0,"timestamp":1552836333,"path_taken":["M","M","?","$","M","E","R","?","T","R","?","R","$","E","R","BOSS","M","?","$","?","$","R","E"],"build_version":"2019-01-23","purchased_purges":1,"victory":false,"max_hp_per_floor":[89,89,89,89,89,89,89,89,89,89,89,89,89,99,99,99,99,99,99,99,99,99,99,99],"card_choices":[{"not_picked":["True Grit","Clash"],"picked":"Shockwave","floor":1},{"not_picked":["Sword Boomerang","Thunderclap"],"picked":"Shrug It Off","floor":2},{"not_picked":["Anger","Fire Breathing","Pommel Strike"],"picked":"SKIP","floor":5},{"not_picked":["Uppercut","Heavy Blade"],"picked":"Fiend Fire","floor":6},{"not_picked":["Headbutt","Sever Soul"],"picked":"Thunderclap","floor":11},{"not_picked":["Heavy Blade","Entrench"],"picked":"Dropkick","floor":14},{"not_picked":["Limit Break","Juggernaut"],"picked":"Feed","floor":16},{"not_picked":["Shrug It Off","Wild Strike","Infernal Blade"],"picked":"SKIP","floor":18}],"player_experience":1580264,"relics_obtained":[{"floor":6,"key":"Ancient Tea Set"},{"floor":9,"key":"Pantograph"},{"floor":14,"key":"Pear"}],"event_choices":[{"damage_healed":0,"gold_gain":0,"player_choice":"Success","damage_taken":12,"relics_obtained":["Pen Nib"],"max_hp_gain":0,"max_hp_loss":0,"event_name":"Scrap Ooze","floor":3,"gold_loss":0},{"damage_healed":0,"gold_gain":0,"player_choice":"Got Potions","damage_taken":0,"max_hp_gain":0,"max_hp_loss":0,"event_name":"Lab","floor":8,"gold_loss":0},{"damage_healed":0,"gold_gain":0,"player_choice":"Opened","damage_taken":0,"relics_obtained":["Orichalcum"],"max_hp_gain":0,"max_hp_loss":0,"event_name":"The Mausoleum","floor":19,"gold_loss":0,"cards_obtained":["Writhe"]},{"cards_removed":["Strike_R"],"damage_healed":0,"gold_gain":0,"player_choice":"Elegance","damage_taken":0,"max_hp_gain":0,"max_hp_loss":0,"event_name":"Back to Basics","floor":21,"gold_loss":0}],"is_beta":false,"boss_relics":[{"not_picked":["Lizard Tail","Runic Dome"],"picked":"Empty Cage"}],"items_purged_floors":[20],"is_endless":false,"potions_floor_spawned":[6,11,14],"killed_by":"Book of Stabbing","ascension_level":14}