{"gold_per_floor":[113,124,124,134,134,167,167,188,188,188,188,188,188,205,205,306,306,324,340,356,65,65,65,91,106,106,106,126,31,31,44,44,143,143,154,172,272,287,301,335,335,350,375,375,375],"floor_reached":45,"playtime":3769,"items_purged":["Defend_B"],"score":558,"play_id":"9096dbd3-1086-4b79-939f-048d7b09ad4a","local_time":"20190330223138","is_ascension_mode":true,"campfire_choices":[{"data":"Reprogram","floor":7,"key":"SMITH"},{"floor":10,"key":"REST"},{"data":"Beam Cell","floor":12,"key":"SMITH"},{"floor":15,"key":"REST"},{"data":"Sunder","floor":23,"key":"SMITH"},{"data":"Fission","floor":30,"key":"SMITH"},{"floor":32,"key":"REST"},{"floor":41,"key":"REST"}],"neow_cost":"NONE","seed_source_timestamp":1387288743549788,"circlet_count":0,"master_deck":["Strike_B","Defend_B","Defend_B","Zap+1","Dualcast","Streamline+1","Reprogram+1","Cold Snap","Beam Cell+1","Biased Cognition","Creative AI+1","Chill+1","Reboot+1","Go for the Eyes+1","Streamline+1","Sunder+1","Fission+1","Glacier+1","Panacea","Core Surge","Streamline+1","Skim","Defragment+1","Turbo","Go for the Eyes+1","Panacea"],"relics":["Cracked Core","NeowsBlessing","Gremlin Horn","Odd Mushroom","Kunai","Astrolabe","Whetstone","Darkstone Periapt","Boot","Cables","Lizard Tail","Sundial","DataDisk"],"potions_floor_usage":[16,16,33,39,39,39,42,45],"damage_taken":[{"damage":0,"enemies":"Small Slimes","floor":1,"turns":1},{"damage":0,"enemies":"Cultist","floor":2,"turns":1},{"damage":0,"enemies":"Jaw Worm","floor":4,"turns":1},{"damage":16,"enemies":"Lagavulin","floor":6,"turns":6},{"damage":13,"enemies":"The Mushroom Lair","floor":8,"turns":3},{"damage":5,"enemies":"Large Slime","floor":14,"turns":2},{"damage":29,"enemies":"Hexaghost","floor":16,"turns":6},{"damage":3,"enemies":"Shell Parasite","floor":18,"turns":3},{"damage":3,"enemies":"3 Byrds","floor":19,"turns":6},{"damage":4,"enemies":"Cultist and Chosen","floor":20,"turns":5},{"damage":29,"enemies":"Slavers","floor":24,"turns":5},{"damage":0,"enemies":"3 Cultists","floor":25,"turns":3},{"damage":0,"enemies":"Snake Plant","floor":28,"turns":2},{"damage":6,"enemies":"Shelled Parasite and Fungi","floor":31,"turns":3},{"damage":21,"enemies":"Automaton","floor":33,"turns":9},{"damage":4,"enemies":"3 Shapes","floor":35,"turns":3},{"damage":4,"enemies":"Orb Walker","floor":36,"turns":3},{"damage":18,"enemies":"Spire Growth","floor":38,"turns":4},{"damage":50,"enemies":"Transient","floor":39,"turns":5},{"damage":4,"enemies":"Nemesis","floor":40,"turns":5},{"damage":15,"enemies":"Sphere and 2 Shapes","floor":42,"turns":6},{"damage":55,"enemies":"Giant Head","floor":45,"turns":6}],"seed_played":"3440672568144685906","potions_obtained":[{"floor":6,"key":"Strength Potion"},{"floor":14,"key":"LiquidBronze"},{"floor":19,"key":"Dexterity Potion"},{"floor":28,"key":"SpeedPotion"},{"floor":31,"key":"Explosive Potion"},{"floor":38,"key":"Fire Potion"},{"floor":40,"key":"Ancient Potion"},{"floor":42,"key":"LiquidBronze"}],"is_trial":false,"path_per_floor":["M","M","?","M","?","E","R","?","T","R","?","R","?","M","R","B",null,"M","M","M","$","?","R","E","M","T","?","M","$","R","M","R","B",null,"M","M","?","M","M","E","R","M","T","?","E"],"character_chosen":"DEFECT","items_purchased":["Sunder","Whetstone","Panacea"],"campfire_rested":4,"item_purchase_floors":[21,21,29],"current_hp_per_floor":[75,75,75,75,60,44,44,31,31,53,46,46,46,41,63,34,75,72,69,65,65,65,65,36,36,36,36,36,36,36,30,52,31,75,71,67,67,49,37,33,55,40,40,40,0],"gold":375,"neow_bonus":"THREE_ENEMY_KILL","is_prod":false,"is_daily":false,"chose_seed":false,"campfire_upgraded":4,"win_rate":0,"timestamp":1553952698,"path_taken":["M","M","?","?","?","E","R","?","T","R","?","R","?","M","R","BOSS","M","M","M","$","?","R","E","M","T","?","M","$","R","M","R","BOSS","M","M","?","M","M","E","R","?","T","?","E"],"build_version":"2019-01-23","purchased_purges":1,"victory":false,"max_hp_per_floor":[75,75,75,75,75,75,75,75,75,75,75,75,75,75,75,75,75,75,75,75,75,75,75,75,75,75,75,75,75,75,75,75,75,75,75,75,75,75,75,75,75,75,75,75,75],"card_choices":[{"not_picked":["Compile Driver","Gash"],"picked":"Streamline","floor":1},{"not_picked":["Leap","Conserve Battery"],"picked":"Reprogram","floor":2},{"not_picked":["Turbo","Coolheaded"],"picked":"Cold Snap","floor":4},{"not_picked":["Barrage","Static Discharge","White Noise"],"picked":"SKIP","floor":6},{"not_picked":["Doom and Gloom","FTL"],"picked":"Beam Cell","floor":8},{"not_picked":["Lockon","Chaos","Amplify"],"picked":"SKIP","floor":14},{"not_picked":["Rainbow","Thunder Strike"],"picked":"Biased Cognition","floor":16},{"not_picked":["Beam Cell","Gash"],"picked":"Go for the Eyes","floor":18},{"not_picked":["Rip and Tear","Hologram","Heatsinks"],"picked":"SKIP","floor":19},{"not_picked":["Stack","Reinforced Body"],"picked":"Streamline","floor":20},{"not_picked":["Auto Shields","Skim"],"picked":"Fission","floor":24},{"not_picked":["Leap","Beam Cell"],"picked":"Glacier+1","floor":25},{"not_picked":["Barrage","Glacier","Hello World"],"picked":"SKIP","floor":28},{"not_picked":["Beam Cell","Go for the Eyes","Lockon"],"picked":"SKIP","floor":31},{"not_picked":["Fission","Multi-Cast"],"picked":"Core Surge","floor":33},{"not_picked":["Steam+1","Conserve Battery"],"picked":"Streamline+1","floor":35},{"not_picked":["White Noise+1","Streamline","Heatsinks+1"],"picked":"SKIP","floor":36},{"not_picked":["Leap","Barrage"],"picked":"Skim","floor":38},{"not_picked":["Rebound+1","Reinforced Body+1"],"picked":"Defragment+1","floor":39},{"not_picked":["Gash+1","Genetic Algorithm"],"picked":"Turbo","floor":40},{"not_picked":["Leap","Echo Form"],"picked":"Go for the Eyes+1","floor":42},{"not_picked":["Metamorphosis","Trip"],"picked":"Panacea","floor":44}],"player_experience":203973,"relics_obtained":[{"floor":6,"key":"Gremlin Horn"},{"floor":8,"key":"Odd Mushroom"},{"floor":9,"key":"Kunai"},{"floor":24,"key":"Boot"},{"floor":26,"key":"Cables"},{"floor":40,"key":"Sundial"},{"floor":43,"key":"DataDisk"}],"event_choices":[{"damage_healed":0,"gold_gain":0,"player_choice":"Bought 0 Potions","damage_taken":0,"max_hp_gain":0,"max_hp_loss":0,"event_name":"The Woman in Blue","floor":3,"gold_loss":0},{"damage_healed":0,"gold_gain":0,"player_choice":"Entered Light","damage_taken":15,"max_hp_gain":0,"max_hp_loss":0,"event_name":"Shining Light","floor":5,"gold_loss":0,"cards_upgraded":["Streamline","Zap"]},{"damage_healed":0,"gold_gain":0,"player_choice":"Fought Mushrooms","damage_taken":0,"max_hp_gain":0,"max_hp_loss":0,"event_name":"Mushrooms","floor":8,"gold_loss":0},{"cards_removed":["Strike_B"],"damage_healed":0,"gold_gain":0,"player_choice":"Card Removal","damage_taken":7,"max_hp_gain":0,"max_hp_loss":0,"event_name":"Golden Wing","floor":11,"gold_loss":0},{"damage_healed":0,"gold_gain":0,"player_choice":"Leave","damage_taken":0,"max_hp_gain":0,"max_hp_loss":0,"event_name":"FaceTrader","floor":13,"gold_loss":0},{"damage_healed":0,"gold_gain":0,"player_choice":"Opened","damage_taken":0,"relics_obtained":["Darkstone Periapt"],"max_hp_gain":0,"max_hp_loss":0,"event_name":"The Mausoleum","floor":22,"gold_loss":0},{"damage_healed":0,"gold_gain":0,"player_choice":"Ignored","damage_taken":0,"max_hp_gain":0,"max_hp_loss":0,"event_name":"Vampires","floor":27,"gold_loss":0},{"damage_healed":0,"gold_gain":100,"player_choice":"Pray","damage_taken":0,"max_hp_gain":0,"max_hp_loss":0,"event_name":"Golden Shrine","floor":37,"gold_loss":0},{"damage_healed":0,"gold_gain":0,"player_choice":"Memory 1","damage_taken":0,"max_hp_gain":0,"max_hp_loss":0,"event_name":"SensoryStone","floor":44,"gold_loss":0}],"is_beta":false,"boss_relics":[{"not_picked":["Philosopher\u0027s Stone","Fusion Hammer"],"picked":"Astrolabe"},{"not_picked":["Black Star","Runic Pyramid"],"picked":"Lizard Tail"}],"items_purged_floors":[21],"is_endless":false,"potions_floor_spawned":[6,14,19,28,31,38,40,42],"killed_by":"Giant Head","ascension_level":4}