{"gold_per_floor":[112,124,124,45,56,85,85,104,153,153,153,172,197,211,211,211],"floor_reached":16,"playtime":449,"items_purged":[],"score":190,"play_id":"13442ccb-c02a-448d-ba20-fc2c475d53b9","local_time":"20190409095027","is_ascension_mode":true,"campfire_choices":[{"data":"Carnage","floor":7.0,"key":"SMITH"},{"data":"Bash","floor":11.0,"key":"SMITH"},{"floor":15.0,"key":"REST"}],"neow_cost":"NONE","seed_source_timestamp":0,"circlet_count":0,"master_deck":["AscendersBane","Strike_R","Strike_R","Strike_R","Strike_R","Strike_R","Defend_R","Defend_R","Defend_R","Defend_R","Bash+1","Perfected Strike","Twin Strike","Carnage+1","True Grit","Cleave","Rampage","Shrug It Off","Immolate","Seeing Red"],"special_seed":0,"relics":["Burning Blood","Ornamental Fan","Pear","Ancient Tea Set","Vajra","Mummified Hand"],"potions_floor_usage":[16],"damage_taken":[{"damage":11.0,"enemies":"Cultist","floor":1.0,"turns":4.0},{"damage":13.0,"enemies":"Jaw Worm","floor":2.0,"turns":4.0},{"damage":0.0,"enemies":"Small Slimes","floor":5.0,"turns":3.0},{"damage":48.0,"enemies":"3 Sentries","floor":6.0,"turns":7.0},{"damage":6.0,"enemies":"2 Fungi Beasts","floor":8.0,"turns":2.0},{"damage":14.0,"enemies":"Gremlin Gang","floor":12.0,"turns":3.0},{"damage":28.0,"enemies":"Lagavulin","floor":13.0,"turns":5.0},{"damage":8.0,"enemies":"Blue Slaver","floor":14.0,"turns":3.0},{"damage":45,"enemies":"Hexaghost","floor":16,"turns":9}],"seed_played":"-7252063453921413683","potions_obtained":[{"floor":1.0,"key":"BloodPotion"},{"floor":2.0,"key":"BloodPotion"},{"floor":6.0,"key":"AttackPotion"},{"floor":14.0,"key":"Dexterity Potion"}],"is_trial":false,"path_per_floor":["M","M","T","$","M","E","R","M","T","?","R","M","E","M","R","B"],"character_chosen":"IRONCLAD","items_purchased":["Carnage","True Grit"],"campfire_rested":1,"item_purchase_floors":[4,4],"current_hp_per_floor":[70,63,63,63,77,53,53,53,53,50,50,42,20,18,45,0],"gold":211,"neow_bonus":"TEN_PERCENT_HP_BONUS","is_prod":false,"is_daily":false,"chose_seed":false,"campfire_upgraded":2,"win_rate":0,"timestamp":1554828627,"path_taken":["M","M","?","$","M","E","R","M","T","?","R","M","E","M","R","BOSS"],"build_version":"2019-01-23","purchased_purges":0,"victory":false,"max_hp_per_floor":[82,82,82,82,82,92,92,92,92,92,92,92,92,92,92,92],"card_choices":[{"not_picked":["Dual Wield","Bloodletting"],"picked":"Perfected Strike","floor":1.0},{"not_picked":["Body Slam","Combust"],"picked":"Twin Strike","floor":2.0},{"not_picked":["Clash","Warcry"],"picked":"Cleave","floor":5.0},{"not_picked":["Twin Strike","True Grit"],"picked":"Rampage","floor":6.0},{"not_picked":["Pommel Strike","Cleave"],"picked":"Shrug It Off","floor":8.0},{"not_picked":["Flex","Wild Strike"],"picked":"Immolate","floor":12.0},{"not_picked":["Flex","Anger","Twin Strike"],"picked":"SKIP","floor":13.0},{"not_picked":["Cleave","Fire Breathing"],"picked":"Seeing Red","floor":14.0}],"player_experience":400036,"relics_obtained":[{"floor":3.0,"key":"Ornamental Fan"},{"floor":6.0,"key":"Pear"},{"floor":9.0,"key":"Ancient Tea Set"},{"floor":13.0,"key":"Mummified Hand"}],"event_choices":[{"damage_healed":0.0,"max_hp_gain":0.0,"max_hp_loss":0.0,"gold_gain":0.0,"event_name":"Scrap Ooze","player_choice":"Success","floor":10.0,"gold_loss":0.0,"damage_taken":3.0,"relics_obtained":["Vajra"]}],"is_beta":false,"boss_relics":[],"items_purged_floors":[],"is_endless":false,"potions_floor_spawned":[1,2,6,14],"killed_by":"Hexaghost","ascension_level":14}