{"gold_per_floor":[112,127,146,71,87,120,135,135,135,135,135,135,135,158,158,284,284,304,204,223,223,248,248],"floor_reached":23,"playtime":909,"items_purged":["Strike_R","Wild Strike"],"score":193,"play_id":"a29913d4-dd0b-49d9-b2ea-d11448591773","local_time":"20180904180504","is_ascension_mode":false,"campfire_choices":[{"data":"Dual Wield","floor":10,"key":"SMITH"},{"data":"Metallicize","floor":12,"key":"SMITH"},{"data":"Entrench","floor":15,"key":"SMITH"}],"neow_cost":"","seed_source_timestamp":163963563310717,"circlet_count":0,"master_deck":["Bash","Inflame","Dual Wield+1","Iron Wave","Metallicize+1","Flame Barrier","Entrench+1","Fiend Fire","Flex","Inflame","Dropkick","Havoc","Flex","Shrug It Off","Dropkick","Headbutt+1","Shrug It Off"],"relics":["Burning Blood","Mercury Hourglass","Lantern","Strawberry","Golden Idol","Pandora\u0027s Box"],"potions_floor_usage":[5,22],"damage_taken":[{"damage":6,"enemies":"Jaw Worm","floor":1,"turns":3},{"damage":1,"enemies":"2 Louse","floor":2,"turns":5},{"damage":0,"enemies":"Small Slimes","floor":3,"turns":4},{"damage":10,"enemies":"Looter","floor":5,"turns":3},{"damage":17,"enemies":"Gremlin Nob","floor":6,"turns":4},{"damage":1,"enemies":"3 Louse","floor":7,"turns":3},{"damage":0,"enemies":"Blue Slaver","floor":14,"turns":7},{"damage":35,"enemies":"The Guardian","floor":16,"turns":18},{"damage":2,"enemies":"Spheric Guardian","floor":18,"turns":3},{"damage":21,"enemies":"3 Byrds","floor":20,"turns":5},{"damage":19,"enemies":"3 Cultists","floor":22,"turns":5},{"damage":66,"enemies":"Gremlin Leader","floor":23,"turns":7}],"seed_played":"5761947456910853014","potions_obtained":[{"floor":2,"key":"Fire Potion"},{"floor":3,"key":"Dexterity Potion"},{"floor":14,"key":"Explosive Potion"},{"floor":18,"key":"GamblersBrew"}],"is_trial":false,"path_per_floor":["M","M","M","$","M","E","M","?","T","R","?","R","?","M","R","B",null,"M","$","M","?","M"],"character_chosen":"IRONCLAD","items_purchased":[],"campfire_rested":0,"item_purchase_floors":[],"current_hp_per_floor":[80,80,80,80,76,65,70,67,74,74,53,53,58,64,64,35,92,92,92,77,77,64,0],"gold":248,"neow_bonus":"","is_prod":false,"is_daily":false,"chose_seed":false,"campfire_upgraded":3,"win_rate":0,"timestamp":1536109504,"path_taken":["M","M","M","$","M","E","M","?","T","R","?","R","?","M","R","BOSS","M","$","M","?","M","E"],"build_version":"2018-08-30","purchased_purges":2,"victory":false,"max_hp_per_floor":[80,80,80,80,80,80,80,80,87,87,87,87,92,92,92,92,92,92,92,92,92,92,92],"card_choices":[{"not_picked":["Sword Boomerang","Entrench","Bloodletting"],"picked":"SKIP","floor":1},{"not_picked":["Perfected Strike","Body Slam"],"picked":"Inflame","floor":2},{"not_picked":["Perfected Strike","Clothesline"],"picked":"Dual Wield","floor":3},{"not_picked":["Perfected Strike","True Grit"],"picked":"Iron Wave","floor":5},{"not_picked":["Impervious","Heavy Blade"],"picked":"Metallicize","floor":6},{"not_picked":["Heavy Blade","Armaments"],"picked":"Flame Barrier","floor":7},{"not_picked":["Flex","Evolve"],"picked":"Entrench","floor":14},{"not_picked":["Impervious","Brutality"],"picked":"Fiend Fire","floor":16},{"not_picked":["Perfected Strike","Second Wind"],"picked":"Dropkick","floor":18},{"not_picked":["Clash","Heavy Blade"],"picked":"Headbutt+1","floor":20},{"not_picked":["Clothesline+1","Infernal Blade+1"],"picked":"Shrug It Off","floor":22}],"player_experience":174786,"relics_obtained":[{"floor":6,"key":"Mercury Hourglass"},{"floor":9,"key":"Strawberry"}],"event_choices":[{"event_name":"Scrap Ooze","player_choice":"success","floor":8,"damage_taken":3},{"event_name":"Golden Idol","player_choice":"Take Damage","floor":11,"damage_taken":0},{"event_name":"Big Fish","player_choice":"Donut","floor":13,"damage_taken":0},{"event_name":"Back to Basics","player_choice":"Elegance","floor":21,"damage_taken":0}],"is_beta":false,"boss_relics":[{"not_picked":["Runic Dome","Ectoplasm"],"picked":"Pandora\u0027s Box"}],"items_purged_floors":[4,19],"is_endless":false,"potions_floor_spawned":[2,3,14,18],"killed_by":"Gremlin Leader","ascension_level":0}