{"gold_per_floor":[112,132,132,57,57,93,93,93,117,138,138,163,163,163,163,163],"floor_reached":16,"playtime":887,"items_purged":["Defend_Br"],"score":123,"play_id":"5e1e07e5-02b8-40b8-9776-d19f1de219bd","local_time":"20190210121033","is_ascension_mode":false,"campfire_choices":[{"data":"LockedThread","floor":8,"key":"SMITH"},{"data":"LockedBlood","floor":11,"key":"SMITH"},{"data":"DaylightSavings","floor":15,"key":"SMITH"}],"neow_cost":"NONE","seed_source_timestamp":8706609791778,"circlet_count":0,"master_deck":["Strike_Br","Strike_Br","Defend_Br","Defend_Br","Defend_Br","SecondHand","PatternShift","DaylightSavings+3","LockedThread+1","Fragmentalize","LockedBlood+1","WindUp"],"relics":["Chronometer","NeowsBlessing","Golden Idol","Onion Ring","Juzu Bracelet"],"potions_floor_usage":[16],"damage_taken":[{"damage":0,"enemies":"Cultist","floor":1,"turns":1},{"damage":0,"enemies":"Small Slimes","floor":2,"turns":2},{"damage":0,"enemies":"3 Sentries","floor":6,"turns":2},{"damage":0,"enemies":"2 Louse","floor":10,"turns":1},{"damage":0,"enemies":"Large Slime","floor":12,"turns":4},{"damage":82,"enemies":"Slime Boss","floor":16,"turns":11}],"seed_played":"-3889931252192397471","potions_obtained":[{"floor":2,"key":"FearPotion"}],"is_trial":false,"path_per_floor":["M","M","?","$","?","E","?","R","T","M","R","M","?","?","R_BF","B"],"character_chosen":"CHRONO_CLASS","items_purchased":[],"campfire_rested":0,"item_purchase_floors":[],"current_hp_per_floor":[65,65,49,49,54,54,54,54,54,54,54,60,70,70,70,0],"gold":163,"neow_bonus":"THREE_ENEMY_KILL","is_prod":false,"is_daily":false,"chose_seed":false,"campfire_upgraded":3,"win_rate":0.0,"timestamp":1549797033,"path_taken":["M","M","?","$","?","E","?","R","T","M","R","M","?","?","R_BF","BOSS"],"build_version":"2019-01-23","purchased_purges":1,"victory":false,"max_hp_per_floor":[65,65,65,65,70,70,70,70,70,70,70,70,70,70,70,70],"card_choices":[{"not_picked":["WindUp","Tempo"],"picked":"DaylightSavings","floor":1},{"not_picked":["Break","LockedAnchor"],"picked":"LockedThread","floor":2},{"not_picked":["WakeUpCall","Recurrance"],"picked":"Fragmentalize","floor":6},{"not_picked":["AlternateTimeline","Chronoelasticity"],"picked":"LockedBlood","floor":10},{"not_picked":["ReapSow","AlternateTimeline"],"picked":"WindUp","floor":12}],"player_experience":315355,"relics_obtained":[{"floor":6,"key":"Onion Ring"},{"floor":9,"key":"Juzu Bracelet"}],"event_choices":[{"damage_healed":0,"gold_gain":0,"player_choice":"Take Damage","damage_taken":16,"relics_obtained":["Golden Idol"],"max_hp_gain":0,"max_hp_loss":0,"event_name":"Golden Idol","floor":3,"gold_loss":0},{"damage_healed":0,"gold_gain":0,"player_choice":"Donut","damage_taken":0,"max_hp_gain":5,"max_hp_loss":0,"event_name":"Big Fish","floor":5,"gold_loss":0},{"cards_removed":["ResonantCall"],"damage_healed":10,"gold_gain":0,"player_choice":"Offered Uncommon","damage_taken":0,"max_hp_gain":0,"max_hp_loss":0,"event_name":"Bonfire Elementals","floor":13,"gold_loss":0},{"cards_removed":["Strike_Br"],"damage_healed":0,"gold_gain":0,"player_choice":"Purged","damage_taken":0,"max_hp_gain":0,"max_hp_loss":0,"event_name":"Purifier","floor":14,"gold_loss":0}],"is_beta":false,"boss_relics":[],"items_purged_floors":[4],"is_endless":false,"potions_floor_spawned":[2],"killed_by":"Slime Boss","ascension_level":0}