{"gold_per_floor":[115,132,57,77,352,384,31,48,48,62,62,62,62,237,237,237],"floor_reached":16,"playtime":1175,"items_purged":["Strike_R"],"score":145,"play_id":"de5ef5c9-b251-4471-9e1a-2d1cf7fa1b7e","local_time":"20190506115514","is_ascension_mode":true,"campfire_choices":[{"data":"Armaments","floor":11,"key":"SMITH"},{"data":"Searing Blow","floor":15,"key":"SMITH"}],"neow_cost":"NONE","seed_source_timestamp":126415194732400,"circlet_count":0,"master_deck":["Strike_R","Strike_R","Strike_R","Defend_R","Defend_R","Defend_R","Defend_R","Bash","Searing Blow+1","Armaments+1","Carnage","Regret","Armaments","Bludgeon","Parasite","Injury","Doubt"],"relics":["Burning Blood","Regal Pillow","Ice Cream","Happy Flower","Golden Idol"],"potions_floor_usage":[16,16,16],"damage_taken":[{"damage":1,"enemies":"Cultist","floor":1,"turns":3},{"damage":10,"enemies":"2 Louse","floor":2,"turns":5},{"damage":0,"enemies":"Small Slimes","floor":4,"turns":3},{"damage":54,"enemies":"3 Sentries","floor":6,"turns":10},{"damage":13,"enemies":"3 Louse","floor":8,"turns":5},{"damage":6,"enemies":"Blue Slaver","floor":10,"turns":4},{"damage":57,"enemies":"Slime Boss","floor":16,"turns":10}],"seed_played":"-337443224283602748","potions_obtained":[{"floor":2,"key":"BloodPotion"},{"floor":4,"key":"EssenceOfSteel"},{"floor":10,"key":"Dexterity Potion"}],"is_trial":false,"path_per_floor":["M","?","M","?","?","?"],"character_chosen":"IRONCLAD","items_purchased":["Ice Cream","Armaments"],"campfire_rested":0,"item_purchase_floors":[7,7],"current_hp_per_floor":[77,73,73,79,79,31,31,24,24,24,24,44,44,44,44,0],"gold":237,"neow_bonus":"TRANSFORM_CARD","is_prod":false,"is_daily":false,"chose_seed":false,"campfire_upgraded":2,"win_rate":0,"timestamp":1557165314,"path_taken":["M","M","$","?","?","E","$","?","T","M","R","?","?","?","R","BOSS"],"build_version":"2019-01-23","purchased_purges":1,"victory":false,"max_hp_per_floor":[80,80,80,80,80,80,80,80,80,80,80,80,80,80,80,80],"card_choices":[{"not_picked":["Anger","Bloodletting"],"picked":"Armaments","floor":1},{"not_picked":["Havoc","Sword Boomerang"],"picked":"Carnage","floor":2},{"not_picked":["Warcry","Twin Strike","Heavy Blade"],"picked":"SKIP","floor":4},{"not_picked":["Havoc","Sword Boomerang","Second Wind"],"picked":"SKIP","floor":6},{"not_picked":["Reckless Charge","Rampage"],"picked":"Bludgeon","floor":8},{"not_picked":["True Grit","Fire Breathing","Cleave"],"picked":"SKIP","floor":10}],"player_experience":678740,"relics_obtained":[{"floor":6,"key":"Regal Pillow"},{"floor":9,"key":"Happy Flower"}],"event_choices":[{"damage_healed":0,"gold_gain":275,"player_choice":"Desecrate","damage_taken":0,"max_hp_gain":0,"max_hp_loss":0,"event_name":"Golden Shrine","floor":5,"gold_loss":0,"cards_obtained":["Regret"]},{"damage_healed":20,"gold_gain":0,"player_choice":"Healed and dodged fight","damage_taken":0,"max_hp_gain":0,"max_hp_loss":0,"event_name":"Mushrooms","floor":12,"gold_loss":0,"cards_obtained":["Parasite"]},{"damage_healed":0,"gold_gain":0,"player_choice":"Take Wound","damage_taken":0,"relics_obtained":["Golden Idol"],"max_hp_gain":0,"max_hp_loss":0,"event_name":"Golden Idol","floor":13,"gold_loss":0,"cards_obtained":["Injury"]},{"damage_healed":0,"gold_gain":175,"player_choice":"AGREE","damage_taken":0,"max_hp_gain":0,"max_hp_loss":0,"event_name":"Liars Game","floor":14,"gold_loss":0,"cards_obtained":["Doubt"]}],"is_beta":false,"boss_relics":[],"items_purged_floors":[3],"is_endless":false,"potions_floor_spawned":[2,4,10],"killed_by":"Slime Boss","ascension_level":9}