{"gold_per_floor":[116,133,133,152,65,65,84,115,196,196,225,225,225,242,242,344,344,363,363,278,293,293,326,326,338,338,338,72,72,72,82,82,185,185,200,216,216,316,216,245,245,291,342,364,402,426,438,470,482,494],"floor_reached":51,"playtime":2461,"items_purged":["Strike_R","Strike_R"],"score":883,"play_id":"f7a0bbd9-6918-409c-874d-453e1a1b24ed","local_time":"20181026152316","is_ascension_mode":false,"campfire_choices":[{"data":"Dual Wield","floor":6,"key":"SMITH"},{"data":"Metallicize","floor":10,"key":"SMITH"},{"data":"Disarm","floor":13,"key":"SMITH"},{"floor":15,"key":"REST"},{"data":"Shrug It Off","floor":27,"key":"SMITH"},{"data":"Demon Form","floor":29,"key":"SMITH"},{"floor":32,"key":"REST"},{"data":"Spot Weakness","floor":41,"key":"SMITH"},{"floor":49,"key":"REST"}],"neow_cost":"NONE","seed_source_timestamp":255516530352778,"circlet_count":0,"master_deck":["Strike_R+1","Strike_R","Defend_R+1","Defend_R","Defend_R+1","Defend_R+1","Bash","Headbutt","Shrug It Off+1","Metallicize+1","Dual Wield+1","Disarm+1","Spot Weakness+1","Demon Form+1","Heavy Blade+1","Disarm+1","Quick Slash+1","Heavy Blade+1","Mind Blast+1","Enlightenment+1","Acrobatics+1","Heavy Blade+1","Coolheaded"],"relics":["Burning Blood","StoneCalendar","Vajra","Molten Egg 2","Regal Pillow","Busted Crown","Blood Vial","Nilry\u0027s Codex","Singing Bowl","FossilizedHelix","PrismaticShard","Orrery","Ginger","War Paint","PreservedInsect","MawBank","Oddly Smooth Stone"],"potions_floor_usage":[16,23,25,33,44,50,50],"damage_taken":[{"damage":6,"enemies":"Cultist","floor":1,"turns":3},{"damage":7,"enemies":"Jaw Worm","floor":2,"turns":5},{"damage":5,"enemies":"Small Slimes","floor":4,"turns":4},{"damage":6,"enemies":"3 Louse","floor":7,"turns":6},{"damage":17,"enemies":"Lagavulin","floor":8,"turns":11},{"damage":18,"enemies":"Gremlin Nob","floor":11,"turns":5},{"damage":0,"enemies":"Red Slaver","floor":14,"turns":5},{"damage":0,"enemies":"The Guardian","floor":16,"turns":15},{"damage":2,"enemies":"Chosen","floor":18,"turns":6},{"damage":22,"enemies":"2 Thieves","floor":21,"turns":4},{"damage":38,"enemies":"Gremlin Leader","floor":23,"turns":6},{"damage":14,"enemies":"Shelled Parasite and Fungi","floor":25,"turns":7},{"damage":32,"enemies":"Sentry and Sphere","floor":31,"turns":8},{"damage":17,"enemies":"Champ","floor":33,"turns":11},{"damage":0,"enemies":"3 Shapes","floor":35,"turns":8},{"damage":35,"enemies":"3 Darklings","floor":36,"turns":6},{"damage":0,"enemies":"Mind Bloom Boss Battle","floor":38,"turns":6},{"damage":4,"enemies":"Nemesis","floor":40,"turns":7},{"damage":24,"enemies":"Sphere and 2 Shapes","floor":44,"turns":9},{"damage":0,"enemies":"Giant Head","floor":45,"turns":5},{"damage":0,"enemies":"Writhing Mass","floor":46,"turns":9},{"damage":25,"enemies":"3 Darklings","floor":48,"turns":6},{"damage":82,"enemies":"Donu and Deca","floor":50,"turns":9}],"seed_played":"-6863775714711621494","potions_obtained":[{"floor":8,"key":"FairyPotion"},{"floor":11,"key":"SkillPotion"},{"floor":14,"key":"Dexterity Potion"},{"floor":16,"key":"Regen Potion"},{"floor":23,"key":"Weak Potion"},{"floor":25,"key":"BloodPotion"},{"floor":38,"key":"GamblersBrew"},{"floor":45,"key":"Dexterity Potion"}],"is_trial":false,"path_per_floor":["M","M","?","M","?","R","M","E","T","R","E","?","R","M","R","B",null,"M","?","?","M","?","E","?","M","T","R","$","R","$","M","R","B",null,"M","M","?","?","$","E","R","T","T","M","E","M","?","M","R","B"],"character_chosen":"IRONCLAD","items_purchased":["PrismaticShard"],"campfire_rested":3,"item_purchase_floors":[28],"current_hp_per_floor":[80,79,63,64,64,64,64,53,53,53,41,46,46,52,85,85,85,85,85,85,69,53,40,69,63,63,63,63,63,63,41,82,75,97,97,68,68,78,78,82,82,82,82,66,74,84,84,69,103,37],"gold":506,"neow_bonus":"TRANSFORM_CARD","is_prod":false,"is_daily":false,"chose_seed":false,"campfire_upgraded":6,"win_rate":0,"timestamp":1540592596,"path_taken":["M","?","?","M","?","R","M","E","T","R","E","?","R","?","R","BOSS","M","?","?","M","?","E","?","M","T","R","$","R","$","?","R","BOSS","M","M","?","?","?","E","R","?","T","M","E","M","?","M","R","BOSS"],"build_version":"2018-10-25v2","purchased_purges":2,"victory":true,"max_hp_per_floor":[80,80,80,80,80,80,80,80,80,80,80,85,85,85,85,85,85,85,85,85,85,85,87,87,87,87,87,87,87,87,89,89,91,97,97,97,97,99,99,99,99,99,99,99,99,101,101,103,103,103],"card_choices":[{"not_picked":["Iron Wave","Sword Boomerang"],"picked":"Shrug It Off","floor":1},{"not_picked":["Headbutt","Clothesline"],"picked":"Metallicize","floor":2},{"not_picked":["Headbutt","Intimidate"],"picked":"Dual Wield","floor":4},{"not_picked":["Twin Strike","Combust"],"picked":"Disarm","floor":7},{"not_picked":["Evolve","Feel No Pain","Burning Pact"],"picked":"SKIP","floor":8},{"not_picked":["Reckless Charge+1","Perfected Strike+1"],"picked":"Clothesline+1","floor":11},{"not_picked":["Twin Strike+1","Body Slam+1"],"picked":"Spot Weakness","floor":14},{"not_picked":["Limit Break","Feed+1"],"picked":"Demon Form","floor":16},{"not_picked":[],"picked":"Heavy Blade+1","floor":18},{"not_picked":["Clothesline+1"],"picked":"SKIP","floor":21},{"not_picked":["Havoc+1"],"picked":"Singing Bowl","floor":23},{"not_picked":[],"picked":"Disarm+1","floor":25},{"not_picked":["Clothesline+1"],"picked":"Singing Bowl","floor":31},{"not_picked":["Meteor Strike+1"],"picked":"Singing Bowl","floor":33},{"not_picked":["Hello World"],"picked":"Singing Bowl","floor":34},{"not_picked":[],"picked":"Quick Slash+1","floor":34},{"not_picked":["Prepared"],"picked":"Singing Bowl","floor":34},{"not_picked":[],"picked":"Heavy Blade+1","floor":34},{"not_picked":["Undo"],"picked":"Singing Bowl","floor":34},{"not_picked":[],"picked":"Mind Blast+1","floor":35},{"not_picked":[],"picked":"Enlightenment+1","floor":36},{"not_picked":["Predator+1"],"picked":"Singing Bowl","floor":38},{"not_picked":[],"picked":"Acrobatics+1","floor":40},{"not_picked":[],"picked":"Heavy Blade+1","floor":44},{"not_picked":[],"picked":"Coolheaded","floor":45},{"not_picked":["Poisoned Stab+1"],"picked":"Singing Bowl","floor":46},{"not_picked":["Dropkick+1"],"picked":"Singing Bowl","floor":48}],"player_experience":320175,"relics_obtained":[{"floor":8,"key":"Vajra"},{"floor":9,"key":"Molten Egg 2"},{"floor":11,"key":"Regal Pillow"},{"floor":22,"key":"Nilry\u0027s Codex"},{"floor":23,"key":"Singing Bowl"},{"floor":26,"key":"FossilizedHelix"},{"floor":38,"key":"Ginger"},{"floor":40,"key":"War Paint"},{"floor":42,"key":"PreservedInsect"},{"floor":43,"key":"MawBank"},{"floor":45,"key":"Oddly Smooth Stone"}],"event_choices":[{"damage_healed":0,"gold_gain":0,"player_choice":"Entered Light","damage_taken":16,"max_hp_gain":0,"max_hp_loss":0,"event_name":"Shining Light","floor":3,"gold_loss":0,"cards_upgraded":["Defend_R","Strike_R"]},{"damage_healed":0,"gold_gain":0,"player_choice":"Paid Gold","damage_taken":0,"relics_obtained":["StoneCalendar"],"max_hp_gain":0,"max_hp_loss":0,"event_name":"WeMeetAgain","floor":5,"gold_loss":87},{"damage_healed":0,"gold_gain":0,"player_choice":"Donut","damage_taken":0,"max_hp_gain":5,"max_hp_loss":0,"event_name":"Big Fish","floor":12,"gold_loss":0},{"damage_healed":0,"gold_gain":0,"player_choice":"Full Heal","damage_taken":0,"max_hp_gain":0,"max_hp_loss":0,"event_name":"Wheel of Change","floor":19,"gold_loss":0},{"damage_healed":0,"gold_gain":0,"player_choice":"Obtained Relic","damage_taken":0,"relics_obtained":["Blood Vial"],"max_hp_gain":0,"max_hp_loss":0,"event_name":"Addict","floor":20,"gold_loss":85},{"damage_healed":0,"gold_gain":0,"player_choice":"Obtained Book","damage_taken":16,"max_hp_gain":0,"max_hp_loss":0,"event_name":"Cursed Tome","floor":22,"gold_loss":0},{"damage_healed":29,"gold_gain":0,"player_choice":"Heal","damage_taken":0,"max_hp_gain":0,"max_hp_loss":0,"event_name":"The Library","floor":24,"gold_loss":0},{"damage_healed":0,"gold_gain":0,"player_choice":"Ignored","damage_taken":0,"max_hp_gain":0,"max_hp_loss":0,"event_name":"Tomb of Lord Red Mask","floor":37,"gold_loss":0},{"damage_healed":0,"gold_gain":0,"player_choice":"Fight","damage_taken":0,"max_hp_gain":0,"max_hp_loss":0,"event_name":"MindBloom","floor":38,"gold_loss":0},{"cards_removed":["Clothesline"],"damage_healed":0,"gold_gain":0,"player_choice":"Removed Attack","damage_taken":0,"max_hp_gain":0,"max_hp_loss":0,"event_name":"Falling","floor":47,"gold_loss":0}],"is_beta":false,"boss_relics":[{"not_picked":["Fusion Hammer","Eternal Feather"],"picked":"Busted Crown"},{"not_picked":["Coffee Dripper","Runic Pyramid"],"picked":"Orrery"}],"items_purged_floors":[28,39],"is_endless":false,"potions_floor_spawned":[8,11,14,16,23,25,38,40,45,48],"ascension_level":0}