{"gold_per_floor":[109,163,238,250,215,241,241,271,346,358,358,390,406,416,416,416],"floor_reached":16,"playtime":848,"items_purged":[],"score":120,"play_id":"b381e083-936c-4227-985f-158ee3a1bb5d","local_time":"20181210164112","is_ascension_mode":false,"campfire_choices":[{"floor":7,"key":"REST"},{"floor":11,"key":"REST"},{"floor":15,"key":"REST"}],"neow_cost":"NONE","seed_source_timestamp":498308862264932,"circlet_count":0,"master_deck":["Strike_B","Strike_B","Strike_B","Strike_B","Defend_B","Defend_B","Defend_B","Defend_B","Zap","Dualcast","Gash","Doom and Gloom","Loop","Chill","Tempest","Storm+1","Storm+1","Beam Cell","Doom and Gloom"],"relics":["Cracked Core","Happy Flower","Potion Belt","Frozen Egg 2","Cables"],"potions_floor_usage":[16],"damage_taken":[{"damage":11,"enemies":"Jaw Worm","floor":1,"turns":2},{"damage":2,"enemies":"Small Slimes","floor":4,"turns":3},{"damage":31,"enemies":"Lagavulin","floor":6,"turns":6},{"damage":48,"enemies":"Gremlin Nob","floor":8,"turns":5},{"damage":7,"enemies":"2 Louse","floor":10,"turns":2},{"damage":11,"enemies":"3 Sentries","floor":12,"turns":5},{"damage":6,"enemies":"Exordium Wildlife","floor":13,"turns":3},{"damage":1,"enemies":"2 Fungi Beasts","floor":14,"turns":3},{"damage":31,"enemies":"The Guardian","floor":16,"turns":9}],"seed_played":"710446032945734065","potions_obtained":[{"floor":1,"key":"SteroidPotion"},{"floor":8,"key":"SpeedPotion"}],"is_trial":false,"path_per_floor":["M","?","?","M","?","E","R","E","T","M","R","E","M","M","R","B"],"character_chosen":"DEFECT","items_purchased":[],"campfire_rested":3,"item_purchase_floors":[],"current_hp_per_floor":[64,64,53,51,69,38,60,12,12,5,27,16,10,9,31,0],"gold":416,"neow_bonus":"THREE_CARDS","is_prod":false,"is_daily":false,"chose_seed":false,"campfire_upgraded":0,"win_rate":0,"timestamp":1544488872,"path_taken":["M","?","?","M","?","E","R","E","T","M","R","E","?","M","R","BOSS"],"build_version":"2018-12-06","purchased_purges":0,"victory":false,"max_hp_per_floor":[75,75,75,75,75,75,75,75,75,75,75,75,75,75,75,75],"card_choices":[{"not_picked":["Go for the Eyes","Hologram"],"picked":"Gash","floor":0},{"not_picked":["Reprogram","Gash"],"picked":"Doom and Gloom","floor":1},{"not_picked":["Hologram","Leap"],"picked":"Loop","floor":4},{"not_picked":["Redo","Stack"],"picked":"Chill","floor":6},{"not_picked":["Leap","Conserve Battery"],"picked":"Tempest","floor":8},{"not_picked":["Steam Power","Go for the Eyes"],"picked":"Storm+1","floor":10},{"not_picked":["Darkness","Auto Shields"],"picked":"Storm+1","floor":12},{"not_picked":["Hologram","Blizzard"],"picked":"Beam Cell","floor":13},{"not_picked":["Double Energy","Tempest"],"picked":"Doom and Gloom","floor":14}],"player_experience":202906,"relics_obtained":[{"floor":6,"key":"Happy Flower"},{"floor":8,"key":"Potion Belt"},{"floor":9,"key":"Frozen Egg 2"},{"floor":12,"key":"Cables"}],"event_choices":[{"damage_healed":0,"gold_gain":54,"player_choice":"Gained Gold","damage_taken":0,"max_hp_gain":0,"max_hp_loss":0,"event_name":"Golden Wing","floor":2,"gold_loss":0},{"damage_healed":0,"gold_gain":75,"player_choice":"Gather Gold","damage_taken":11,"max_hp_gain":0,"max_hp_loss":0,"event_name":"World of Goop","floor":3,"gold_loss":0},{"damage_healed":18,"gold_gain":0,"player_choice":"Healed","damage_taken":0,"max_hp_gain":0,"max_hp_loss":0,"event_name":"The Cleric","floor":5,"gold_loss":35}],"is_beta":false,"boss_relics":[],"items_purged_floors":[],"is_endless":false,"potions_floor_spawned":[1,8],"killed_by":"The Guardian","ascension_level":0}