{"gold_per_floor":[116,136,136,236,248,248,273,288,288,288,302,377,377,409,409,409],"floor_reached":16,"playtime":1056,"items_purged":[],"score":165,"play_id":"ececa54f-6913-490e-95f4-910451aeecd6","local_time":"20190429174334","is_ascension_mode":true,"campfire_choices":[{"data":"Uppercut","floor":6,"key":"SMITH"},{"data":"Strike_R","floor":10,"key":"PURGE"},{"data":"Strike_R","floor":13,"key":"PURGE"},{"floor":15,"key":"REST"}],"neow_cost":"NONE","seed_source_timestamp":1710639993561600,"circlet_count":0,"master_deck":["AscendersBane","Strike_R","Strike_R","Strike_R","Defend_R","Defend_R","Defend_R","Defend_R","Bash","Shockwave","Uppercut+1","Inflame","Battle Trance","Power Through"],"relics":["Burning Blood","NeowsBlessing","Lantern","Peace Pipe","Pear","Bottled Flame"],"potions_floor_usage":[14,14],"damage_taken":[{"damage":0,"enemies":"Cultist","floor":1,"turns":1},{"damage":0,"enemies":"Jaw Worm","floor":2,"turns":1},{"damage":0,"enemies":"2 Louse","floor":5,"turns":2},{"damage":45,"enemies":"Lagavulin","floor":7,"turns":6},{"damage":8,"enemies":"Blue Slaver","floor":8,"turns":3},{"damage":22,"enemies":"Lots of Slimes","floor":11,"turns":5},{"damage":21,"enemies":"Gremlin Nob","floor":14,"turns":5},{"damage":34,"enemies":"The Guardian","floor":16,"turns":13}],"seed_played":"3888832347123729216","potions_obtained":[{"floor":5,"key":"SpeedPotion"},{"floor":8,"key":"Energy Potion"}],"is_trial":false,"path_per_floor":["M","M","T","?","M","R","E","M","T","R","M","?","R","E","R","B"],"character_chosen":"IRONCLAD","items_purchased":[],"campfire_rested":1,"item_purchase_floors":[],"current_hp_per_floor":[78,80,80,80,80,80,41,39,49,49,33,22,22,7,34,0],"gold":409,"neow_bonus":"THREE_ENEMY_KILL","is_prod":false,"is_daily":false,"chose_seed":false,"campfire_upgraded":1,"win_rate":0,"timestamp":1556552614,"path_taken":["M","?","?","?","?","R","E","M","T","R","M","?","R","E","R","BOSS"],"build_version":"2019-01-23","purchased_purges":0,"victory":false,"max_hp_per_floor":[80,80,80,80,80,80,80,80,90,90,90,90,90,90,90,90],"card_choices":[{"not_picked":["Havoc","Searing Blow"],"picked":"Shockwave","floor":1},{"not_picked":["Flex","Clash","Evolve"],"picked":"SKIP","floor":2},{"not_picked":["Warcry","Armaments"],"picked":"Uppercut","floor":5},{"not_picked":["Barricade","Thunderclap"],"picked":"Inflame","floor":7},{"not_picked":["Hemokinesis","Spot Weakness"],"picked":"Battle Trance","floor":8},{"not_picked":["Havoc","Combust","Flex"],"picked":"SKIP","floor":11},{"not_picked":["Armaments","Rage"],"picked":"Power Through","floor":14}],"player_experience":858096,"relics_obtained":[{"floor":3,"key":"Lantern"},{"floor":7,"key":"Peace Pipe"},{"floor":9,"key":"Pear"},{"floor":14,"key":"Bottled Flame"}],"event_choices":[{"damage_healed":0,"gold_gain":100,"player_choice":"Gold","damage_taken":0,"max_hp_gain":0,"max_hp_loss":0,"event_name":"Wheel of Change","floor":4,"gold_loss":0},{"damage_healed":0,"gold_gain":75,"player_choice":"Gather Gold","damage_taken":11,"max_hp_gain":0,"max_hp_loss":0,"event_name":"World of Goop","floor":12,"gold_loss":0}],"is_beta":false,"boss_relics":[],"items_purged_floors":[],"is_endless":false,"potions_floor_spawned":[5,8],"killed_by":"The Guardian","ascension_level":10}