{"gold_per_floor":[111,30,50,50,75,75,106,106,106,106,150,225,28,64,64,185,185,208,149,168,168,293,293,293],"floor_reached":24,"playtime":1505,"items_purged":[],"score":242,"play_id":"0a8aa8a2-2de9-4126-bc0b-0d1c2e30c5b9","local_time":"20190424112439","is_ascension_mode":true,"campfire_choices":[{"data":"Neutralize","floor":6,"key":"SMITH"},{"data":"Dodge and Roll","floor":8,"key":"SMITH"},{"data":"Cloak And Dagger","floor":10,"key":"SMITH"},{"floor":15,"key":"REST"},{"floor":23,"key":"REST"}],"neow_cost":"NONE","seed_source_timestamp":1255452876350500,"circlet_count":0,"master_deck":["Defend_G","Defend_G","Defend_G","Defend_G+1","Defend_G","Strike_G","Strike_G","Strike_G","Strike_G","Strike_G","Survivor+1","Neutralize+1","Dodge and Roll+1","Well Laid Plans","Deadly Poison","Cloak And Dagger+1","Corpse Explosion","Dodge and Roll","Blur","Escape Plan","Corpse Explosion","Catalyst","Footwork","Dodge and Roll"],"relics":["Ring of the Snake","NeowsBlessing","Golden Idol","The Courier","Darkstone Periapt","War Paint","Sling","Juzu Bracelet","Black Star","Dead Branch","Toxic Egg 2"],"potions_floor_usage":[11,14,22,22],"damage_taken":[{"damage":0,"enemies":"Cultist","floor":1,"turns":1},{"damage":0,"enemies":"Small Slimes","floor":3,"turns":1},{"damage":0,"enemies":"Jaw Worm","floor":5,"turns":1},{"damage":28,"enemies":"Lagavulin","floor":7,"turns":9},{"damage":9,"enemies":"3 Sentries","floor":11,"turns":5},{"damage":4,"enemies":"Lagavulin","floor":14,"turns":5},{"damage":20,"enemies":"Hexaghost","floor":16,"turns":12},{"damage":2,"enemies":"Shell Parasite","floor":18,"turns":7},{"damage":6,"enemies":"3 Byrds","floor":20,"turns":3},{"damage":13,"enemies":"Colosseum Slavers","floor":22,"turns":4},{"damage":39,"enemies":"Colosseum Nobs","floor":22,"turns":5},{"damage":33,"enemies":"Gremlin Leader","floor":24,"turns":2}],"seed_played":"-6328405059295950167","potions_obtained":[{"floor":5,"key":"SteroidPotion"},{"floor":7,"key":"Energy Potion"},{"floor":11,"key":"FearPotion"},{"floor":20,"key":"Explosive Potion"}],"is_trial":false,"path_per_floor":["M","$","M","?","M","R","E","R","T","R","E","?","$","E","R","B",null,"M","$","M","?","?","R","E"],"character_chosen":"THE_SILENT","items_purchased":["Well Laid Plans","Sling","Blur","Footwork"],"campfire_rested":2,"item_purchase_floors":[2,13,13,19],"current_hp_per_floor":[70,70,70,65,65,65,37,37,37,37,28,17,17,13,32,12,65,63,63,57,57,5,24,0],"gold":293,"neow_bonus":"THREE_ENEMY_KILL","is_prod":false,"is_daily":false,"chose_seed":false,"campfire_upgraded":3,"win_rate":0,"timestamp":1556097879,"path_taken":["M","$","?","?","M","R","E","R","T","R","E","?","$","E","R","BOSS","M","$","M","?","?","R","E"],"build_version":"2019-01-23","purchased_purges":0,"victory":false,"max_hp_per_floor":[70,70,70,65,65,65,65,65,65,65,65,65,65,65,65,65,65,65,65,65,65,65,65,65],"card_choices":[{"not_picked":["Slice","Skewer"],"picked":"Dodge and Roll","floor":1},{"not_picked":["Skewer","Reflex"],"picked":"Deadly Poison","floor":3},{"not_picked":["Bane","Flechettes"],"picked":"Cloak And Dagger","floor":5},{"not_picked":["Deflect","Outmaneuver"],"picked":"Corpse Explosion","floor":7},{"not_picked":["Slice","Skewer"],"picked":"Dodge and Roll","floor":11},{"not_picked":["Flying Knee","Endless Agony"],"picked":"Escape Plan","floor":14},{"not_picked":["A Thousand Cuts","Malaise"],"picked":"Corpse Explosion","floor":16},{"not_picked":["Setup","Calculated Gamble"],"picked":"Catalyst","floor":18},{"not_picked":["Bane","Prepared"],"picked":"Dodge and Roll","floor":20}],"player_experience":668073,"relics_obtained":[{"floor":7,"key":"The Courier"},{"floor":9,"key":"Darkstone Periapt"},{"floor":11,"key":"War Paint"},{"floor":14,"key":"Juzu Bracelet"},{"floor":22,"key":"Dead Branch"},{"floor":22,"key":"Toxic Egg 2"}],"event_choices":[{"damage_healed":0,"gold_gain":0,"player_choice":"Lose Max HP","damage_taken":0,"relics_obtained":["Golden Idol"],"max_hp_gain":0,"max_hp_loss":5,"event_name":"Golden Idol","floor":4,"gold_loss":0},{"damage_healed":0,"gold_gain":75,"player_choice":"Gather Gold","damage_taken":11,"max_hp_gain":0,"max_hp_loss":0,"event_name":"World of Goop","floor":12,"gold_loss":0},{"damage_healed":0,"gold_gain":0,"player_choice":"Ignored","damage_taken":0,"max_hp_gain":0,"max_hp_loss":0,"event_name":"Vampires","floor":21,"gold_loss":0},{"damage_healed":0,"gold_gain":0,"player_choice":"Fight","damage_taken":0,"max_hp_gain":0,"max_hp_loss":0,"event_name":"Colosseum","floor":22,"gold_loss":0},{"damage_healed":0,"gold_gain":0,"player_choice":"Fought Nobs","damage_taken":0,"max_hp_gain":0,"max_hp_loss":0,"event_name":"Colosseum","floor":22,"gold_loss":0}],"is_beta":false,"boss_relics":[{"not_picked":["Tiny House","Philosopher\u0027s Stone"],"picked":"Black Star"}],"items_purged_floors":[],"is_endless":false,"potions_floor_spawned":[5,7,11,20,22],"killed_by":"Gremlin Leader","ascension_level":3}