{"gold_per_floor":[10,24,34,34,55,55,99,99,178,197,212,250,250,275,275,401,401,422,422,445,469,483,483,502,502,525,543,558,558],"floor_reached":29,"playtime":1965,"items_purged":[],"score":338,"play_id":"f1cd2ee7-f552-4d84-9df0-61e169470181","local_time":"20190407123158","is_ascension_mode":true,"campfire_choices":[{"data":"Zap","floor":6.0,"key":"SMITH"},{"data":"Darkness","floor":8.0,"key":"SMITH"},{"floor":13.0,"key":"REST"},{"floor":15.0,"key":"REST"},{"data":"Loop","floor":23.0,"key":"SMITH"},{"data":"Redo","floor":25.0,"key":"SMITH"}],"neow_cost":"NO_GOLD","seed_source_timestamp":65474346505011,"circlet_count":0,"master_deck":["Strike_B","Strike_B","Strike_B","Defend_B","Defend_B","Defend_B","Defend_B","Zap+1","Dualcast","Darkness+1","Genetic Algorithm","Loop+1","Redo+1","Undo","Cold Snap","Ball Lightning","Conserve Battery","Skim","Sunder","Reboot","Multi-Cast","Self Repair","Chill+1","Consume+1","Redo","Streamline+1","Steam Power+1"],"special_seed":0,"relics":["FrozenCore","Golden Idol","Calipers","Pear","Dream Catcher","Odd Mushroom","DataDisk"],"potions_floor_usage":[27,28],"damage_taken":[{"damage":5.0,"enemies":"Small Slimes","floor":1.0,"turns":3.0},{"damage":3.0,"enemies":"Jaw Worm","floor":2.0,"turns":5.0},{"damage":0.0,"enemies":"Cultist","floor":3.0,"turns":4.0},{"damage":6.0,"enemies":"Looter","floor":5.0,"turns":3.0},{"damage":6.0,"enemies":"Lagavulin","floor":7.0,"turns":6.0},{"damage":14.0,"enemies":"Red Slaver","floor":10.0,"turns":4.0},{"damage":3.0,"enemies":"Blue Slaver","floor":11.0,"turns":5.0},{"damage":22.0,"enemies":"Gremlin Nob","floor":12.0,"turns":4.0},{"damage":14.0,"enemies":"The Mushroom Lair","floor":14.0,"turns":5.0},{"damage":23.0,"enemies":"Slime Boss","floor":16.0,"turns":7.0},{"damage":9.0,"enemies":"Chosen","floor":18.0,"turns":5.0},{"damage":19.0,"enemies":"Spheric Guardian","floor":20.0,"turns":8.0},{"damage":11.0,"enemies":"Snecko","floor":21.0,"turns":7.0},{"damage":0.0,"enemies":"Chosen and Byrds","floor":22.0,"turns":8.0},{"damage":17.0,"enemies":"Snake Plant","floor":24.0,"turns":4.0},{"damage":11,"enemies":"Sentry and Sphere","floor":27,"turns":7},{"damage":43,"enemies":"3 Cultists","floor":28,"turns":6},{"damage":9,"enemies":"Centurion and Healer","floor":29,"turns":5}],"seed_played":"5424807329613850819","potions_obtained":[{"floor":1.0,"key":"SkillPotion"},{"floor":2.0,"key":"Regen Potion"},{"floor":7.0,"key":"SkillPotion"},{"floor":11.0,"key":"FearPotion"},{"floor":14.0,"key":"Poison Potion"},{"floor":16.0,"key":"EssenceOfSteel"},{"floor":21.0,"key":"SkillPotion"},{"floor":22.0,"key":"Explosive Potion"},{"floor":27,"key":"SneckoOil"}],"is_trial":false,"path_per_floor":["M","M","M","?","M","R","E","R","T","M","M","E","R","?","R","B",null,"M","?","M","M","M","R","M","R","T","M","M","M"],"character_chosen":"DEFECT","items_purchased":[],"campfire_rested":2,"item_purchase_floors":[],"current_hp_per_floor":[77,74,74,74,68,68,76,76,86,72,69,47,74,60,87,64,85,76,76,64,60,67,67,50,50,50,46,3,0],"gold":558,"neow_bonus":"TWENTY_PERCENT_HP_BONUS","is_prod":false,"is_daily":false,"chose_seed":false,"campfire_upgraded":4,"win_rate":0,"timestamp":1554607918,"path_taken":["M","M","M","?","M","R","E","R","T","M","M","E","R","?","R","BOSS","M","?","M","?","M","R","M","R","T","M","M","M"],"build_version":"2019-01-23","purchased_purges":0,"victory":false,"max_hp_per_floor":[89,89,89,82,82,82,82,82,92,92,92,92,92,92,92,92,92,92,92,92,92,92,92,92,92,92,92,92,92],"card_choices":[{"not_picked":["FTL","Barrage"],"picked":"Darkness","floor":1.0},{"not_picked":["Cold Snap","Scrape"],"picked":"Genetic Algorithm","floor":2.0},{"not_picked":["Barrage","Tempest"],"picked":"Loop","floor":3.0},{"not_picked":["Rip and Tear","Hologram"],"picked":"Redo","floor":5.0},{"not_picked":["Go for the Eyes","Rip and Tear"],"picked":"Undo","floor":7.0},{"not_picked":["Aggregate","Stack"],"picked":"Cold Snap","floor":10.0},{"not_picked":["Beam Cell","Rebound"],"picked":"Ball Lightning","floor":11.0},{"not_picked":["Buffer","Redo"],"picked":"Conserve Battery","floor":12.0},{"not_picked":["Static Discharge","Turbo"],"picked":"Skim","floor":13.0},{"not_picked":["Coolheaded","Redo"],"picked":"Sunder","floor":14.0},{"not_picked":["Barrage","Go for the Eyes"],"picked":"Reboot","floor":15.0},{"not_picked":["Machine Learning","Rainbow"],"picked":"Multi-Cast","floor":16.0},{"not_picked":["Hologram","Stack"],"picked":"Self Repair","floor":18.0},{"not_picked":["Go for the Eyes","Reinforced Body"],"picked":"Chill+1","floor":20.0},{"not_picked":["Streamline","Leap"],"picked":"Consume+1","floor":21.0},{"not_picked":["Streamline","Lockon"],"picked":"Redo","floor":22.0},{"not_picked":["Reinforced Body","Go for the Eyes"],"picked":"Streamline+1","floor":24.0},{"not_picked":["Conserve Battery","Turbo","Hyperbeam"],"picked":"SKIP","floor":27},{"not_picked":["Doom and Gloom","Leap"],"picked":"Steam Power+1","floor":28}],"player_experience":285352,"relics_obtained":[{"floor":7.0,"key":"Calipers"},{"floor":9.0,"key":"Pear"},{"floor":12.0,"key":"Dream Catcher"},{"floor":14.0,"key":"Odd Mushroom"},{"floor":26.0,"key":"DataDisk"}],"event_choices":[{"damage_healed":0.0,"max_hp_gain":0.0,"max_hp_loss":7.0,"gold_gain":0.0,"event_name":"Golden Idol","player_choice":"Lose Max HP","floor":4.0,"gold_loss":0.0,"damage_taken":0.0,"relics_obtained":["Golden Idol"]},{"damage_healed":0.0,"max_hp_gain":0.0,"max_hp_loss":0.0,"gold_gain":0.0,"event_name":"Mushrooms","player_choice":"Fought Mushrooms","floor":14.0,"gold_loss":0.0,"damage_taken":0.0},{"cards_removed":["Strike_B"],"damage_healed":0.0,"max_hp_gain":0.0,"max_hp_loss":0.0,"gold_gain":0.0,"event_name":"Purifier","player_choice":"Purged","floor":19.0,"gold_loss":0.0,"damage_taken":0.0}],"is_beta":false,"boss_relics":[{"not_picked":["Philosopher\u0027s Stone","Busted Crown"],"picked":"FrozenCore"}],"items_purged_floors":[],"is_endless":false,"potions_floor_spawned":[1,2,7,11,14,16,21,22,27],"killed_by":"Centurion and Healer","ascension_level":6}