{"gold_per_floor":[109,127,0,19,30,30,46,75,75,95,95,57,57,74,74,169,169,188,199,199,35,35,35],"floor_reached":23,"playtime":1030,"items_purged":["Defend_B"],"score":203,"play_id":"ea8c28da-2205-4f2f-b48c-e7b28a56630b","local_time":"20181214225025","is_ascension_mode":true,"campfire_choices":[{"floor":6,"key":"RECALL"},{"floor":13,"key":"REST"},{"floor":15,"key":"REST"}],"neow_cost":"NONE","seed_source_timestamp":13117021390614,"circlet_count":0,"master_deck":["Strike_B","Strike_B","Strike_B","Strike_B","Defend_B","Defend_B","Defend_B","Zap","Dualcast","BootSequence","Glacier","Undo","Static Discharge","Sweeping Beam","Lockon","Stack","Conserve Battery","Tempest","Fusion","Buffer","FTL","Dark Shackles"],"relics":["FrozenCore","Question Card"],"potions_floor_usage":[5,16,16],"damage_taken":[{"damage":0,"enemies":"Small Slimes","floor":1,"turns":2},{"damage":0,"enemies":"2 Louse","floor":2,"turns":3},{"damage":3,"enemies":"Jaw Worm","floor":4,"turns":4},{"damage":23,"enemies":"Exordium Wildlife","floor":5,"turns":5},{"damage":0,"enemies":"Looter","floor":7,"turns":3},{"damage":25,"enemies":"Lagavulin","floor":8,"turns":7},{"damage":22,"enemies":"Gremlin Gang","floor":10,"turns":7},{"damage":7,"enemies":"2 Fungi Beasts","floor":14,"turns":3},{"damage":22,"enemies":"The Guardian","floor":16,"turns":15},{"damage":27,"enemies":"3 Byrds","floor":18,"turns":6},{"damage":22,"enemies":"Shell Parasite","floor":19,"turns":9},{"damage":12,"enemies":"Colosseum Slavers","floor":22,"turns":7},{"damage":17,"enemies":"Book of Stabbing","floor":23,"turns":5}],"seed_played":"-7083134644298537081","potions_obtained":[{"floor":2,"key":"Weak Potion"},{"floor":7,"key":"GamblersBrew"},{"floor":14,"key":"FocusPotion"}],"is_trial":false,"path_per_floor":["M","M","$","M","M","R","M","E","T","M","?","?","R","M","R","B",null,"M","M","?","$","?","E"],"character_chosen":"DEFECT","items_purchased":["Static Discharge","Sweeping Beam","Dark Shackles"],"campfire_rested":2,"item_purchase_floors":[3,3,21],"current_hp_per_floor":[75,75,75,72,49,49,49,24,24,2,2,2,24,17,39,17,75,48,26,26,26,14,0],"gold":35,"neow_bonus":"THREE_CARDS","is_prod":false,"is_daily":false,"chose_seed":false,"campfire_upgraded":0,"win_rate":0,"timestamp":1544856625,"path_taken":["M","M","$","M","M","R","M","E","T","M","?","?","R","?","R","BOSS","M","M","?","$","?","E"],"build_version":"2018-12-13","purchased_purges":1,"victory":false,"max_hp_per_floor":[75,75,75,75,75,75,75,75,75,75,75,75,75,75,75,75,75,75,75,75,75,75,75],"card_choices":[{"not_picked":["Streamline","Go for the Eyes"],"picked":"BootSequence","floor":0},{"not_picked":["Stack","Conserve Battery"],"picked":"Glacier","floor":1},{"not_picked":["Go for the Eyes","Ball Lightning"],"picked":"Undo","floor":2},{"not_picked":["Steam","Cold Snap"],"picked":"Lockon","floor":4},{"not_picked":["Coolheaded","Redo"],"picked":"Stack","floor":5},{"not_picked":["Hologram","Barrage","Coolheaded"],"picked":"SKIP","floor":7},{"not_picked":["Redo","Biased Cognition"],"picked":"Conserve Battery","floor":8},{"not_picked":["Gash","Coolheaded","Compile Driver"],"picked":"Tempest","floor":10},{"not_picked":["Tempest","Barrage","Conserve Battery"],"picked":"Fusion","floor":14},{"not_picked":["Amplify","Meteor Strike","Biased Cognition"],"picked":"Buffer","floor":16},{"not_picked":["Capacitor","Reinforced Body","Redo"],"picked":"FTL","floor":18},{"not_picked":["Compile Driver","Hologram","Steam+1","Go for the Eyes+1"],"picked":"SKIP","floor":19}],"player_experience":266188,"relics_obtained":[{"floor":8,"key":"Question Card"}],"event_choices":[{"damage_healed":0,"gold_gain":0,"player_choice":"Fled","damage_taken":0,"max_hp_gain":0,"max_hp_loss":0,"event_name":"Scrap Ooze","floor":11,"gold_loss":0},{"damage_healed":0,"gold_gain":0,"player_choice":"Left Gold","damage_taken":0,"max_hp_gain":0,"max_hp_loss":0,"event_name":"World of Goop","floor":12,"gold_loss":38},{"damage_healed":0,"gold_gain":0,"player_choice":"Ignored","damage_taken":0,"max_hp_gain":0,"max_hp_loss":0,"event_name":"Cursed Tome","floor":20,"gold_loss":0},{"damage_healed":0,"gold_gain":0,"player_choice":"Fight","damage_taken":0,"max_hp_gain":0,"max_hp_loss":0,"event_name":"Colosseum","floor":22,"gold_loss":0},{"damage_healed":0,"gold_gain":0,"player_choice":"Fled From Nobs","damage_taken":0,"max_hp_gain":0,"max_hp_loss":0,"event_name":"Colosseum","floor":22,"gold_loss":0}],"is_beta":false,"boss_relics":[{"not_picked":["Sozu","Runic Dome"],"picked":"FrozenCore"}],"items_purged_floors":[21],"is_endless":false,"potions_floor_spawned":[2,7,14,22],"killed_by":"Book of Stabbing","ascension_level":1}