{"gold_per_floor":[118,136,136,150,170,170,185,202,272,284,30,30,50,50],"floor_reached":14,"playtime":492,"items_purged":[],"score":86,"play_id":"c053b2b8-8fe9-4936-8981-f1f2a5593ea7","local_time":"20190222214416","is_ascension_mode":false,"campfire_choices":[{"data":"Conserve Battery","floor":6,"key":"SMITH"}],"neow_cost":"PERCENT_DAMAGE","seed_source_timestamp":189091406206333,"circlet_count":0,"master_deck":["Strike_B","Strike_B","Strike_B","Strike_B","Defend_B","Defend_B","Defend_B","Defend_B","Zap","Dualcast","Coolheaded","Conserve Battery+1","Beam Cell"],"relics":["Cracked Core","Ginger","Bronze Scales","Blue Candle","Kunai"],"potions_floor_usage":[5,14],"damage_taken":[{"damage":5,"enemies":"Small Slimes","floor":1,"turns":3},{"damage":1,"enemies":"Jaw Worm","floor":2,"turns":4},{"damage":0,"enemies":"Cultist","floor":4,"turns":3},{"damage":2,"enemies":"3 Louse","floor":5,"turns":3},{"damage":0,"enemies":"Large Slime","floor":7,"turns":5},{"damage":4,"enemies":"Lots of Slimes","floor":8,"turns":5},{"damage":13,"enemies":"Red Slaver","floor":10,"turns":4},{"damage":3,"enemies":"3 Louse","floor":13,"turns":3},{"damage":4,"enemies":"Large Slime","floor":14,"turns":2}],"seed_played":"-1619541768169300024","potions_obtained":[{"floor":1,"key":"AttackPotion"},{"floor":2,"key":"SpeedPotion"},{"floor":8,"key":"AttackPotion"},{"floor":10,"key":"Swift Potion"}],"is_trial":false,"path_per_floor":["M","M","?","M","M","R","M","M","T","M","$","?","M","M"],"character_chosen":"DEFECT","items_purchased":["Kunai"],"campfire_rested":0,"item_purchase_floors":[11],"current_hp_per_floor":[49,48,23,23,21,21,21,17,17,4,4,4,1,0],"gold":50,"neow_bonus":"ONE_RARE_RELIC","is_prod":false,"is_daily":false,"chose_seed":false,"campfire_upgraded":1,"win_rate":0,"timestamp":1550900656,"path_taken":["M","M","?","M","M","R","M","M","T","M","$","?","M","M"],"build_version":"2019-01-23","purchased_purges":0,"victory":false,"max_hp_per_floor":[75,75,75,75,75,75,75,75,75,75,75,75,75,75],"card_choices":[{"not_picked":["Force Field","Storm","FTL"],"picked":"SKIP","floor":1},{"not_picked":["Redo","Rip and Tear"],"picked":"Coolheaded","floor":2},{"not_picked":["Rebound","Hologram"],"picked":"Conserve Battery","floor":4},{"not_picked":["Rebound","Redo","Undo"],"picked":"SKIP","floor":5},{"not_picked":["Rebound","Darkness","Scrape"],"picked":"SKIP","floor":7},{"not_picked":["Rebound","Hello World"],"picked":"Beam Cell","floor":8},{"not_picked":["Barrage","Cold Snap","Darkness"],"picked":"SKIP","floor":10},{"not_picked":["Capacitor","Sweeping Beam","Thunder Strike"],"picked":"SKIP","floor":13}],"player_experience":445137,"relics_obtained":[{"floor":9,"key":"Blue Candle"}],"event_choices":[{"damage_healed":0,"gold_gain":0,"player_choice":"Success","damage_taken":25,"relics_obtained":["Bronze Scales"],"max_hp_gain":0,"max_hp_loss":0,"event_name":"Scrap Ooze","floor":3,"gold_loss":0},{"damage_healed":0,"gold_gain":0,"player_choice":"0 cards matched","damage_taken":0,"max_hp_gain":0,"max_hp_loss":0,"event_name":"Match and Keep!","floor":12,"gold_loss":0,"cards_obtained":[]}],"is_beta":false,"boss_relics":[],"items_purged_floors":[],"is_endless":false,"potions_floor_spawned":[1,2,8,10,13],"killed_by":"Large Slime","ascension_level":0}