{"gold_per_floor":[16,33,44,56,75,106,56,73,96,114,114,114,128,128,128,128],"floor_reached":16,"playtime":931,"items_purged":[],"score":117,"play_id":"58b8122b-e2a3-4763-a58e-d4316d8ff3c7","local_time":"20190318105010","is_ascension_mode":true,"campfire_choices":[{"data":"True Grit","floor":11,"key":"SMITH"},{"data":"Armaments","floor":15,"key":"SMITH"}],"neow_cost":"NO_GOLD","seed_source_timestamp":394870675744413,"circlet_count":0,"master_deck":["Strike_R","Strike_R","Defend_R","Defend_R","Defend_R","Defend_R","Bash","Sentinel","True Grit+1","Havoc","Cleave","Ghostly Armor","Armaments+1","True Grit","Body Slam","Reaper","Havoc"],"relics":["Burning Blood","Vajra"],"potions_floor_usage":[10,13,16],"damage_taken":[{"damage":6,"enemies":"Jaw Worm","floor":1,"turns":4},{"damage":13,"enemies":"Cultist","floor":2,"turns":6},{"damage":7,"enemies":"Small Slimes","floor":3,"turns":6},{"damage":16,"enemies":"Blue Slaver","floor":4,"turns":9},{"damage":1,"enemies":"2 Fungi Beasts","floor":5,"turns":4},{"damage":29,"enemies":"Gremlin Nob","floor":6,"turns":5},{"damage":7,"enemies":"Lots of Slimes","floor":8,"turns":2},{"damage":0,"enemies":"Exordium Thugs","floor":10,"turns":6},{"damage":6,"enemies":"Gremlin Gang","floor":13,"turns":6},{"damage":77,"enemies":"Hexaghost","floor":16,"turns":16}],"seed_played":"-6814285276760336944","potions_obtained":[{"floor":6,"key":"Fire Potion"},{"floor":8,"key":"Fire Potion"},{"floor":10,"key":"Fruit Juice"}],"is_trial":false,"path_per_floor":["M","M","M","M","M","E","?","M","T","M","R","?","M","?","R","B"],"character_chosen":"IRONCLAD","items_purchased":[],"campfire_rested":0,"item_purchase_floors":[],"current_hp_per_floor":[80,73,72,62,67,44,44,43,43,54,54,54,63,68,68,0],"gold":128,"neow_bonus":"REMOVE_TWO","is_prod":false,"is_daily":false,"chose_seed":false,"campfire_upgraded":2,"win_rate":0,"timestamp":1552927810,"path_taken":["M","M","M","M","M","E","?","M","T","M","R","?","?","?","R","BOSS"],"build_version":"2019-01-23","purchased_purges":0,"victory":false,"max_hp_per_floor":[80,80,80,80,80,80,80,80,80,85,85,85,85,90,90,90],"card_choices":[{"not_picked":["Iron Wave","Clash"],"picked":"Sentinel","floor":1},{"not_picked":["Cleave","Sever Soul"],"picked":"True Grit","floor":2},{"not_picked":["Twin Strike","Cleave"],"picked":"Havoc","floor":3},{"not_picked":["Rupture","Flex"],"picked":"Cleave","floor":4},{"not_picked":["Flex","Bloodletting"],"picked":"Ghostly Armor","floor":5},{"not_picked":["Inflame","Perfected Strike"],"picked":"Armaments","floor":6},{"not_picked":["Cleave","Immolate"],"picked":"True Grit","floor":8},{"not_picked":["Twin Strike","Pommel Strike"],"picked":"Body Slam","floor":10},{"not_picked":["Flex","Seeing Red"],"picked":"Havoc","floor":13}],"player_experience":249029,"relics_obtained":[{"floor":6,"key":"Vajra"}],"event_choices":[{"cards_removed":["Strike_R"],"damage_healed":0,"gold_gain":0,"player_choice":"Card Removal","damage_taken":0,"max_hp_gain":0,"max_hp_loss":0,"event_name":"The Cleric","floor":7,"gold_loss":50},{"damage_healed":0,"gold_gain":0,"player_choice":"1 cards matched","damage_taken":0,"max_hp_gain":0,"max_hp_loss":0,"event_name":"Match and Keep!","floor":12,"gold_loss":0,"cards_obtained":["Reaper"]},{"damage_healed":0,"gold_gain":0,"player_choice":"Donut","damage_taken":0,"max_hp_gain":5,"max_hp_loss":0,"event_name":"Big Fish","floor":14,"gold_loss":0}],"is_beta":false,"boss_relics":[],"items_purged_floors":[],"is_endless":false,"potions_floor_spawned":[6,8,10],"killed_by":"Hexaghost","ascension_level":2}