{"gold_per_floor":[114,129,129,143,143,177,96,130,130,162,138,138],"floor_reached":12,"playtime":531,"items_purged":[],"score":101,"play_id":"9c901ccf-9e18-4850-8497-c9e2f245ed82","local_time":"20190316105739","is_ascension_mode":true,"campfire_choices":[],"neow_cost":"NONE","seed_source_timestamp":306652555878780,"circlet_count":0,"master_deck":["Strike_R","Strike_R","Strike_R","Strike_R","Defend_R","Defend_R","Defend_R","Bash","Body Slam","Shrug It Off","Heavy Blade","Inflame","Perfected Strike","Heavy Blade"],"relics":["Burning Blood","MawBank","Mercury Hourglass","Self Forming Clay"],"potions_floor_usage":[10,12],"damage_taken":[{"damage":7,"enemies":"Small Slimes","floor":1,"turns":3},{"damage":5,"enemies":"2 Louse","floor":2,"turns":3},{"damage":12,"enemies":"Jaw Worm","floor":4,"turns":6},{"damage":34,"enemies":"Gremlin Nob","floor":6,"turns":5},{"damage":32,"enemies":"3 Sentries","floor":8,"turns":9},{"damage":6,"enemies":"Lagavulin","floor":10,"turns":5},{"damage":25,"enemies":"Gremlin Nob","floor":12,"turns":3}],"seed_played":"4476872475639496802","potions_obtained":[{"floor":4,"key":"Block Potion"},{"floor":10,"key":"AttackPotion"}],"is_trial":false,"path_per_floor":["M","M","?","M","?","E","$","E","T","E","?","E"],"character_chosen":"IRONCLAD","items_purchased":["Inflame","Perfected Strike"],"campfire_rested":0,"item_purchase_floors":[7,7],"current_hp_per_floor":[87,88,88,82,75,47,47,21,21,21,21,0],"gold":138,"neow_bonus":"TEN_PERCENT_HP_BONUS","is_prod":false,"is_daily":false,"chose_seed":false,"campfire_upgraded":0,"win_rate":0,"timestamp":1552755459,"path_taken":["M","M","?","M","?","E","$","E","T","E","?","E"],"build_version":"2019-01-23","purchased_purges":0,"victory":false,"max_hp_per_floor":[88,88,88,88,88,88,88,88,88,88,88,88],"card_choices":[{"not_picked":["Twin Strike","Sever Soul"],"picked":"Body Slam","floor":1},{"not_picked":["Ghostly Armor","Clothesline"],"picked":"Shrug It Off","floor":2},{"not_picked":["Iron Wave","Fiend Fire"],"picked":"Heavy Blade","floor":4},{"not_picked":["Rampage","Wild Strike","Burning Pact"],"picked":"SKIP","floor":6},{"not_picked":["Body Slam","Fire Breathing","Whirlwind"],"picked":"SKIP","floor":8},{"not_picked":["Reckless Charge","Shockwave"],"picked":"Heavy Blade","floor":10}],"player_experience":231814,"relics_obtained":[{"floor":6,"key":"MawBank"},{"floor":8,"key":"Mercury Hourglass"},{"floor":10,"key":"Self Forming Clay"}],"event_choices":[{"cards_removed":["Strike_R"],"damage_healed":0,"gold_gain":0,"player_choice":"Forget","damage_taken":0,"max_hp_gain":0,"max_hp_loss":0,"event_name":"Living Wall","floor":3,"gold_loss":0},{"cards_removed":["Defend_R"],"damage_healed":0,"gold_gain":0,"player_choice":"Card Removal","damage_taken":7,"max_hp_gain":0,"max_hp_loss":0,"event_name":"Golden Wing","floor":5,"gold_loss":0},{"damage_healed":0,"gold_gain":0,"player_choice":"Left Gold","damage_taken":0,"max_hp_gain":0,"max_hp_loss":0,"event_name":"World of Goop","floor":11,"gold_loss":24}],"is_beta":false,"boss_relics":[],"items_purged_floors":[],"is_endless":false,"potions_floor_spawned":[4,10],"killed_by":"Gremlin Nob","ascension_level":1}