{"gold_per_floor":[110,34,34,9,29,82,99,112,112,126,152,152],"floor_reached":12,"playtime":235,"items_purged":[],"score":84,"play_id":"0c80f420-53f8-46c3-a4cf-ee380a645d9e","local_time":"20181222102815","is_ascension_mode":true,"campfire_choices":[],"neow_cost":"NONE","seed_source_timestamp":220336980575000,"circlet_count":0,"master_deck":["Strike_B","Strike_B","Strike_B","Strike_B","Defend_B+1","Defend_B","Defend_B+1","Defend_B","Zap","Dualcast","Doom and Gloom","Loop","Sweeping Beam","Conserve Battery","Ball Lightning","Ball Lightning","Tempest","Meteor Strike"],"relics":["Cracked Core","Toxic Egg 2"],"potions_floor_usage":[10,11],"damage_taken":[{"damage":6,"enemies":"Cultist","floor":1,"turns":3},{"damage":6,"enemies":"Jaw Worm","floor":5,"turns":3},{"damage":1,"enemies":"2 Louse","floor":7,"turns":3},{"damage":20,"enemies":"Looter","floor":8,"turns":3},{"damage":6,"enemies":"Exordium Thugs","floor":10,"turns":3},{"damage":11,"enemies":"3 Sentries","floor":11,"turns":4},{"damage":19,"enemies":"Exordium Wildlife","floor":12,"turns":1}],"seed_played":"-178661780593778023","potions_obtained":[{"floor":7,"key":"Fire Potion"},{"floor":8,"key":"SpeedPotion"},{"floor":10,"key":"Block Potion"}],"is_trial":false,"path_per_floor":["M","$","?","$","M","?","M","M","T","M","E","M"],"character_chosen":"DEFECT","items_purchased":["Loop","Sweeping Beam"],"campfire_rested":0,"item_purchase_floors":[2,4],"current_hp_per_floor":[76,76,60,60,54,54,53,33,33,27,16,0],"gold":152,"neow_bonus":"TEN_PERCENT_HP_BONUS","is_prod":false,"is_daily":false,"chose_seed":false,"campfire_upgraded":0,"win_rate":0,"timestamp":1545503295,"path_taken":["M","$","?","$","M","?","M","M","T","M","E","M"],"build_version":"2018-12-20","purchased_purges":0,"victory":false,"max_hp_per_floor":[82,82,82,82,82,82,82,82,82,82,82,82],"card_choices":[{"not_picked":["Redo","Barrage"],"picked":"Doom and Gloom","floor":1},{"not_picked":["Rebound","Steam Power"],"picked":"Conserve Battery","floor":5},{"not_picked":["Stack","Sweeping Beam"],"picked":"Ball Lightning","floor":7},{"not_picked":["Rip and Tear","Barrage"],"picked":"Ball Lightning","floor":8},{"not_picked":["Chaos","Go for the Eyes"],"picked":"Tempest","floor":10},{"not_picked":["Reprogram","Stack"],"picked":"Meteor Strike","floor":11}],"player_experience":310961,"relics_obtained":[{"floor":11,"key":"Toxic Egg 2"}],"event_choices":[{"damage_healed":0,"gold_gain":0,"player_choice":"Entered Light","damage_taken":16,"max_hp_gain":0,"max_hp_loss":0,"event_name":"Shining Light","floor":3,"gold_loss":0,"cards_upgraded":["Defend_B","Defend_B"]},{"damage_healed":0,"gold_gain":53,"player_choice":"Gained Gold","damage_taken":0,"max_hp_gain":0,"max_hp_loss":0,"event_name":"Golden Wing","floor":6,"gold_loss":0}],"is_beta":false,"boss_relics":[],"items_purged_floors":[],"is_endless":false,"potions_floor_spawned":[7,8,10],"killed_by":"Exordium Wildlife","ascension_level":1}