{"gold_per_floor":[109,109,123,50,65,99,99,99,99,21,34,45,45,64,64,64],"floor_reached":16,"playtime":1168,"items_purged":[],"score":112,"play_id":"2e469411-a612-4677-8d2c-96b412d9fe41","local_time":"20190315132059","is_ascension_mode":true,"campfire_choices":[{"floor":8,"key":"REST"},{"data":"Metallicize","floor":13,"key":"SMITH"},{"data":"Flame Barrier","floor":15,"key":"SMITH"}],"neow_cost":"NONE","seed_source_timestamp":13077349530341,"circlet_count":0,"master_deck":["Strike_R","Strike_R","Strike_R","Strike_R","Defend_R+1","Defend_R","Defend_R+1","Defend_R","Bash","Flame Barrier+1","Combust","Metallicize+1","Fire Breathing","Corruption","Rupture","Armaments","Armaments"],"relics":["Burning Blood","Mummified Hand","War Paint"],"potions_floor_usage":[16,16],"damage_taken":[{"damage":0,"enemies":"Small Slimes","floor":1,"turns":3},{"damage":10,"enemies":"Cultist","floor":3,"turns":6},{"damage":12,"enemies":"Jaw Worm","floor":5,"turns":5},{"damage":54,"enemies":"3 Sentries","floor":6,"turns":12},{"damage":3,"enemies":"3 Louse","floor":11,"turns":5},{"damage":8,"enemies":"Looter","floor":12,"turns":4},{"damage":1,"enemies":"2 Fungi Beasts","floor":14,"turns":4},{"damage":52,"enemies":"Hexaghost","floor":16,"turns":16}],"seed_played":"-7332529815409181028","potions_obtained":[{"floor":6,"key":"Strength Potion"},{"floor":11,"key":"GamblersBrew"}],"is_trial":false,"path_per_floor":["M","?","M","$","M","E","?","R","T","$","M","M","R","M","R","B"],"character_chosen":"IRONCLAD","items_purchased":["Metallicize","Rupture"],"campfire_rested":1,"item_purchase_floors":[4,10],"current_hp_per_floor":[80,80,76,76,70,22,22,46,46,46,49,47,47,52,52,0],"gold":64,"neow_bonus":"THREE_CARDS","is_prod":false,"is_daily":false,"chose_seed":false,"campfire_upgraded":2,"win_rate":0,"timestamp":1552652459,"path_taken":["M","?","M","$","?","E","?","R","T","$","?","M","R","M","R","BOSS"],"build_version":"2019-01-23","purchased_purges":0,"victory":false,"max_hp_per_floor":[80,80,80,80,80,80,80,80,80,80,80,80,80,80,80,80],"card_choices":[{"not_picked":["Heavy Blade","Iron Wave"],"picked":"Flame Barrier","floor":0},{"not_picked":["Shrug It Off","Sentinel"],"picked":"Combust","floor":1},{"not_picked":["Thunderclap","Perfected Strike","Sword Boomerang"],"picked":"SKIP","floor":3},{"not_picked":["Shrug It Off","Headbutt"],"picked":"Fire Breathing","floor":5},{"not_picked":["Wild Strike","Hemokinesis","Sentinel"],"picked":"SKIP","floor":6},{"not_picked":["Flex","Headbutt"],"picked":"Armaments","floor":11},{"not_picked":["Bloodletting","Clothesline","Thunderclap"],"picked":"SKIP","floor":12},{"not_picked":["Thunderclap","Infernal Blade"],"picked":"Armaments","floor":14}],"player_experience":156298,"relics_obtained":[{"floor":6,"key":"Mummified Hand"},{"floor":9,"key":"War Paint"}],"event_choices":[{"damage_healed":0,"gold_gain":0,"player_choice":"Bought 0 Potions","damage_taken":0,"max_hp_gain":0,"max_hp_loss":0,"event_name":"The Woman in Blue","floor":2,"gold_loss":0},{"damage_healed":0,"gold_gain":0,"cards_transformed":["Strike_R"],"player_choice":"Transformed","damage_taken":0,"max_hp_gain":0,"max_hp_loss":0,"event_name":"Transmorgrifier","floor":7,"gold_loss":0,"cards_obtained":["Corruption"]}],"is_beta":false,"boss_relics":[],"items_purged_floors":[],"is_endless":false,"potions_floor_spawned":[6,11],"killed_by":"Hexaghost","ascension_level":2}