{"gold_per_floor":[114,134,148,73,73,73,87,98,122,152,126,126,198,44,44,148,148,158,248,265,95,25,25],"floor_reached":23,"playtime":1092,"items_purged":["Strike_B","Defend_B","Storm"],"score":255,"play_id":"5046b103-c2f8-4bde-8c34-d2ea55ee5cac","local_time":"20181204204643","is_ascension_mode":true,"campfire_choices":[{"data":"Hologram","floor":6,"key":"SMITH"},{"floor":12,"key":"REST"},{"floor":15,"key":"REST"}],"neow_cost":"NONE","seed_source_timestamp":221073150603788,"circlet_count":0,"master_deck":["Zap","Dualcast","All For One","Hologram+1","Conserve Battery","Go for the Eyes","Electrodynamics","Gash","Leap","Tempest","Sweeping Beam","Lockon","Beam Cell","Scrape","Gash","FTL"],"relics":["Cracked Core","Art of War","DataDisk","Happy Flower","Pandora\u0027s Box"],"potions_floor_usage":[2,2,7,7,10,16],"damage_taken":[{"damage":1,"enemies":"Cultist","floor":1,"turns":3},{"damage":2,"enemies":"Small Slimes","floor":2,"turns":3},{"damage":6,"enemies":"2 Louse","floor":3,"turns":3},{"damage":7,"enemies":"Exordium Thugs","floor":7,"turns":4},{"damage":19,"enemies":"3 Louse","floor":8,"turns":6},{"damage":20,"enemies":"3 Sentries","floor":10,"turns":7},{"damage":40,"enemies":"Slime Boss","floor":16,"turns":9},{"damage":7,"enemies":"Chosen","floor":18,"turns":4},{"damage":28,"enemies":"2 Thieves","floor":20,"turns":3},{"damage":15,"enemies":"Book of Stabbing","floor":23,"turns":2}],"seed_played":"-899086085800343681","potions_obtained":[{"floor":1,"key":"EntropicBrew"},{"floor":3,"key":"Dexterity Potion"},{"floor":8,"key":"Fire Potion"}],"is_trial":false,"path_per_floor":["M","M","M","$","T","R","M","M","T","E","$","R","?","$","R","B",null,"M","?","M","$","$","E"],"character_chosen":"DEFECT","items_purchased":["Conserve Battery","Go for the Eyes","Gash","FTL"],"campfire_rested":2,"item_purchase_floors":[11,14,21,22],"current_hp_per_floor":[67,65,59,59,59,59,52,33,33,13,13,35,35,35,57,17,61,54,40,12,12,12,0],"gold":25,"neow_bonus":"ONE_RANDOM_RARE_CARD","is_prod":false,"is_daily":false,"chose_seed":false,"campfire_upgraded":1,"win_rate":0,"timestamp":1543952803,"path_taken":["M","M","M","$","?","R","M","?","T","E","?","R","?","$","R","BOSS","M","?","M","?","$","E"],"build_version":"2018-11-15","purchased_purges":3,"victory":false,"max_hp_per_floor":[75,75,75,75,75,75,75,75,75,75,75,75,75,75,75,75,75,75,75,75,75,75,75],"card_choices":[{"not_picked":["Heatsinks","Doom and Gloom","Redo"],"picked":"SKIP","floor":1},{"not_picked":["Chaos","Redo","Skim"],"picked":"SKIP","floor":2},{"not_picked":["Steam","Electrodynamics"],"picked":"Hologram","floor":3},{"not_picked":["Fusion","Compile Driver","Skim"],"picked":"SKIP","floor":7},{"not_picked":["Tempest","Undo","Rip and Tear"],"picked":"SKIP","floor":8},{"not_picked":["Rebound","Genetic Algorithm","Capacitor"],"picked":"SKIP","floor":10},{"not_picked":["Multi-Cast","Buffer"],"picked":"Electrodynamics","floor":16},{"not_picked":["Rebound","Stack"],"picked":"Beam Cell","floor":18},{"not_picked":["Force Field+1","Hologram+1"],"picked":"Scrape","floor":20}],"player_experience":345608,"relics_obtained":[{"floor":5,"key":"Art of War"},{"floor":9,"key":"DataDisk"},{"floor":10,"key":"Happy Flower"}],"event_choices":[{"damage_healed":0,"gold_gain":72,"player_choice":"Gained Gold","damage_taken":0,"max_hp_gain":0,"max_hp_loss":0,"event_name":"Golden Wing","floor":13,"gold_loss":0},{"damage_healed":0,"gold_gain":90,"player_choice":"GOLD ","damage_taken":14,"max_hp_gain":0,"max_hp_loss":0,"event_name":"Knowing Skull","floor":19,"potions_obtained":[],"gold_loss":0,"cards_obtained":[]}],"is_beta":false,"boss_relics":[{"not_picked":["Runic Pyramid","Philosopher\u0027s Stone"],"picked":"Pandora\u0027s Box"}],"items_purged_floors":[4,14,21],"is_endless":false,"potions_floor_spawned":[1,3,8],"killed_by":"Book of Stabbing","ascension_level":7}