{"gold_per_floor":[109,34,34,34,46,80,80,80,80,105,119,119,146,162,162,259,309,327,73,73,87,7,41,59,59,59,59,59,59,74,107,107,209,209,223,223,240,140,154,154,182,182,205,231,5,19,19,36,36,36],"floor_reached":50,"playtime":3060,"items_purged":["Strike_B","Strike_B","Shame","Strike_B"],"score":751,"play_id":"6900cdcb-6fd1-4540-b846-239cf263f02f","local_time":"20181126195244","is_ascension_mode":true,"campfire_choices":[{"data":"Scrape","floor":7,"key":"SMITH"},{"floor":12,"key":"REST"},{"data":"Gash","floor":15,"key":"SMITH"},{"data":"FTL","floor":25,"key":"SMITH"},{"data":"FTL","floor":27,"key":"SMITH"},{"floor":32,"key":"REST"},{"data":"Seek","floor":40,"key":"SMITH"},{"data":"Reboot","floor":42,"key":"SMITH"},{"floor":49,"key":"REST"}],"neow_cost":"NONE","seed_source_timestamp":684506365205041,"circlet_count":0,"master_deck":["Strike_B+1","Defend_B","Defend_B","Defend_B","Zap","Dualcast+1","FTL+1","Scrape+1","FTL+1","Gash+1","Seek+1","All For One","Go for the Eyes+1","Chill","Gash+1","Go for the Eyes","Gash+1","Beam Cell+1","Reboot+1","Beam Cell+1","White Noise+1"],"relics":["Cracked Core","NeowsBlessing","Orichalcum","Kunai","Ornamental Fan","Omamori","The Courier","Tiny House","Lee\u0027s Waffle","Mercury Hourglass","MutagenicStrength","Bird Faced Urn","Calling Bell","Dream Catcher","Frozen Egg 2","Ginger","Regal Pillow","MawBank","Whetstone"],"potions_floor_usage":[11,16,18,18,23,23,23,23,30,39,41,44,50,50],"damage_taken":[{"damage":0,"enemies":"Jaw Worm","floor":1,"turns":1},{"damage":0,"enemies":"Small Slimes","floor":5,"turns":1},{"damage":0,"enemies":"Lagavulin","floor":6,"turns":1},{"damage":20,"enemies":"3 Sentries","floor":10,"turns":5},{"damage":0,"enemies":"Cultist","floor":11,"turns":2},{"damage":10,"enemies":"Lagavulin","floor":13,"turns":6},{"damage":0,"enemies":"2 Fungi Beasts","floor":14,"turns":2},{"damage":18,"enemies":"Hexaghost","floor":16,"turns":6},{"damage":0,"enemies":"3 Byrds","floor":18,"turns":3},{"damage":0,"enemies":"Chosen","floor":21,"turns":3},{"damage":15,"enemies":"Slavers","floor":23,"turns":4},{"damage":0,"enemies":"Sentry and Sphere","floor":24,"turns":3},{"damage":12,"enemies":"Snake Plant","floor":30,"turns":2},{"damage":5,"enemies":"Book of Stabbing","floor":31,"turns":3},{"damage":18,"enemies":"Automaton","floor":33,"turns":7},{"damage":0,"enemies":"Orb Walker","floor":35,"turns":1},{"damage":0,"enemies":"3 Shapes","floor":37,"turns":2},{"damage":5,"enemies":"3 Darklings","floor":39,"turns":4},{"damage":8,"enemies":"Giant Head","floor":41,"turns":5},{"damage":22,"enemies":"Transient","floor":44,"turns":5},{"damage":0,"enemies":"Spire Growth","floor":46,"turns":1},{"damage":3,"enemies":"Writhing Mass","floor":48,"turns":3},{"damage":88,"enemies":"Time Eater","floor":50,"turns":8}],"seed_played":"126850410899858608","potions_obtained":[{"floor":1,"key":"Swift Potion"},{"floor":10,"key":"Swift Potion"},{"floor":13,"key":"PowerPotion"},{"floor":16,"key":"SteroidPotion"},{"floor":17,"key":"FearPotion"},{"floor":21,"key":"EntropicBrew"},{"floor":24,"key":"Regen Potion"},{"floor":33,"key":"FocusPotion"},{"floor":37,"key":"SpeedPotion"},{"floor":39,"key":"PowerPotion"},{"floor":46,"key":"Strength Potion"},{"floor":48,"key":"Dexterity Potion"}],"is_trial":false,"path_per_floor":["M","$","?","?","M","E","R","?","T","E","M","R","E","M","R","B",null,"M","$","?","M","$","E","M","R","T","R","?","?","M","E","R","B",null,"M","?","M","$","M","R","E","R","T","M","$","M","$","M","R","B"],"character_chosen":"DEFECT","items_purchased":["All For One","Go for the Eyes","Lee\u0027s Waffle","Whetstone"],"campfire_rested":3,"item_purchase_floors":[19,19,19,45],"current_hp_per_floor":[68,68,61,61,61,61,61,61,61,41,41,63,53,53,53,35,70,70,87,87,87,87,72,72,72,72,72,72,72,65,60,86,68,82,82,82,82,82,77,77,69,69,69,47,47,47,47,44,85,0],"gold":36,"neow_bonus":"THREE_ENEMY_KILL","is_prod":false,"is_daily":false,"chose_seed":false,"campfire_upgraded":6,"win_rate":0,"timestamp":1543258364,"path_taken":["M","$","?","?","?","E","R","?","T","E","?","R","E","M","R","BOSS","M","$","?","M","$","E","M","R","T","R","?","?","M","E","R","BOSS","M","?","M","$","M","R","E","R","T","M","$","M","?","M","R","BOSS"],"build_version":"2018-11-15","purchased_purges":4,"victory":false,"max_hp_per_floor":[75,75,75,75,75,75,75,75,75,75,75,75,75,75,75,75,80,80,87,87,87,87,87,87,87,87,87,87,87,87,87,87,87,87,87,87,87,87,87,87,87,87,87,87,87,87,87,87,87,87],"card_choices":[{"not_picked":["Rip and Tear","Beam Cell"],"picked":"FTL","floor":1},{"not_picked":["Go for the Eyes","Steam"],"picked":"Scrape","floor":5},{"not_picked":["Fusion","Compile Driver"],"picked":"FTL","floor":6},{"not_picked":["Redo","Echo Form","Melter"],"picked":"SKIP","floor":10},{"not_picked":["Stack","Hologram","Ball Lightning"],"picked":"SKIP","floor":11},{"not_picked":["Rebound","Compile Driver"],"picked":"Gash","floor":13},{"not_picked":["Consume","Coolheaded","Multi-Cast"],"picked":"SKIP","floor":14},{"not_picked":["Rainbow","Machine Learning"],"picked":"Seek","floor":16},{"not_picked":["Static Discharge+1","Streamline","Rebound"],"picked":"SKIP","floor":18},{"not_picked":["Sweeping Beam","Sunder+1","Consume"],"picked":"SKIP","floor":21},{"not_picked":["Redo","Tempest+1"],"picked":"Chill","floor":23},{"not_picked":["Skim+1","Streamline","Capacitor+1"],"picked":"SKIP","floor":24},{"not_picked":["Capacitor","Storm+1"],"picked":"Go for the Eyes","floor":30},{"not_picked":["Meteor Strike","Ball Lightning"],"picked":"Gash","floor":31},{"not_picked":["Steam","Streamline+1"],"picked":"Beam Cell+1","floor":35},{"not_picked":["Auto Shields","Storm+1","Consume+1"],"picked":"SKIP","floor":37},{"not_picked":["Coolheaded","Conserve Battery+1","Barrage+1"],"picked":"SKIP","floor":39},{"not_picked":["Barrage+1","Steam"],"picked":"Reboot","floor":41},{"not_picked":["Hologram","FTL"],"picked":"Beam Cell+1","floor":44},{"not_picked":["Barrage+1","Stack+1","Chaos+1"],"picked":"SKIP","floor":46},{"not_picked":["Rebound+1","Stack+1","Recycle"],"picked":"SKIP","floor":48},{"not_picked":["Compile Driver","All For One"],"picked":"White Noise+1","floor":49}],"player_experience":253971,"relics_obtained":[{"floor":6,"key":"Kunai"},{"floor":9,"key":"Ornamental Fan"},{"floor":10,"key":"Omamori"},{"floor":13,"key":"The Courier"},{"floor":23,"key":"Mercury Hourglass"},{"floor":31,"key":"Bird Faced Urn"},{"floor":34,"key":"Dream Catcher"},{"floor":34,"key":"Frozen Egg 2"},{"floor":34,"key":"Ginger"},{"floor":41,"key":"Regal Pillow"},{"floor":43,"key":"MawBank"}],"event_choices":[{"cards_removed":["Defend_B"],"damage_healed":0,"gold_gain":0,"player_choice":"Card Removal","damage_taken":7,"max_hp_gain":0,"max_hp_loss":0,"event_name":"Golden Wing","floor":3,"gold_loss":0},{"damage_healed":0,"gold_gain":0,"player_choice":"Gave Potion","damage_taken":0,"relics_obtained":["Orichalcum"],"max_hp_gain":0,"max_hp_loss":0,"event_name":"WeMeetAgain","floor":4,"gold_loss":0},{"damage_healed":0,"gold_gain":0,"player_choice":"0 cards matched","damage_taken":0,"max_hp_gain":0,"max_hp_loss":0,"event_name":"Match and Keep!","floor":8,"gold_loss":0,"cards_obtained":[]},{"damage_healed":0,"gold_gain":0,"player_choice":"Inject Mutagens","damage_taken":0,"relics_obtained":["MutagenicStrength"],"max_hp_gain":0,"max_hp_loss":0,"event_name":"Drug Dealer","floor":28,"gold_loss":0},{"damage_healed":0,"gold_gain":0,"player_choice":"Copied","damage_taken":0,"max_hp_gain":0,"max_hp_loss":0,"event_name":"Duplicator","floor":29,"gold_loss":0,"cards_obtained":["Gash"]},{"damage_healed":0,"gold_gain":0,"player_choice":"Forge","damage_taken":0,"max_hp_gain":0,"max_hp_loss":0,"event_name":"Accursed Blacksmith","floor":36,"gold_loss":0,"cards_upgraded":["Gash"]}],"is_beta":false,"boss_relics":[{"not_picked":["Eternal Feather","Cursed Key"],"picked":"Tiny House"},{"not_picked":["FrozenCore","Pandora\u0027s Box"],"picked":"Calling Bell"}],"items_purged_floors":[2,22,38,45],"is_endless":false,"potions_floor_spawned":[1,10,13,16,21,24,33,37,39,46,48],"killed_by":"Time Eater","ascension_level":6}