{"gold_per_floor":[119,119,11,22,22,22,51,51,76,111,111,121,138,138,138,234,234,244,244,644,662,104,137,154,7,7,7,7,7,7,19,19,114,114,133,144,244,244,263,263],"floor_reached":40,"playtime":2575,"items_purged":["Writhe"],"score":568,"play_id":"2aa5a782-5553-438d-a0c4-84ff4555bcc5","local_time":"20190424192349","is_ascension_mode":true,"campfire_choices":[{"data":"Neutralize","floor":6,"key":"SMITH"},{"data":"Deadly Poison","floor":8,"key":"SMITH"},{"floor":15,"key":"REST"},{"floor":29,"key":"REST"},{"data":"Caltrops","floor":32,"key":"SMITH"}],"neow_cost":"NONE","seed_source_timestamp":34634453655130,"circlet_count":0,"master_deck":["Defend_G","Defend_G","Defend_G","Defend_G","Defend_G","Strike_G+1","Strike_G","Strike_G","Strike_G","Strike_G+1","Survivor","Neutralize+1","Leg Sweep","Footwork","Backflip","Quick Slash","Deadly Poison+1","Crippling Poison+1","PiercingWail","Calculated Gamble","Bullet Time","Deadly Poison","Poisoned Stab+1","Underhanded Strike+1","Crippling Poison","All Out Attack+1","Caltrops+1","Shame","Backflip+1","Corpse Explosion+1","Acrobatics+1","Dagger Throw+1","Backflip+1","Choke+1"],"relics":["Ring of the Snake","NeowsBlessing","Bottled Lightning","Bag of Marbles","Kunai","Regal Pillow","Snecko Eye","Meat on the Bone","Old Coin","Molten Egg 2","Frozen Eye","Lantern","Letter Opener","Toxic Egg 2","Blood Vial","Eternal Feather","Girya"],"potions_floor_usage":[13,16,16,16,23,23,33,33,33,39],"damage_taken":[{"damage":0,"enemies":"2 Louse","floor":1,"turns":1},{"damage":0,"enemies":"Small Slimes","floor":4,"turns":1},{"damage":0,"enemies":"Lagavulin","floor":7,"turns":2},{"damage":20,"enemies":"Gremlin Nob","floor":10,"turns":5},{"damage":0,"enemies":"Jaw Worm","floor":12,"turns":4},{"damage":2,"enemies":"Exordium Wildlife","floor":13,"turns":4},{"damage":17,"enemies":"Slime Boss","floor":16,"turns":15},{"damage":0,"enemies":"3 Byrds","floor":18,"turns":4},{"damage":10,"enemies":"Colosseum Slavers","floor":20,"turns":5},{"damage":21,"enemies":"Colosseum Nobs","floor":20,"turns":5},{"damage":13,"enemies":"Shell Parasite","floor":21,"turns":8},{"damage":14,"enemies":"Slavers","floor":23,"turns":5},{"damage":0,"enemies":"Centurion and Healer","floor":24,"turns":5},{"damage":0,"enemies":"Cultist and Chosen","floor":31,"turns":4},{"damage":38,"enemies":"Automaton","floor":33,"turns":13},{"damage":0,"enemies":"3 Darklings","floor":35,"turns":2},{"damage":6,"enemies":"3 Shapes","floor":36,"turns":2},{"damage":39,"enemies":"Mind Bloom Boss Battle","floor":37,"turns":7},{"damage":21,"enemies":"Transient","floor":39,"turns":5},{"damage":52,"enemies":"Giant Head","floor":40,"turns":6}],"seed_played":"-1179369252150118658","potions_obtained":[{"floor":7,"key":"SkillPotion"},{"floor":10,"key":"Swift Potion"},{"floor":12,"key":"GhostInAJar"},{"floor":13,"key":"Energy Potion"},{"floor":21,"key":"GhostInAJar"},{"floor":31,"key":"Energy Potion"},{"floor":33,"key":"LiquidBronze"},{"floor":37,"key":"EssenceOfSteel"}],"is_trial":false,"path_per_floor":["M","?","$","M","?","R","E","R","T","E","?","M","M","?","R","B",null,"M","?","?","M","$","E","M","$","T","$","?","R","?","M","R","B",null,"M","M","?","?","M","E"],"character_chosen":"THE_SILENT","items_purchased":["Footwork","Backflip","Frozen Eye","Regen Potion","Explosive Potion","Lantern","Caltrops","GhostInAJar"],"campfire_rested":2,"item_purchase_floors":[3,3,22,22,22,22,25,25],"current_hp_per_floor":[63,49,49,49,49,49,49,49,49,29,29,29,27,27,63,46,64,64,64,45,44,44,44,44,44,44,44,44,70,70,70,70,44,64,66,62,37,37,30,0],"gold":263,"neow_bonus":"THREE_ENEMY_KILL","is_prod":false,"is_daily":false,"chose_seed":false,"campfire_upgraded":3,"win_rate":0,"timestamp":1556126629,"path_taken":["M","?","$","M","?","R","E","R","T","E","?","M","M","?","R","BOSS","M","?","?","M","$","E","M","?","T","$","?","R","?","M","R","BOSS","M","M","?","?","M","E"],"build_version":"2019-01-23","purchased_purges":1,"victory":false,"max_hp_per_floor":[70,70,70,70,70,70,70,70,70,70,70,70,70,70,70,70,70,70,70,70,70,70,70,70,70,70,70,70,70,70,70,70,70,70,70,70,70,70,70,70],"card_choices":[{"not_picked":["Blade Dance","Underhanded Strike"],"picked":"Leg Sweep","floor":1},{"not_picked":["Choke","Deflect"],"picked":"Quick Slash","floor":4},{"not_picked":["Calculated Gamble","Dash"],"picked":"Deadly Poison","floor":7},{"not_picked":["Sucker Punch","Prepared"],"picked":"Crippling Poison","floor":10},{"not_picked":["Leg Sweep","Calculated Gamble"],"picked":"PiercingWail","floor":12},{"not_picked":["Slice","Eviscerate"],"picked":"Calculated Gamble","floor":13},{"not_picked":["Wraith Form v2","Glass Knife"],"picked":"Bullet Time","floor":16},{"not_picked":["Flying Knee","Blade Dance"],"picked":"Deadly Poison","floor":18},{"not_picked":["PiercingWail+1","Prepared"],"picked":"Poisoned Stab","floor":20},{"not_picked":["Blade Dance","Slice+1"],"picked":"Underhanded Strike+1","floor":21},{"not_picked":["Reflex+1","Adrenaline"],"picked":"Crippling Poison","floor":23},{"not_picked":["PiercingWail+1","Bane+1"],"picked":"All Out Attack+1","floor":24},{"not_picked":["Outmaneuver+1","Flying Knee+1"],"picked":"Backflip+1","floor":31},{"not_picked":["Grand Finale+1","Wraith Form v2"],"picked":"Corpse Explosion+1","floor":33},{"not_picked":["Outmaneuver+1","All Out Attack+1"],"picked":"Acrobatics+1","floor":35},{"not_picked":["Cloak And Dagger+1","Deflect+1"],"picked":"Dagger Throw+1","floor":36},{"not_picked":["Distraction+1","Blade Dance+1"],"picked":"Backflip+1","floor":37},{"not_picked":["Cloak And Dagger+1","Predator+1"],"picked":"Choke+1","floor":39}],"player_experience":366305,"relics_obtained":[{"floor":7,"key":"Bottled Lightning"},{"floor":9,"key":"Bag of Marbles"},{"floor":10,"key":"Kunai"},{"floor":20,"key":"Old Coin"},{"floor":20,"key":"Molten Egg 2"},{"floor":23,"key":"Letter Opener"},{"floor":26,"key":"Toxic Egg 2"},{"floor":37,"key":"Girya"}],"event_choices":[{"damage_healed":0,"gold_gain":0,"player_choice":"Entered Light","damage_taken":14,"max_hp_gain":0,"max_hp_loss":0,"event_name":"Shining Light","floor":2,"gold_loss":0,"cards_upgraded":["Strike_G","Strike_G"]},{"damage_healed":0,"gold_gain":0,"player_choice":"Leave","damage_taken":0,"max_hp_gain":0,"max_hp_loss":0,"event_name":"The Cleric","floor":5,"gold_loss":0},{"damage_healed":0,"gold_gain":0,"player_choice":"Grow","damage_taken":0,"max_hp_gain":0,"max_hp_loss":0,"event_name":"Living Wall","floor":11,"gold_loss":0,"cards_upgraded":["Crippling Poison"]},{"damage_healed":0,"gold_gain":0,"player_choice":"Searched \u00271\u0027 times","damage_taken":0,"relics_obtained":["Regal Pillow"],"max_hp_gain":0,"max_hp_loss":0,"event_name":"Dead Adventurer","floor":14,"gold_loss":0},{"damage_healed":0,"gold_gain":0,"player_choice":"Opened","damage_taken":0,"relics_obtained":["Meat on the Bone"],"max_hp_gain":0,"max_hp_loss":0,"event_name":"The Mausoleum","floor":19,"gold_loss":0,"cards_obtained":["Writhe"]},{"damage_healed":0,"gold_gain":0,"player_choice":"Fight","damage_taken":0,"max_hp_gain":0,"max_hp_loss":0,"event_name":"Colosseum","floor":20,"gold_loss":0},{"damage_healed":0,"gold_gain":0,"player_choice":"Fought Nobs","damage_taken":0,"max_hp_gain":0,"max_hp_loss":0,"event_name":"Colosseum","floor":20,"gold_loss":0},{"damage_healed":0,"gold_gain":0,"player_choice":"Stole Relic","damage_taken":0,"relics_obtained":["Blood Vial"],"max_hp_gain":0,"max_hp_loss":0,"event_name":"Addict","floor":28,"gold_loss":0,"cards_obtained":["Shame"]},{"damage_healed":0,"gold_gain":0,"player_choice":"Ignored","damage_taken":0,"max_hp_gain":0,"max_hp_loss":0,"event_name":"Ghosts","floor":30,"gold_loss":0},{"damage_healed":0,"gold_gain":0,"player_choice":"Fight","damage_taken":0,"max_hp_gain":0,"max_hp_loss":0,"event_name":"MindBloom","floor":37,"gold_loss":0},{"damage_healed":0,"gold_gain":0,"player_choice":"Ignored","damage_taken":0,"max_hp_gain":0,"max_hp_loss":0,"event_name":"Mysterious Sphere","floor":38,"gold_loss":0}],"is_beta":false,"boss_relics":[{"not_picked":["Empty Cage","Orrery"],"picked":"Snecko Eye"},{"not_picked":["Velvet Choker","Astrolabe"],"picked":"Eternal Feather"}],"items_purged_floors":[22],"is_endless":false,"potions_floor_spawned":[7,10,12,13,20,21,31,33,37],"killed_by":"Giant Head","ascension_level":6}