{"gold_per_floor":[113,78,92,112,14,14,27,39,65,65,65,14,32,32,32,127,127,144,144,163,163],"floor_reached":21,"playtime":730,"items_purged":[],"score":171,"play_id":"2b1ae483-f78d-4b91-a0f2-49792b0f7039","local_time":"20180910234202","is_ascension_mode":false,"campfire_choices":[{"data":"Darkness","floor":6,"key":"SMITH"},{"floor":10,"key":"REST"},{"floor":15,"key":"REST"}],"neow_cost":"NONE","seed_source_timestamp":2373594912660492,"circlet_count":0,"master_deck":["Strike_B+1","Strike_B+1","Strike_B+1","Strike_B+1","Defend_B+1","Defend_B+1","Defend_B+1","Defend_B+1","Zap+1","Dualcast","Darkness+1","Ball Lightning+1","Leap","Redo","Sweeping Beam","Reinforced Body","Seek","Turbo"],"relics":["Cracked Core","Potion Belt","CultistMask","Inserter"],"potions_floor_usage":[18,18,20,20,21],"damage_taken":[{"damage":1,"enemies":"Jaw Worm","floor":1,"turns":3},{"damage":7,"enemies":"2 Louse","floor":3,"turns":3},{"damage":0,"enemies":"Cultist","floor":4,"turns":3},{"damage":4,"enemies":"Blue Slaver","floor":7,"turns":3},{"damage":14,"enemies":"Exordium Thugs","floor":8,"turns":5},{"damage":36,"enemies":"Gremlin Gang","floor":13,"turns":4},{"damage":34,"enemies":"Slime Boss","floor":16,"turns":9},{"damage":25,"enemies":"2 Thieves","floor":18,"turns":3},{"damage":29,"enemies":"Shell Parasite","floor":20,"turns":8},{"damage":28,"enemies":"Shelled Parasite and Fungi","floor":21,"turns":2}],"seed_played":"2166616818327184675","potions_obtained":[{"floor":4,"key":"FearPotion"},{"floor":7,"key":"PowerPotion"},{"floor":13,"key":"SpeedPotion"},{"floor":20,"key":"FocusPotion"}],"is_trial":false,"path_per_floor":["M","?","M","M","$","R","M","M","T","R","?","$","M","?","R","B",null,"M","?","M"],"character_chosen":"DEFECT","items_purchased":["Redo","Energy Potion","AttackPotion"],"campfire_rested":2,"item_purchase_floors":[5,5,12],"current_hp_per_floor":[74,75,68,68,68,68,64,50,50,72,72,72,36,21,43,9,75,50,50,21,0],"gold":163,"neow_bonus":"THREE_SMALL_POTIONS","is_prod":false,"is_daily":false,"chose_seed":false,"campfire_upgraded":1,"win_rate":0,"timestamp":1536648122,"path_taken":["M","?","?","M","$","R","M","M","T","R","?","$","M","?","R","BOSS","M","?","M","M"],"build_version":"2018-09-06","purchased_purges":0,"victory":false,"max_hp_per_floor":[75,75,75,75,75,75,75,75,75,75,75,75,75,75,75,75,75,75,75,75,75],"card_choices":[{"not_picked":["Chaos","Conserve Battery"],"picked":"Darkness","floor":1},{"not_picked":["Reinforced Body","Steam"],"picked":"Ball Lightning","floor":3},{"not_picked":["Compile Driver","Coolheaded"],"picked":"Leap","floor":4},{"not_picked":["Turbo","Conserve Battery"],"picked":"Sweeping Beam","floor":7},{"not_picked":["Barrage","Steam"],"picked":"Reinforced Body","floor":8},{"not_picked":["Hello World","Static Discharge","Leap"],"picked":"SKIP","floor":13},{"not_picked":["Core Surge","Meteor Strike"],"picked":"Seek","floor":16},{"not_picked":["Blizzard+1","Coolheaded+1"],"picked":"Turbo","floor":18},{"not_picked":["Leap","Barrage","Sweeping Beam"],"picked":"SKIP","floor":20}],"player_experience":64062,"relics_obtained":[{"floor":9,"key":"Potion Belt"}],"event_choices":[{"event_name":"The Cleric","player_choice":"Healed","floor":2,"damage_taken":0},{"event_name":"FaceTrader","player_choice":"Trade","floor":11,"damage_taken":0},{"event_name":"Shining Light","player_choice":"Entered Light","floor":14,"damage_taken":0},{"event_name":"Back to Basics","player_choice":"Simplicity","floor":19,"damage_taken":0}],"is_beta":false,"boss_relics":[{"not_picked":["Snecko Eye","Runic Pyramid"],"picked":"Inserter"}],"items_purged_floors":[],"is_endless":false,"potions_floor_spawned":[4,7,13,20],"killed_by":"Shelled Parasite and Fungi","ascension_level":0}