{"gold_per_floor":[112,129,404,40,58,86,86,86,86,115,115,115,128,140,140,238,238,249,249,276,276,291,301,329,344,344,359,378,378,378,395,395,395],"floor_reached":33,"playtime":2056,"items_purged":["Regret"],"score":323,"play_id":"f28c2690-53ee-4147-80ec-be2686e087a5","local_time":"20190319113309","is_ascension_mode":true,"campfire_choices":[{"floor":7,"key":"REST"},{"data":"Armaments","floor":12,"key":"SMITH"},{"data":"Armaments","floor":15,"key":"SMITH"},{"data":"Armaments","floor":29,"key":"SMITH"},{"floor":32,"key":"REST"}],"neow_cost":"NONE","seed_source_timestamp":30156181386311,"circlet_count":0,"master_deck":["Strike_R","Strike_R","Strike_R","Defend_R","Defend_R","Defend_R","Defend_R","Bash","Armaments+1","Carnage","Armaments+1","Uppercut","Finesse","Havoc","Brutality","Armaments+1","Headbutt","Offering","Shockwave+1","Headbutt","Rampage","Shrug It Off","Havoc+1","Disarm","True Grit+1","Whirlwind"],"relics":["Burning Blood","Singing Bowl","The Courier","Snecko Eye","Bird Faced Urn","Red Mask","Nloth\u0027s Gift","Self Forming Clay","Paper Frog"],"potions_floor_usage":[16,27,28,30,31,33,33],"damage_taken":[{"damage":3,"enemies":"2 Louse","floor":1,"turns":4},{"damage":6,"enemies":"Cultist","floor":2,"turns":3},{"damage":3,"enemies":"Small Slimes","floor":5,"turns":3},{"damage":49,"enemies":"Gremlin Nob","floor":6,"turns":5},{"damage":27,"enemies":"3 Sentries","floor":10,"turns":10},{"damage":12,"enemies":"Exordium Wildlife","floor":13,"turns":2},{"damage":2,"enemies":"Large Slime","floor":14,"turns":3},{"damage":29,"enemies":"Slime Boss","floor":16,"turns":11},{"damage":21,"enemies":"Spheric Guardian","floor":18,"turns":4},{"damage":6,"enemies":"Masked Bandits","floor":20,"turns":3},{"damage":8,"enemies":"Chosen","floor":22,"turns":4},{"damage":9,"enemies":"Snake Plant","floor":23,"turns":4},{"damage":39,"enemies":"Gremlin Leader","floor":24,"turns":5},{"damage":0,"enemies":"Centurion and Healer","floor":25,"turns":4},{"damage":11,"enemies":"3 Cultists","floor":27,"turns":4},{"damage":18,"enemies":"Snecko","floor":28,"turns":5},{"damage":0,"enemies":"Snake Plant","floor":30,"turns":1},{"damage":26,"enemies":"Sentry and Sphere","floor":31,"turns":8},{"damage":80,"enemies":"Collector","floor":33,"turns":5}],"seed_played":"6942554428305299038","potions_obtained":[{"floor":2,"key":"SpeedPotion"},{"floor":6,"key":"BloodPotion"},{"floor":10,"key":"LiquidBronze"},{"floor":16,"key":"FearPotion"},{"floor":25,"key":"SmokeBomb"},{"floor":27,"key":"Energy Potion"},{"floor":28,"key":"AttackPotion"},{"floor":31,"key":"Fruit Juice"}],"is_trial":false,"path_per_floor":["M","M","?","$","M","E","R","T","T","E","?","R","M","M","R","B",null,"M","?","?","?","M","M","E","M","T","M","M","R","M","M","R","B"],"character_chosen":"IRONCLAD","items_purchased":["Armaments","Uppercut","BloodPotion","Finesse"],"campfire_rested":2,"item_purchase_floors":[4,4,4,4],"current_hp_per_floor":[80,80,80,80,80,39,63,63,63,42,42,42,36,42,42,27,84,69,69,69,69,69,68,37,43,43,48,38,38,44,31,58,0],"gold":395,"neow_bonus":"REMOVE_CARD","is_prod":false,"is_daily":false,"chose_seed":false,"campfire_upgraded":3,"win_rate":0,"timestamp":1553016789,"path_taken":["M","M","?","$","?","E","R","?","T","E","?","R","M","?","R","BOSS","M","?","?","?","M","?","E","M","T","?","M","R","?","M","R","BOSS"],"build_version":"2019-01-23","purchased_purges":1,"victory":false,"max_hp_per_floor":[80,80,80,80,80,82,82,82,82,82,82,82,82,84,84,84,84,84,84,84,84,84,84,84,84,84,84,86,86,86,91,91,91],"card_choices":[{"not_picked":["Body Slam","Sword Boomerang"],"picked":"Armaments","floor":1},{"not_picked":["Clash","Ghostly Armor"],"picked":"Carnage","floor":2},{"not_picked":["Thunderclap","Heavy Blade"],"picked":"Havoc","floor":5},{"not_picked":["Warcry","Second Wind","Fire Breathing"],"picked":"Singing Bowl","floor":6},{"not_picked":["Iron Wave","Reckless Charge"],"picked":"Brutality","floor":10},{"not_picked":["Entrench","Uppercut"],"picked":"Headbutt","floor":13},{"not_picked":["Twin Strike","Pommel Strike","Heavy Blade"],"picked":"Singing Bowl","floor":14},{"not_picked":["Barricade","Feed"],"picked":"Offering","floor":16},{"not_picked":["Warcry+1","Carnage+1"],"picked":"Shockwave+1","floor":18},{"not_picked":["Perfected Strike+1","Anger"],"picked":"Headbutt","floor":20},{"not_picked":["Headbutt","Rupture"],"picked":"Rampage","floor":22},{"not_picked":["Second Wind+1","Headbutt"],"picked":"Shrug It Off","floor":23},{"not_picked":["Rupture","Berserk"],"picked":"Havoc+1","floor":24},{"not_picked":["Clash","Perfected Strike"],"picked":"Disarm","floor":25},{"not_picked":["Perfected Strike","Clash"],"picked":"True Grit+1","floor":27},{"not_picked":["Clash","Heavy Blade","Pommel Strike"],"picked":"Singing Bowl","floor":28},{"not_picked":["Dropkick","Exhume"],"picked":"Whirlwind","floor":31}],"player_experience":277615,"relics_obtained":[{"floor":6,"key":"Singing Bowl"},{"floor":8,"key":"The Courier"},{"floor":10,"key":"Oddly Smooth Stone"},{"floor":20,"key":"Red Mask"},{"floor":24,"key":"Self Forming Clay"},{"floor":26,"key":"Paper Frog"}],"event_choices":[{"damage_healed":0,"gold_gain":275,"player_choice":"Desecrate","damage_taken":0,"max_hp_gain":0,"max_hp_loss":0,"event_name":"Golden Shrine","floor":3,"gold_loss":0,"cards_obtained":["Regret"]},{"damage_healed":0,"gold_gain":0,"cards_transformed":["Strike_R"],"player_choice":"Transformed","damage_taken":0,"max_hp_gain":0,"max_hp_loss":0,"event_name":"Transmorgrifier","floor":11,"gold_loss":0,"cards_obtained":["Armaments"]},{"damage_healed":0,"gold_gain":0,"player_choice":"Opened","damage_taken":0,"relics_obtained":["Bird Faced Urn"],"max_hp_gain":0,"max_hp_loss":0,"event_name":"The Mausoleum","floor":19,"gold_loss":0},{"damage_healed":0,"gold_gain":0,"player_choice":"Fought Bandits","damage_taken":0,"max_hp_gain":0,"max_hp_loss":0,"event_name":"Masked Bandits","floor":20,"gold_loss":0},{"damage_healed":0,"gold_gain":0,"player_choice":"Traded Relic","damage_taken":0,"relics_obtained":["Nloth\u0027s Gift"],"max_hp_gain":0,"max_hp_loss":0,"event_name":"N\u0027loth","floor":21,"relics_lost":["Oddly Smooth Stone"],"gold_loss":0}],"is_beta":false,"boss_relics":[{"not_picked":["Runic Dome","Sozu"],"picked":"Snecko Eye"}],"items_purged_floors":[4],"is_endless":false,"potions_floor_spawned":[2,6,10,14,16,22,25,27,28,31],"killed_by":"Collector","ascension_level":3}