{"gold_per_floor":[362,327,327,20,20,20,53,53,53,53,68,95,95,130,130,204,204,219,232,232,243,34,34,34,34],"floor_reached":25,"playtime":874,"items_purged":["Regret"],"score":398,"play_id":"03ba7971-a8a4-4e68-9ab4-714655231e03","local_time":"20190424165028","is_ascension_mode":true,"campfire_choices":[{"data":"Infinite Blades","floor":6,"key":"SMITH"},{"data":"Cloak And Dagger","floor":8,"key":"SMITH"},{"data":"Neutralize","floor":10,"key":"SMITH"},{"data":"Finisher","floor":13,"key":"SMITH"},{"data":"Infinite Blades","floor":15,"key":"SMITH"},{"data":"Envenom","floor":23,"key":"SMITH"}],"neow_cost":"PERCENT_DAMAGE","seed_source_timestamp":2746247183320456,"circlet_count":0,"master_deck":["AscendersBane","Defend_G","Defend_G","Defend_G","Defend_G","Defend_G","Strike_G","Strike_G","Strike_G","Strike_G","Strike_G","Survivor","Neutralize+1","Infinite Blades+1","Infinite Blades+1","Decay","Cloak And Dagger+1","Skewer","Finisher+1","Envenom+1","Cloak And Dagger","Footwork+1","Deflect"],"relics":["Ring of the Snake","Smiling Mask","Sling","Potion Belt","Snake Skull","Question Card","Shuriken","Coffee Dripper","MealTicket"],"potions_floor_usage":[16,18,19],"damage_taken":[{"damage":5,"enemies":"Small Slimes","floor":1,"turns":5},{"damage":16,"enemies":"Lagavulin","floor":7,"turns":7},{"damage":5,"enemies":"2 Louse","floor":11,"turns":3},{"damage":8,"enemies":"3 Sentries","floor":12,"turns":7},{"damage":10,"enemies":"Gremlin Nob","floor":14,"turns":3},{"damage":9,"enemies":"Hexaghost","floor":16,"turns":6},{"damage":24,"enemies":"2 Thieves","floor":18,"turns":4},{"damage":11,"enemies":"Chosen","floor":19,"turns":3},{"damage":2,"enemies":"Centurion and Healer","floor":21,"turns":6},{"damage":27,"enemies":"Snake Plant","floor":25,"turns":3}],"seed_played":"-7405594274301661016","potions_obtained":[{"floor":1,"key":"Strength Potion"},{"floor":11,"key":"PowerPotion"},{"floor":16,"key":"Fire Potion"},{"floor":18,"key":"Weak Potion"},{"floor":21,"key":"Dexterity Potion"}],"is_trial":false,"path_per_floor":["M","?","?","$","?","R","E","R","T","R","M","E","R","E","R","B",null,"M","M","?","M","$","R","?","M"],"character_chosen":"THE_SILENT","items_purchased":["Infinite Blades","Sling","MealTicket"],"campfire_rested":0,"item_purchase_floors":[4,4,22],"current_hp_per_floor":[39,55,55,55,55,55,39,39,39,39,34,26,26,16,16,7,51,27,16,29,27,27,27,27,0],"gold":34,"neow_bonus":"TWO_FIFTY_GOLD","is_prod":false,"is_daily":false,"chose_seed":false,"campfire_upgraded":6,"win_rate":0,"timestamp":1556121028,"path_taken":["M","?","?","$","?","R","E","R","T","R","M","E","R","E","R","BOSS","M","M","?","M","$","R","?","M"],"build_version":"2019-01-23","purchased_purges":1,"victory":false,"max_hp_per_floor":[66,66,66,66,66,66,66,66,66,66,66,66,66,66,66,66,66,66,66,66,66,66,66,66,66],"card_choices":[{"not_picked":["Setup","Flying Knee"],"picked":"Infinite Blades","floor":1},{"not_picked":["Flying Knee","Phantasmal Killer"],"picked":"Cloak And Dagger","floor":7},{"not_picked":["Crippling Poison","Expertise"],"picked":"Skewer","floor":11},{"not_picked":["Cloak And Dagger","Reflex"],"picked":"Finisher","floor":12},{"not_picked":["Sucker Punch","All Out Attack","Flying Knee","Doppelganger"],"picked":"SKIP","floor":14},{"not_picked":["A Thousand Cuts","Tools of the Trade","Unload"],"picked":"Envenom","floor":16},{"not_picked":["Bouncing Flask","Terror","Poisoned Stab"],"picked":"Cloak And Dagger","floor":18},{"not_picked":["Poisoned Stab","Dodge and Roll","Sucker Punch+1"],"picked":"Footwork+1","floor":19},{"not_picked":["Quick Slash","Tools of the Trade","Outmaneuver"],"picked":"Deflect","floor":21}],"player_experience":201960,"relics_obtained":[{"floor":7,"key":"Potion Belt"},{"floor":9,"key":"Snake Skull"},{"floor":12,"key":"Question Card"},{"floor":14,"key":"Shuriken"}],"event_choices":[{"damage_healed":16,"gold_gain":0,"player_choice":"Healed","damage_taken":0,"max_hp_gain":0,"max_hp_loss":0,"event_name":"The Cleric","floor":2,"gold_loss":35},{"damage_healed":0,"gold_gain":0,"player_choice":"Box","damage_taken":0,"relics_obtained":["Smiling Mask"],"max_hp_gain":0,"max_hp_loss":0,"event_name":"Big Fish","floor":3,"gold_loss":0,"cards_obtained":["Regret"]},{"damage_healed":0,"gold_gain":0,"player_choice":"Cursed","damage_taken":0,"max_hp_gain":0,"max_hp_loss":0,"event_name":"Wheel of Change","floor":5,"gold_loss":0,"cards_obtained":["Decay"]},{"damage_healed":13,"gold_gain":0,"player_choice":"Heal","damage_taken":0,"max_hp_gain":0,"max_hp_loss":0,"event_name":"The Library","floor":20,"gold_loss":0},{"damage_healed":0,"gold_gain":0,"player_choice":"Ignored","damage_taken":0,"max_hp_gain":0,"max_hp_loss":0,"event_name":"Beggar","floor":24,"gold_loss":0}],"is_beta":false,"boss_relics":[{"not_picked":["Snecko Eye","Fusion Hammer"],"picked":"Coffee Dripper"}],"items_purged_floors":[4],"is_endless":false,"potions_floor_spawned":[1,11,16,18,21],"killed_by":"Snake Plant","ascension_level":17}