{"gold_per_floor":[118,129,204,219,235,235,268,268,295,321,335,364,364,384,384,384],"floor_reached":16,"playtime":529,"items_purged":[],"score":128,"play_id":"d2a26a52-0ce7-4a5b-bab7-e67efbbdcc36","local_time":"20190312124038","is_ascension_mode":true,"campfire_choices":[{"data":"Whirlwind","floor":6,"key":"SMITH"},{"data":"Uppercut","floor":8,"key":"SMITH"},{"floor":15,"key":"REST"}],"neow_cost":"NONE","seed_source_timestamp":908993383191308,"circlet_count":0,"master_deck":["Strike_R","Strike_R","Strike_R+1","Strike_R","Defend_R","Defend_R","Defend_R","Defend_R","Bash","Whirlwind+1","Uppercut+1","Corruption","Dropkick+1","Juggernaut","Flex"],"relics":["Burning Blood","Bronze Scales","Happy Flower","Oddly Smooth Stone","Dream Catcher"],"potions_floor_usage":[5,12,12],"damage_taken":[{"damage":3,"enemies":"2 Louse","floor":1,"turns":4},{"damage":6,"enemies":"Jaw Worm","floor":2,"turns":3},{"damage":1,"enemies":"Cultist","floor":4,"turns":3},{"damage":14,"enemies":"Exordium Thugs","floor":5,"turns":4},{"damage":26,"enemies":"3 Sentries","floor":7,"turns":4},{"damage":20,"enemies":"Gremlin Nob","floor":10,"turns":5},{"damage":3,"enemies":"Blue Slaver","floor":11,"turns":3},{"damage":8,"enemies":"Lagavulin","floor":12,"turns":4},{"damage":1,"enemies":"Looter","floor":14,"turns":2},{"damage":46,"enemies":"The Guardian","floor":16,"turns":9}],"seed_played":"1057171034098021721","potions_obtained":[{"floor":2,"key":"SpeedPotion"},{"floor":4,"key":"Energy Potion"},{"floor":5,"key":"Block Potion"},{"floor":10,"key":"Poison Potion"}],"is_trial":false,"path_per_floor":["M","M","?","M","M","R","E","R","T","E","M","E","?","M","R","B"],"character_chosen":"IRONCLAD","items_purchased":[],"campfire_rested":1,"item_purchase_floors":[],"current_hp_per_floor":[80,80,69,74,66,66,46,46,46,32,35,33,17,22,46,0],"gold":384,"neow_bonus":"REMOVE_CARD","is_prod":false,"is_daily":false,"chose_seed":false,"campfire_upgraded":2,"win_rate":0,"timestamp":1552419638,"path_taken":["M","M","?","M","M","R","E","R","T","E","M","E","?","M","R","BOSS"],"build_version":"2019-01-23","purchased_purges":0,"victory":false,"max_hp_per_floor":[80,80,80,80,80,80,80,80,80,80,80,80,80,80,80,80],"card_choices":[{"not_picked":["True Grit","Clash"],"picked":"Whirlwind","floor":1},{"not_picked":["Infernal Blade","Heavy Blade","Sword Boomerang"],"picked":"SKIP","floor":2},{"not_picked":["Carnage","Corruption"],"picked":"Uppercut","floor":4},{"not_picked":["Anger","Heavy Blade"],"picked":"Corruption","floor":5},{"not_picked":["Seeing Red","Reckless Charge","Twin Strike"],"picked":"SKIP","floor":7},{"not_picked":["Cleave","Rage","Bloodletting"],"picked":"SKIP","floor":10},{"not_picked":["Reckless Charge","Carnage","Blood for Blood"],"picked":"SKIP","floor":11},{"not_picked":["Anger","Clash"],"picked":"Dropkick","floor":12},{"not_picked":["Blood for Blood","Thunderclap"],"picked":"Juggernaut","floor":14},{"not_picked":["Shrug It Off","Armaments"],"picked":"Flex","floor":15}],"player_experience":11593,"relics_obtained":[{"floor":7,"key":"Bronze Scales"},{"floor":9,"key":"Happy Flower"},{"floor":10,"key":"Oddly Smooth Stone"},{"floor":12,"key":"Dream Catcher"}],"event_choices":[{"damage_healed":0,"gold_gain":75,"player_choice":"Gather Gold","damage_taken":11,"max_hp_gain":0,"max_hp_loss":0,"event_name":"World of Goop","floor":3,"gold_loss":0},{"damage_healed":0,"gold_gain":0,"player_choice":"Entered Light","damage_taken":16,"max_hp_gain":0,"max_hp_loss":0,"event_name":"Shining Light","floor":13,"gold_loss":0,"cards_upgraded":["Strike_R","Dropkick"]}],"is_beta":false,"boss_relics":[],"items_purged_floors":[],"is_endless":false,"potions_floor_spawned":[2,4,5,10],"killed_by":"The Guardian","ascension_level":1}