{"gold_per_floor":[113,113,38,38,113,174,174,217,242,25,43,3,3,44,44,137,137,160,183,183,198,1,32,32,70,70,84,3,3,38,54,54,54],"floor_reached":33,"playtime":1529,"items_purged":[],"score":664,"play_id":"419a1e21-5056-4ff4-99bc-9cfe49de1714","local_time":"20190505112419","is_ascension_mode":true,"campfire_choices":[{"data":"Bash","floor":7,"key":"SMITH"},{"data":"Disarm","floor":15,"key":"SMITH"},{"floor":24,"key":"REST"},{"data":"Inflame","floor":29,"key":"SMITH"},{"floor":32,"key":"REST"}],"neow_cost":"NONE","seed_source_timestamp":472321595537400,"circlet_count":0,"master_deck":["AscendersBane","Strike_R","Strike_R","Strike_R","Strike_R","Strike_R","Defend_R","Defend_R","Defend_R","Bash+1","Shrug It Off","Havoc","Inflame+1","Disarm+1","Cleave","Offering","Sentinel+1","Sword Boomerang+1","Spot Weakness","Fiend Fire","Reaper","Injury","Feed","Heavy Blade","True Grit"],"relics":["Burning Blood","NeowsBlessing","Golden Idol","Tiny Chest","Bag of Marbles","Vajra","Membership Card","Happy Flower","Ancient Tea Set","Cursed Key","FossilizedHelix","Singing Bowl","Lantern","Gremlin Horn","Kunai"],"potions_floor_usage":[16,19,23,30,30,31,33],"damage_taken":[{"damage":0,"enemies":"Small Slimes","floor":1,"turns":1},{"damage":0,"enemies":"Lagavulin","floor":6,"turns":1},{"damage":0,"enemies":"3 Sentries","floor":8,"turns":1},{"damage":7,"enemies":"Jaw Worm","floor":11,"turns":3},{"damage":20,"enemies":"Lagavulin","floor":14,"turns":6},{"damage":24,"enemies":"The Guardian","floor":16,"turns":10},{"damage":6,"enemies":"3 Byrds","floor":18,"turns":5},{"damage":13,"enemies":"2 Thieves","floor":19,"turns":4},{"damage":43,"enemies":"Sentry and Sphere","floor":21,"turns":6},{"damage":8,"enemies":"Gremlin Leader","floor":23,"turns":4},{"damage":25,"enemies":"Book of Stabbing","floor":25,"turns":4},{"damage":5,"enemies":"3 Cultists","floor":27,"turns":4},{"damage":13,"enemies":"Gremlin Leader","floor":30,"turns":6},{"damage":30,"enemies":"Shelled Parasite and Fungi","floor":31,"turns":5},{"damage":71,"enemies":"Collector","floor":33,"turns":7}],"seed_played":"-7435850170024879341","potions_obtained":[{"floor":6,"key":"Block Potion"},{"floor":8,"key":"Block Potion"},{"floor":14,"key":"AttackPotion"},{"floor":19,"key":"GamblersBrew"},{"floor":25,"key":"SkillPotion"},{"floor":30,"key":"Regen Potion"},{"floor":31,"key":"Regen Potion"}],"is_trial":false,"path_per_floor":["M","?","?","?","?","E","R","E","T","$","M","$","?","E","R","B",null,"M","M","?","M","$","E","R","E","T","M","$","R","E","M","R","B"],"character_chosen":"IRONCLAD","items_purchased":["Membership Card","Disarm","FossilizedHelix","Fire Potion","Feed"],"campfire_rested":2,"item_purchase_floors":[10,12,22,22,28],"current_hp_per_floor":[74,48,48,73,62,68,68,74,74,74,73,73,62,48,48,30,64,64,57,57,20,20,18,40,21,21,45,45,45,49,37,60,3],"gold":54,"neow_bonus":"THREE_ENEMY_KILL","is_prod":false,"is_daily":false,"chose_seed":false,"campfire_upgraded":3,"win_rate":0,"timestamp":1557048259,"path_taken":["M","?","?","?","?","E","R","E","T","$","?","$","?","E","R","BOSS","M","M","?","M","$","E","R","E","T","M","?","R","E","M","R","BOSS"],"build_version":"2019-01-23","purchased_purges":0,"victory":false,"max_hp_per_floor":[75,75,75,75,75,75,75,75,75,75,75,75,75,75,75,75,75,75,75,75,75,75,75,75,75,75,77,77,77,77,77,77,77],"card_choices":[{"not_picked":["Heavy Blade","Shockwave"],"picked":"Shrug It Off","floor":1},{"not_picked":["Anger","Iron Wave"],"picked":"Havoc","floor":6},{"not_picked":["Iron Wave","Twin Strike","Evolve"],"picked":"SKIP","floor":8},{"not_picked":["Pummel","Twin Strike"],"picked":"Inflame","floor":11},{"not_picked":["Hemokinesis","Feel No Pain"],"picked":"Cleave","floor":14},{"not_picked":["Immolate","Brutality"],"picked":"Offering","floor":16},{"not_picked":["Heavy Blade","Flex"],"picked":"Sentinel+1","floor":18},{"not_picked":["Clothesline","Iron Wave"],"picked":"Sword Boomerang","floor":19},{"not_picked":["Dual Wield+1","Thunderclap"],"picked":"Spot Weakness","floor":21},{"not_picked":["Bludgeon","Seeing Red"],"picked":"Fiend Fire","floor":23},{"not_picked":["Brutality","Dropkick"],"picked":"Reaper","floor":25},{"not_picked":["Rage","Rampage+1","Clothesline"],"picked":"Singing Bowl","floor":27},{"not_picked":["Warcry+1","Combust"],"picked":"Heavy Blade","floor":30},{"not_picked":["Headbutt","Twin Strike"],"picked":"True Grit","floor":31}],"player_experience":1100441,"relics_obtained":[{"floor":6,"key":"Tiny Chest"},{"floor":8,"key":"Bag of Marbles"},{"floor":9,"key":"Vajra"},{"floor":14,"key":"Ancient Tea Set"},{"floor":23,"key":"Singing Bowl"},{"floor":25,"key":"Lantern"},{"floor":26,"key":"Gremlin Horn"},{"floor":30,"key":"Kunai"}],"event_choices":[{"damage_healed":0,"gold_gain":0,"player_choice":"Take Damage","damage_taken":26,"relics_obtained":["Golden Idol"],"max_hp_gain":0,"max_hp_loss":0,"event_name":"Golden Idol","floor":2,"gold_loss":0},{"cards_removed":["Defend_R"],"damage_healed":0,"gold_gain":0,"player_choice":"Card Removal","damage_taken":0,"max_hp_gain":0,"max_hp_loss":0,"event_name":"The Cleric","floor":3,"gold_loss":75},{"damage_healed":25,"gold_gain":0,"player_choice":"Banana","damage_taken":0,"max_hp_gain":0,"max_hp_loss":0,"event_name":"Big Fish","floor":4,"gold_loss":0},{"damage_healed":0,"gold_gain":75,"player_choice":"Gather Gold","damage_taken":11,"max_hp_gain":0,"max_hp_loss":0,"event_name":"World of Goop","floor":5,"gold_loss":0},{"damage_healed":0,"gold_gain":0,"player_choice":"Success","damage_taken":11,"relics_obtained":["Happy Flower"],"max_hp_gain":0,"max_hp_loss":0,"event_name":"Scrap Ooze","floor":13,"gold_loss":0},{"damage_healed":0,"gold_gain":0,"player_choice":"Upgraded","damage_taken":0,"max_hp_gain":0,"max_hp_loss":0,"event_name":"Upgrade Shrine","floor":20,"gold_loss":0,"cards_upgraded":["Sword Boomerang"]}],"is_beta":false,"boss_relics":[{"not_picked":["Fusion Hammer","Astrolabe"],"picked":"Cursed Key"}],"items_purged_floors":[],"is_endless":false,"potions_floor_spawned":[6,8,14,19,25,30,31],"killed_by":"Collector","ascension_level":16}