{"gold_per_floor":[113,124,124,124,145,170,170,345,345,42,42,42,67,83,83,209,209,232,250,250,268,60,78,91,115,115,115,190,190,209,244,244,370,370,389,413,436,11,0,34,34,47,74,74,93,109,109,127,127,127],"floor_reached":50,"playtime":2444,"items_purged":["Doubt","Strike_R"],"score":515,"play_id":"40c1341d-be1b-4d7a-a448-8ecbf9326134","local_time":"20190201164826","is_ascension_mode":false,"campfire_choices":[{"data":"Rampage","floor":7,"key":"SMITH"},{"data":"Dark Embrace","floor":11,"key":"SMITH"},{"data":"Dual Wield","floor":15,"key":"SMITH"},{"floor":27,"key":"REST"},{"floor":29,"key":"REST"},{"floor":32,"key":"REST"},{"floor":41,"key":"REST"},{"floor":44,"key":"REST"},{"floor":49,"key":"REST"}],"neow_cost":"NONE","seed_source_timestamp":1972460111076609,"circlet_count":0,"master_deck":["Strike_R","Strike_R","Strike_R","Defend_R","Defend_R","Defend_R","Defend_R","Bash","Dark Embrace+1","Rampage+1","Corruption","Clash","Dual Wield+1","Impervious","Second Wind+1","Evolve","Shockwave","Wild Strike","Berserk","Flex+1","Feel No Pain","Clash+1","Sentinel+1","Wild Strike","Corruption+1"],"relics":["Burning Blood","Golden Idol","Charon\u0027s Ashes","Ginger","OrangePellets","Fusion Hammer","Medical Kit","Blood Vial","Red Skull","Runic Pyramid","Ornamental Fan","Red Mask","Prayer Wheel","Ancient Tea Set"],"potions_floor_usage":[16,31,33,40,50,50,50],"damage_taken":[{"damage":9,"enemies":"Jaw Worm","floor":1,"turns":4},{"damage":9,"enemies":"Cultist","floor":2,"turns":4},{"damage":2,"enemies":"2 Louse","floor":5,"turns":4},{"damage":10,"enemies":"Exordium Wildlife","floor":6,"turns":4},{"damage":10,"enemies":"Looter","floor":13,"turns":2},{"damage":4,"enemies":"Blue Slaver","floor":14,"turns":3},{"damage":50,"enemies":"Hexaghost","floor":16,"turns":9},{"damage":0,"enemies":"3 Byrds","floor":18,"turns":4},{"damage":20,"enemies":"Chosen","floor":19,"turns":5},{"damage":0,"enemies":"Snecko","floor":21,"turns":3},{"damage":2,"enemies":"Centurion and Healer","floor":23,"turns":4},{"damage":13,"enemies":"Chosen and Byrds","floor":24,"turns":4},{"damage":38,"enemies":"3 Cultists","floor":25,"turns":6},{"damage":3,"enemies":"Centurion and Healer","floor":30,"turns":6},{"damage":13,"enemies":"Slavers","floor":31,"turns":4},{"damage":42,"enemies":"Champ","floor":33,"turns":9},{"damage":1,"enemies":"3 Shapes","floor":35,"turns":3},{"damage":23,"enemies":"Orb Walker","floor":36,"turns":3},{"damage":34,"enemies":"Transient","floor":37,"turns":5},{"damage":28,"enemies":"Nemesis","floor":40,"turns":5},{"damage":33,"enemies":"3 Darklings","floor":42,"turns":4},{"damage":19,"enemies":"Sphere and 2 Shapes","floor":45,"turns":6},{"damage":7,"enemies":"Writhing Mass","floor":46,"turns":5},{"damage":18,"enemies":"Spire Growth","floor":48,"turns":5},{"damage":58,"enemies":"Time Eater","floor":50,"turns":10}],"seed_played":"6787625558359323656","potions_obtained":[{"floor":5,"key":"Weak Potion"},{"floor":14,"key":"Swift Potion"},{"floor":18,"key":"Poison Potion"},{"floor":21,"key":"Dexterity Potion"},{"floor":31,"key":"EssenceOfSteel"},{"floor":33,"key":"Block Potion"},{"floor":36,"key":"Ancient Potion"},{"floor":45,"key":"Dexterity Potion"}],"is_trial":false,"path_per_floor":["M","M","?","?","M","M","R","?","T","$","R","$","M","M","R","B",null,"M","M","?","M","$","M","M","M","T","R","?","R","M","E","R","B",null,"M","M","M","$","?","E","R","M","T","R","M","M","?","M","R","B"],"character_chosen":"IRONCLAD","items_purchased":["Corruption","OrangePellets","Medical Kit","Feel No Pain","Ornamental Fan"],"campfire_rested":6,"item_purchase_floors":[10,10,22,38,38],"current_hp_per_floor":[77,74,54,54,58,54,54,54,54,54,54,54,50,52,52,8,80,80,66,66,72,72,76,69,37,37,61,53,77,80,73,80,44,80,80,63,37,37,37,17,41,16,16,40,29,30,30,20,44,0],"gold":127,"neow_bonus":"TRANSFORM_CARD","is_prod":false,"is_daily":false,"chose_seed":false,"campfire_upgraded":3,"win_rate":0,"timestamp":1549068506,"path_taken":["M","M","?","?","?","M","R","?","T","?","R","$","M","M","R","BOSS","M","M","?","M","$","M","M","M","T","R","?","R","M","E","R","BOSS","M","?","M","$","?","E","R","M","T","R","M","M","?","M","R","BOSS"],"build_version":"2019-01-23","purchased_purges":2,"victory":false,"max_hp_per_floor":[80,80,80,80,80,80,80,80,80,80,80,80,80,80,80,80,80,80,80,80,80,80,80,80,80,80,80,80,80,80,80,80,80,80,80,80,80,80,80,80,80,80,80,80,80,80,80,80,80,80],"card_choices":[{"not_picked":["Sword Boomerang","Uppercut","Headbutt"],"picked":"SKIP","floor":1},{"not_picked":["Pummel","Headbutt"],"picked":"Thunderclap","floor":2},{"not_picked":["True Grit","Feed","Evolve"],"picked":"SKIP","floor":5},{"not_picked":["Anger","Cleave"],"picked":"Rampage","floor":6},{"not_picked":["Heavy Blade","Thunderclap"],"picked":"Clash","floor":13},{"not_picked":["Searing Blow","Warcry"],"picked":"Dual Wield","floor":14},{"not_picked":["Demon Form","Bludgeon"],"picked":"Impervious","floor":16},{"not_picked":["Anger+1","Heavy Blade"],"picked":"Second Wind+1","floor":18},{"not_picked":["Heavy Blade","Anger","Rupture"],"picked":"SKIP","floor":19},{"not_picked":["Twin Strike","Intimidate","Corruption"],"picked":"SKIP","floor":21},{"not_picked":["Havoc","Fire Breathing","Inflame"],"picked":"SKIP","floor":23},{"not_picked":["Entrench+1","Shrug It Off","Rampage"],"picked":"SKIP","floor":24},{"not_picked":["Whirlwind","Spot Weakness","Fire Breathing"],"picked":"SKIP","floor":25},{"not_picked":["Havoc","Flex"],"picked":"Shockwave","floor":30},{"not_picked":["Cleave+1","Perfected Strike"],"picked":"Wild Strike","floor":31},{"not_picked":["Immolate","Impervious"],"picked":"Berserk","floor":33},{"not_picked":["True Grit","Body Slam+1"],"picked":"Flex+1","floor":35},{"not_picked":["Pommel Strike","Armaments","Whirlwind+1"],"picked":"SKIP","floor":36},{"not_picked":["Havoc","Cleave+1","Anger"],"picked":"SKIP","floor":37},{"not_picked":["Brutality","Whirlwind+1","Pummel"],"picked":"SKIP","floor":40},{"not_picked":["Disarm+1","Second Wind+1"],"picked":"Clash+1","floor":42},{"not_picked":["Clothesline","Sword Boomerang","Heavy Blade"],"picked":"SKIP","floor":42},{"not_picked":["Uppercut","Rupture"],"picked":"Sentinel+1","floor":45},{"not_picked":["Clothesline+1","Pommel Strike","Uppercut"],"picked":"SKIP","floor":45},{"not_picked":["Infernal Blade+1","Perfected Strike+1"],"picked":"Wild Strike","floor":46},{"not_picked":["Perfected Strike","Shockwave"],"picked":"Corruption+1","floor":46},{"not_picked":["Shockwave","Warcry","Corruption"],"picked":"SKIP","floor":48},{"not_picked":["Iron Wave+1","Infernal Blade+1","Wild Strike"],"picked":"SKIP","floor":48}],"player_experience":391255,"relics_obtained":[{"floor":9,"key":"Ginger"},{"floor":26,"key":"Blood Vial"},{"floor":31,"key":"Red Skull"},{"floor":40,"key":"Prayer Wheel"},{"floor":43,"key":"Ancient Tea Set"}],"event_choices":[{"damage_healed":0,"gold_gain":0,"player_choice":"Take Damage","damage_taken":20,"relics_obtained":["Golden Idol"],"max_hp_gain":0,"max_hp_loss":0,"event_name":"Golden Idol","floor":3,"gold_loss":0},{"cards_removed":["Thunderclap"],"damage_healed":0,"gold_gain":0,"player_choice":"Gave Card","damage_taken":0,"relics_obtained":["Charon\u0027s Ashes"],"max_hp_gain":0,"max_hp_loss":0,"event_name":"WeMeetAgain","floor":4,"gold_loss":0},{"damage_healed":0,"gold_gain":175,"player_choice":"AGREE","damage_taken":0,"max_hp_gain":0,"max_hp_loss":0,"event_name":"Liars Game","floor":8,"gold_loss":0,"cards_obtained":["Doubt"]},{"damage_healed":0,"gold_gain":0,"player_choice":"Read","damage_taken":0,"max_hp_gain":0,"max_hp_loss":0,"event_name":"The Library","floor":20,"gold_loss":0,"cards_obtained":["Evolve"]},{"damage_healed":0,"gold_gain":75,"player_choice":"Touch","damage_taken":8,"max_hp_gain":0,"max_hp_loss":0,"event_name":"FaceTrader","floor":28,"gold_loss":0},{"damage_healed":0,"gold_gain":0,"player_choice":"Paid","damage_taken":0,"relics_obtained":["Red Mask"],"max_hp_gain":0,"max_hp_loss":0,"event_name":"Tomb of Lord Red Mask","floor":39,"gold_loss":11},{"damage_healed":0,"gold_gain":0,"player_choice":"Bought 0 Potions","damage_taken":0,"max_hp_gain":0,"max_hp_loss":0,"event_name":"The Woman in Blue","floor":47,"gold_loss":0}],"is_beta":false,"boss_relics":[{"not_picked":["Calling Bell","Ectoplasm"],"picked":"Fusion Hammer"},{"not_picked":["Runic Dome","Pandora\u0027s Box"],"picked":"Runic Pyramid"}],"items_purged_floors":[10,38],"is_endless":false,"potions_floor_spawned":[5,14,18,21,25,31,33,35,36,37,45,48],"killed_by":"Time Eater","ascension_level":0}