{"gold_per_floor":[111,61,81,81,92,92,54,72,72,72,102,139,151,178,190,299,311,334,296,296,306,317,347,347,358,435,186,186,186,186,200,200,298,298,317,119,119,134,84,84,98,98,123,123,134,152,152],"floor_reached":47,"playtime":1187,"items_purged":["Strike_R","Strike_R","Strike_R","Strike_R"],"score":472,"play_id":"2f8d3a9c-c320-42bb-ad09-d4121549c58f","local_time":"20180915211840","is_ascension_mode":false,"campfire_choices":[{"data":"Armaments","floor":6,"key":"SMITH"},{"data":"Dropkick","floor":13,"key":"SMITH"},{"data":"Rampage","floor":15,"key":"SMITH"},{"data":"Spot Weakness","floor":24,"key":"SMITH"},{"data":"Offering","floor":28,"key":"SMITH"},{"data":"Clash","floor":32,"key":"SMITH"},{"data":"Reaper","floor":40,"key":"SMITH"},{"data":"Clash","floor":42,"key":"SMITH"}],"neow_cost":"NONE","seed_source_timestamp":168234079492772,"circlet_count":0,"master_deck":["Strike_R","Defend_R","Defend_R","Defend_R","Bash+1","Armaments+1","Clash+1","Rampage+1","Clash+1","Reaper+1","Dropkick+1","Offering+1","Spot Weakness+1","Inflame"],"relics":["Burning Blood","Letter Opener","Bag of Marbles","MawBank","Smiling Mask","Busted Crown","Omamori","Singing Bowl","TheAbacus","Necronomicon","Cursed Key","Juzu Bracelet","FaceOfCleric","Oddly Smooth Stone"],"potions_floor_usage":[12,16,23,46,47],"damage_taken":[{"damage":5,"enemies":"2 Louse","floor":1,"turns":3},{"damage":9,"enemies":"Jaw Worm","floor":3,"turns":4},{"damage":1,"enemies":"Cultist","floor":5,"turns":3},{"damage":7,"enemies":"3 Louse","floor":8,"turns":3},{"damage":4,"enemies":"2 Fungi Beasts","floor":11,"turns":3},{"damage":26,"enemies":"Lagavulin","floor":12,"turns":4},{"damage":0,"enemies":"Blue Slaver","floor":14,"turns":1},{"damage":39,"enemies":"Slime Boss","floor":16,"turns":8},{"damage":6,"enemies":"Chosen","floor":18,"turns":2},{"damage":6,"enemies":"3 Byrds","floor":21,"turns":3},{"damage":16,"enemies":"Centurion and Healer","floor":22,"turns":5},{"damage":35,"enemies":"Book of Stabbing","floor":23,"turns":4},{"damage":7,"enemies":"3 Cultists","floor":25,"turns":3},{"damage":24,"enemies":"Cultist and Chosen","floor":31,"turns":5},{"damage":58,"enemies":"Champ","floor":33,"turns":8},{"damage":30,"enemies":"3 Darklings","floor":35,"turns":3},{"damage":5,"enemies":"Orb Walker","floor":38,"turns":2},{"damage":6,"enemies":"Spire Growth","floor":41,"turns":3},{"damage":6,"enemies":"3 Darklings","floor":45,"turns":3},{"damage":7,"enemies":"Maw","floor":46,"turns":4},{"damage":99,"enemies":"Nemesis","floor":47,"turns":6}],"seed_played":"-2412648475141059348","potions_obtained":[{"floor":8,"key":"FearPotion"},{"floor":11,"key":"Ancient Potion"},{"floor":12,"key":"Explosive Potion"},{"floor":18,"key":"SkillPotion"},{"floor":31,"key":"Block Potion"},{"floor":41,"key":"Poison Potion"}],"is_trial":false,"path_per_floor":["M","?","M","?","M","R","$","M","T","?","M","E","R","M","R","B",null,"M","$","?","M","M","E","R","M","T","$","R","?","?","M","R","B",null,"M","$","?","M","$","R","M","R","T","?","M","M"],"character_chosen":"IRONCLAD","items_purchased":["Rampage","TheAbacus","Juzu Bracelet"],"campfire_rested":0,"item_purchase_floors":[7,27,36],"current_hp_per_floor":[80,80,77,52,57,57,57,56,56,56,58,38,38,44,44,11,80,80,80,80,80,79,68,68,80,80,80,80,64,80,77,77,27,84,86,86,86,89,89,89,90,90,90,92,95,97,0],"gold":152,"neow_bonus":"UPGRADE_CARD","is_prod":false,"is_daily":false,"chose_seed":false,"campfire_upgraded":8,"win_rate":0,"timestamp":1537071520,"path_taken":["M","?","M","?","M","R","?","M","T","?","?","E","R","M","R","BOSS","M","$","?","M","M","E","R","M","T","$","R","?","?","?","R","BOSS","M","$","?","M","$","R","M","R","T","?","M","M","E"],"build_version":"2018-09-06","purchased_purges":4,"victory":false,"max_hp_per_floor":[80,80,80,80,80,80,80,80,80,80,80,80,80,80,80,80,80,80,80,80,80,80,80,80,80,80,80,80,80,80,82,82,84,84,86,86,86,89,89,89,90,90,90,92,95,98,98],"card_choices":[{"not_picked":["Havoc","Uppercut"],"picked":"Armaments","floor":1},{"not_picked":["Flex","Fire Breathing"],"picked":"Clash","floor":3},{"not_picked":["Blood for Blood","Havoc"],"picked":"Pummel","floor":5},{"not_picked":["Whirlwind","Sentinel"],"picked":"Clash","floor":8},{"not_picked":["Warcry","Pommel Strike"],"picked":"Reaper","floor":11},{"not_picked":["Sentinel","Flame Barrier"],"picked":"Dropkick","floor":12},{"not_picked":["Twin Strike","Anger","Body Slam"],"picked":"SKIP","floor":14},{"not_picked":["Fiend Fire","Barricade"],"picked":"Offering","floor":16},{"not_picked":["Shrug It Off"],"picked":"SKIP","floor":18},{"not_picked":["Flex"],"picked":"SKIP","floor":21},{"not_picked":["Pommel Strike"],"picked":"SKIP","floor":22},{"not_picked":["Hemokinesis"],"picked":"SKIP","floor":23},{"not_picked":["Wild Strike"],"picked":"SKIP","floor":25},{"not_picked":["Thunderclap+1"],"picked":"Singing Bowl","floor":31},{"not_picked":["Barricade"],"picked":"Singing Bowl","floor":33},{"not_picked":["Warcry"],"picked":"Singing Bowl","floor":35},{"not_picked":["Combust+1"],"picked":"Singing Bowl","floor":38},{"not_picked":[],"picked":"Inflame","floor":41},{"not_picked":["Swift Strike"],"picked":"Singing Bowl","floor":44},{"not_picked":["Rampage"],"picked":"Singing Bowl","floor":45},{"not_picked":["Heavy Blade+1"],"picked":"Singing Bowl","floor":46}],"player_experience":231072,"relics_obtained":[{"floor":9,"key":"Bag of Marbles"},{"floor":12,"key":"Smiling Mask"},{"floor":23,"key":"Omamori"},{"floor":26,"key":"Singing Bowl"},{"floor":29,"key":"Necronomicon"},{"floor":43,"key":"Oddly Smooth Stone"}],"event_choices":[{"event_name":"The Cleric","player_choice":"Card Removal","floor":2,"damage_taken":0},{"event_name":"Scrap Ooze","player_choice":"success","floor":4,"damage_taken":25},{"event_name":"Dead Adventurer","player_choice":"Searched \u00271\u0027 times","floor":10,"damage_taken":0},{"event_name":"The Library","player_choice":"Read","floor":20,"damage_taken":0},{"event_name":"Cursed Tome","player_choice":"Obtained Book","floor":29,"damage_taken":0},{"event_name":"Bonfire Elementals","player_choice":"UNCOMMON","floor":30,"damage_taken":0},{"event_name":"FaceTrader","player_choice":"Trade","floor":37,"damage_taken":0},{"event_name":"SensoryStone","player_choice":"Memory 1","floor":44,"damage_taken":0}],"is_beta":false,"boss_relics":[{"not_picked":["Mark of Pain","Fusion Hammer"],"picked":"Busted Crown"},{"not_picked":["Philosopher\u0027s Stone","White Beast Statue"],"picked":"Cursed Key"}],"items_purged_floors":[19,27,36,39],"is_endless":false,"potions_floor_spawned":[8,11,12,18,31,41,45],"killed_by":"Nemesis","ascension_level":0}