{"gold_per_floor":[115,190,202,202,216,245,245,262,262,187,187,202,202,8,8,111,111,121,121,139,151,151,151,51,51,99,99,113,73,73,92,92,196,196,211,226,30,40,54,54,70,70,70,99,99,110,127,127,127,127],"floor_reached":51,"playtime":2493,"items_purged":["Defend_R","Sword Boomerang"],"score":704,"play_id":"4c983ef4-0866-44f9-a835-c41acc38f4c2","local_time":"20181015110256","is_ascension_mode":false,"campfire_choices":[{"data":"Strike_R","floor":7,"key":"PURGE"},{"data":"Strike_R","floor":11,"key":"PURGE"},{"data":"Strike_R","floor":15,"key":"PURGE"},{"floor":23,"key":"REST"},{"floor":32,"key":"REST"},{"data":"Defend_R","floor":40,"key":"PURGE"},{"data":"Armaments","floor":42,"key":"PURGE"},{"data":"Defend_R","floor":49,"key":"PURGE"}],"neow_cost":"NONE","seed_source_timestamp":315631442938864,"circlet_count":0,"master_deck":["Bash","Rampage","Clash","Shrug It Off","Clash","Limit Break","Seeing Red","Armaments+1","Power Through+1","Intimidate"],"relics":["Burning Blood","Peace Pipe","Dead Branch","Medical Kit","Fusion Hammer","MutagenicStrength","Ancient Tea Set","Enchiridion","Sozu","PrismaticShard","Shuriken","Shovel"],"potions_floor_usage":[6,16,33,33,50],"damage_taken":[{"damage":5,"enemies":"Small Slimes","floor":1,"turns":5},{"damage":1,"enemies":"Jaw Worm","floor":3,"turns":4},{"damage":1,"enemies":"Cultist","floor":5,"turns":3},{"damage":14,"enemies":"Gremlin Nob","floor":6,"turns":3},{"damage":3,"enemies":"Lots of Slimes","floor":8,"turns":5},{"damage":3,"enemies":"2 Fungi Beasts","floor":12,"turns":3},{"damage":67,"enemies":"Slime Boss","floor":16,"turns":13},{"damage":0,"enemies":"3 Byrds","floor":18,"turns":5},{"damage":0,"enemies":"Shell Parasite","floor":20,"turns":6},{"damage":32,"enemies":"Snecko","floor":21,"turns":7},{"damage":18,"enemies":"Chosen and Byrds","floor":28,"turns":6},{"damage":4,"enemies":"Snake Plant","floor":31,"turns":3},{"damage":46,"enemies":"Collector","floor":33,"turns":9},{"damage":12,"enemies":"3 Darklings","floor":35,"turns":4},{"damage":3,"enemies":"Orb Walker","floor":36,"turns":3},{"damage":0,"enemies":"3 Darklings","floor":38,"turns":7},{"damage":4,"enemies":"Maw","floor":39,"turns":7},{"damage":29,"enemies":"Spire Growth","floor":41,"turns":5},{"damage":1,"enemies":"2 Orb Walkers","floor":44,"turns":4},{"damage":0,"enemies":"4 Shapes","floor":46,"turns":4},{"damage":6,"enemies":"Transient","floor":47,"turns":5},{"damage":33,"enemies":"Awakened One","floor":50,"turns":9}],"seed_played":"4547424063544628612","potions_obtained":[{"floor":1,"key":"FearPotion"},{"floor":12,"key":"SkillPotion"},{"floor":16,"key":"Explosive Potion"},{"floor":21,"key":"FearPotion"},{"floor":28,"key":"Strength Potion"}],"is_trial":false,"path_per_floor":["M","?","M","?","M","E","R","M","T","$","R","M","?","$","R","B",null,"M","$","M","M","?","R","$","?","T","?","M","$","?","M","R","B",null,"M","M","$","M","M","R","M","R","T","E","?","M","M","?","R","B"],"character_chosen":"IRONCLAD","items_purchased":["Medical Kit","Seeing Red","PrismaticShard"],"campfire_rested":2,"item_purchase_floors":[14,29,37],"current_hp_per_floor":[80,69,74,74,79,71,71,74,74,74,74,77,77,77,77,16,80,80,80,80,54,39,64,64,64,64,64,52,52,36,38,63,23,85,79,82,82,85,85,85,62,62,62,67,67,73,73,73,73,46],"gold":127,"neow_bonus":"TRANSFORM_CARD","is_prod":false,"is_daily":false,"chose_seed":false,"campfire_upgraded":0,"win_rate":0,"timestamp":1539626576,"path_taken":["M","?","M","?","M","E","R","M","T","$","R","M","?","?","R","BOSS","M","$","M","M","?","R","?","?","T","?","?","$","?","M","R","BOSS","M","M","?","M","M","R","M","R","T","E","?","M","?","?","R","BOSS"],"build_version":"2018-10-11","purchased_purges":2,"victory":true,"max_hp_per_floor":[80,80,80,80,80,80,80,80,80,80,80,80,80,80,80,80,80,80,80,80,80,85,85,85,85,85,85,85,85,85,85,85,85,85,85,85,85,85,85,85,85,85,85,85,85,85,85,85,85,85],"card_choices":[{"not_picked":["Wild Strike","Twin Strike"],"picked":"Rampage","floor":1},{"not_picked":["Sever Soul","Sword Boomerang"],"picked":"Clash","floor":3},{"not_picked":["Sever Soul","Wild Strike"],"picked":"Armaments","floor":5},{"not_picked":["Perfected Strike","Anger"],"picked":"Iron Wave","floor":6},{"not_picked":["Clothesline","Fire Breathing","Iron Wave"],"picked":"SKIP","floor":8},{"not_picked":["Uppercut","Fiend Fire"],"picked":"Shrug It Off","floor":12},{"not_picked":["Double Tap","Feed"],"picked":"Dark Embrace","floor":16},{"not_picked":["Bloodletting+1","Havoc+1","Clash+1"],"picked":"SKIP","floor":18},{"not_picked":["Cleave","Pummel","Perfected Strike"],"picked":"SKIP","floor":20},{"not_picked":["Metallicize","Blood for Blood","True Grit"],"picked":"SKIP","floor":21},{"not_picked":["Headbutt","True Grit","Burning Pact+1"],"picked":"SKIP","floor":28},{"not_picked":["Clothesline","Havoc"],"picked":"Armaments+1","floor":31},{"not_picked":["Uppercut+1","Clash","Anger"],"picked":"SKIP","floor":35},{"not_picked":["Seeing Red","Sword Boomerang+1"],"picked":"Power Through+1","floor":36},{"not_picked":["Dodge and Roll","Clothesline","Headbutt+1"],"picked":"SKIP","floor":38},{"not_picked":["Quick Slash+1","Lockon","Anger+1"],"picked":"SKIP","floor":39},{"not_picked":["Reprogram+1","Force Field+1","Rupture"],"picked":"SKIP","floor":41},{"not_picked":["Hello World+1","BootSequence+1","Reckless Charge"],"picked":"SKIP","floor":44},{"not_picked":["Slice","Backflip","Sword Boomerang+1"],"picked":"SKIP","floor":46},{"not_picked":["Leap","Beam Cell+1","Underhanded Strike"],"picked":"SKIP","floor":47}],"player_experience":292455,"relics_obtained":[{"floor":6,"key":"Peace Pipe"},{"floor":9,"key":"Dead Branch"},{"floor":26,"key":"Ancient Tea Set"},{"floor":30,"key":"Enchiridion"},{"floor":43,"key":"Shuriken"},{"floor":44,"key":"Shovel"}],"event_choices":[{"event_name":"World of Goop","player_choice":"Gather Gold","floor":2,"damage_taken":0},{"event_name":"Bonfire Elementals","player_choice":"BASIC","floor":4,"damage_taken":0},{"event_name":"Match and Keep!","player_choice":"1 cards matched","floor":13,"damage_taken":0},{"event_name":"Forgotten Altar","player_choice":"Shed Blood","floor":22,"damage_taken":0},{"event_name":"Drug Dealer","player_choice":"Inject Mutagens","floor":25,"damage_taken":0},{"event_name":"Transmorgrifier","player_choice":"Transform","floor":27,"damage_taken":0},{"event_name":"Cursed Tome","player_choice":"Obtained Book","floor":30,"damage_taken":0},{"event_name":"Transmorgrifier","player_choice":"Transform","floor":45,"damage_taken":0},{"event_name":"Purifier","player_choice":"One Purge","floor":48,"damage_taken":0}],"is_beta":false,"boss_relics":[{"not_picked":["Pandora\u0027s Box","Black Blood"],"picked":"Fusion Hammer"},{"not_picked":["Philosopher\u0027s Stone","Runic Cube"],"picked":"Sozu"}],"items_purged_floors":[10,24],"is_endless":false,"potions_floor_spawned":[1,12,16,21,28,36,38,46],"ascension_level":0}