{"gold_per_floor":[114,79,79,95,95,95,126,126,126,140,315,334,41,58,58,155,155,173,173,186,3,3,31,31,66,66,66,19,19,37,47,47,143,143,154,154,170,189,51,51,86,86,86,97,112,123,123,137,137,137],"floor_reached":51,"playtime":18079,"items_purged":["Doubt","Strike_G"],"score":817,"play_id":"2981515a-7007-4690-afb6-53bb9ef209cc","local_time":"20190306225919","is_ascension_mode":true,"campfire_choices":[{"data":"Neutralize","floor":6,"key":"SMITH"},{"floor":8,"key":"REST"},{"floor":15,"key":"REST"},{"data":"Well Laid Plans","floor":24,"key":"SMITH"},{"data":"Bullet Time","floor":27,"key":"SMITH"},{"data":"Malaise","floor":29,"key":"SMITH"},{"floor":32,"key":"REST"},{"data":"Glass Knife","floor":40,"key":"SMITH"},{"floor":49,"key":"REST"}],"neow_cost":"PERCENT_DAMAGE","seed_source_timestamp":382514312549528,"circlet_count":0,"master_deck":["Defend_G","Defend_G+1","Defend_G","Defend_G","Defend_G","Strike_G","Survivor","Neutralize+1","Malaise+1","Sucker Punch","Predator","Dagger Throw","Crippling Poison+1","Well Laid Plans+1","Leg Sweep","Footwork","Bullet Time+1","Footwork+1","Glass Knife+1","PiercingWail","Dash","Footwork","Quick Slash+1","Crippling Poison","Deflect","Night Terror","Terror+1","Burst","Quick Slash+1","Cloak And Dagger","PiercingWail","Noxious Fumes+1","Deflect+1","Injury","Acrobatics+1","Parasite","After Image+1","Choke","Acrobatics+1"],"relics":["Ring of the Snake","Bag of Preparation","War Paint","Potion Belt","PreservedInsect","Sozu","Frozen Egg 2","Regal Pillow","Bottled Lightning","Cursed Key","Blood Vial","Mercury Hourglass"],"potions_floor_usage":[25],"damage_taken":[{"damage":0,"enemies":"Jaw Worm","floor":1,"turns":5},{"damage":2,"enemies":"Cultist","floor":4,"turns":6},{"damage":32,"enemies":"3 Sentries","floor":7,"turns":8},{"damage":9,"enemies":"Small Slimes","floor":10,"turns":3},{"damage":11,"enemies":"Red Slaver","floor":12,"turns":5},{"damage":0,"enemies":"3 Louse","floor":14,"turns":4},{"damage":27,"enemies":"Hexaghost","floor":16,"turns":13},{"damage":10,"enemies":"Chosen","floor":18,"turns":6},{"damage":10,"enemies":"Spheric Guardian","floor":20,"turns":7},{"damage":5,"enemies":"Book of Stabbing","floor":23,"turns":5},{"damage":4,"enemies":"Slavers","floor":25,"turns":3},{"damage":0,"enemies":"Snecko","floor":30,"turns":6},{"damage":8,"enemies":"Centurion and Healer","floor":31,"turns":8},{"damage":6,"enemies":"Champ","floor":33,"turns":14},{"damage":5,"enemies":"3 Darklings","floor":35,"turns":6},{"damage":0,"enemies":"3 Shapes","floor":37,"turns":6},{"damage":0,"enemies":"Jaw Worm Horde","floor":38,"turns":4},{"damage":18,"enemies":"Nemesis","floor":41,"turns":7},{"damage":28,"enemies":"Spire Growth","floor":44,"turns":5},{"damage":1,"enemies":"Writhing Mass","floor":45,"turns":6},{"damage":0,"enemies":"Jaw Worm Horde","floor":46,"turns":5},{"damage":0,"enemies":"Sphere and 2 Shapes","floor":48,"turns":4},{"damage":32,"enemies":"Awakened One","floor":50,"turns":19}],"seed_played":"-6420157079156436676","potions_obtained":[{"floor":4,"key":"FearPotion"},{"floor":10,"key":"Energy Potion"},{"floor":14,"key":"Fire Potion"}],"is_trial":false,"path_per_floor":["?","T","M","?","?","$","?","M","?","M","?","M","$","T","?"],"character_chosen":"THE_SILENT","items_purchased":["Leg Sweep","Footwork","PreservedInsect","Dash","Footwork","Deflect","Noxious Fumes+1"],"campfire_rested":4,"item_purchase_floors":[13,13,13,21,21,28,39],"current_hp_per_floor":[49,66,66,64,64,64,32,53,53,44,44,33,33,33,54,27,70,60,60,50,50,50,45,45,41,41,41,41,41,41,33,69,63,70,65,65,65,65,65,65,47,47,47,21,22,24,24,26,62,32],"gold":137,"neow_bonus":"THREE_RARE_CARDS","is_prod":false,"is_daily":false,"chose_seed":false,"campfire_upgraded":5,"win_rate":0,"timestamp":1551938359,"path_taken":["M","?","?","?","?","R","E","R","T","M","?","M","?","M","R","BOSS","M","?","?","$","?","E","R","E","T","R","$","R","?","M","R","BOSS","M","?","?","M","?","R","E","?","T","M","M","M","?","M","R","BOSS"],"build_version":"2019-01-23","purchased_purges":2,"victory":true,"max_hp_per_floor":[70,70,70,70,70,70,70,70,70,70,70,70,70,70,70,70,70,70,70,70,70,70,70,70,70,70,70,70,70,70,70,70,70,70,70,70,70,70,70,70,70,70,70,70,70,70,70,70,70,70],"card_choices":[{"not_picked":["Grand Finale","Unload"],"picked":"Malaise","floor":0},{"not_picked":["Underhanded Strike","Blade Dance"],"picked":"Sucker Punch","floor":1},{"not_picked":["Sucker Punch","Acrobatics"],"picked":"Predator","floor":4},{"not_picked":["Reflex","Riddle With Holes"],"picked":"Crippling Poison","floor":7},{"not_picked":["Expertise","Cloak And Dagger"],"picked":"Caltrops","floor":10},{"not_picked":["Backflip","Caltrops"],"picked":"Well Laid Plans","floor":12},{"not_picked":["Poisoned Stab","Flying Knee","Tactician"],"picked":"SKIP","floor":14},{"not_picked":["Adrenaline","Venomology"],"picked":"Bullet Time","floor":16},{"not_picked":["Outmaneuver","Predator"],"picked":"Footwork+1","floor":18},{"not_picked":["Cloak And Dagger+1","Deflect"],"picked":"PiercingWail","floor":20},{"not_picked":["Masterful Stab+1","Escape Plan"],"picked":"Quick Slash+1","floor":23},{"not_picked":["Underhanded Strike+1","All Out Attack"],"picked":"Crippling Poison","floor":25},{"not_picked":["Tactician+1","Deadly Poison"],"picked":"Night Terror","floor":30},{"not_picked":["Cloak And Dagger","Prepared"],"picked":"Terror+1","floor":31},{"not_picked":["Tools of the Trade+1","Die Die Die"],"picked":"Burst","floor":33},{"not_picked":["All Out Attack+1","Slice"],"picked":"Quick Slash+1","floor":35},{"not_picked":["Tactician","Flying Knee+1"],"picked":"Cloak And Dagger","floor":37},{"not_picked":["Heel Hook","Blade Dance"],"picked":"PiercingWail","floor":38},{"not_picked":["Bane","Masterful Stab+1"],"picked":"Deflect+1","floor":41},{"not_picked":["Dodge and Roll","Underhanded Strike+1"],"picked":"Acrobatics+1","floor":44},{"not_picked":["Cloak And Dagger","Setup+1"],"picked":"After Image+1","floor":45},{"not_picked":["Riddle With Holes","Cloak And Dagger+1"],"picked":"Choke","floor":46},{"not_picked":["Eviscerate+1","Slice"],"picked":"Acrobatics+1","floor":48}],"player_experience":136501,"relics_obtained":[{"floor":3,"key":"Bag of Preparation"},{"floor":7,"key":"War Paint"},{"floor":9,"key":"Potion Belt"},{"floor":23,"key":"Frozen Egg 2"},{"floor":25,"key":"Regal Pillow"},{"floor":26,"key":"Bottled Lightning"},{"floor":41,"key":"Blood Vial"},{"floor":43,"key":"Mercury Hourglass"}],"event_choices":[{"damage_healed":17,"gold_gain":0,"player_choice":"Healed","damage_taken":0,"max_hp_gain":0,"max_hp_loss":0,"event_name":"The Cleric","floor":2,"gold_loss":35},{"damage_healed":0,"gold_gain":0,"cards_transformed":["Strike_G"],"player_choice":"Change","damage_taken":0,"max_hp_gain":0,"max_hp_loss":0,"event_name":"Living Wall","floor":5,"gold_loss":0,"cards_obtained":["Dagger Throw"]},{"damage_healed":0,"gold_gain":175,"player_choice":"AGREE","damage_taken":0,"max_hp_gain":0,"max_hp_loss":0,"event_name":"Liars Game","floor":11,"gold_loss":0,"cards_obtained":["Doubt"]},{"damage_healed":0,"gold_gain":0,"cards_transformed":["Strike_G"],"player_choice":"Transformed","damage_taken":0,"max_hp_gain":0,"max_hp_loss":0,"event_name":"Transmorgrifier","floor":19,"gold_loss":0,"cards_obtained":["Glass Knife"]},{"cards_removed":["Strike_G"],"damage_healed":0,"gold_gain":0,"player_choice":"Offered Basic","damage_taken":0,"max_hp_gain":0,"max_hp_loss":0,"event_name":"Bonfire Elementals","floor":22,"gold_loss":0},{"damage_healed":0,"gold_gain":0,"player_choice":"Ignored","damage_taken":0,"max_hp_gain":0,"max_hp_loss":0,"event_name":"Accursed Blacksmith","floor":36,"gold_loss":0},{"cards_removed":["Caltrops"],"damage_healed":0,"gold_gain":0,"player_choice":"Removed Power","damage_taken":0,"max_hp_gain":0,"max_hp_loss":0,"event_name":"Falling","floor":47,"gold_loss":0}],"is_beta":false,"boss_relics":[{"not_picked":["Lizard Tail","Empty Cage"],"picked":"Sozu"},{"not_picked":["Calling Bell","WristBlade"],"picked":"Cursed Key"}],"items_purged_floors":[21,39],"is_endless":false,"potions_floor_spawned":[4,10,14,25,30,31,41,44],"ascension_level":3}