{"gold_per_floor":[114,16,28,28,103,103,120,139,139,139,2,12,12,45,45,142,142,162,162,181,192,209,209,209,209,236,248,280,302,189,206,206,206],"floor_reached":33,"playtime":1014,"items_purged":["Defend_B","Strike_B","Strike_B"],"score":249,"play_id":"bf55e8d2-893a-430e-bfb3-8c96bbe1691f","local_time":"20181201232320","is_ascension_mode":false,"campfire_choices":[{"data":"Zap","floor":6,"key":"SMITH"},{"floor":10,"key":"REST"},{"floor":15,"key":"REST"},{"floor":23,"key":"REST"},{"data":"Loop","floor":27,"key":"SMITH"},{"floor":32,"key":"REST"}],"neow_cost":"NONE","seed_source_timestamp":94086971949761,"circlet_count":0,"master_deck":["Strike_B","Strike_B","Defend_B","Defend_B","Defend_B","Zap+1","Dualcast","Conserve Battery","Gash","Hologram","Doom and Gloom","FTL","Capacitor","Loop+1","Electrodynamics","Gash+1","Tempest","BootSequence"],"relics":["Cracked Core","Matryoshka","Meat on the Bone","Sozu","MawBank","Potion Belt"],"potions_floor_usage":[8,16],"damage_taken":[{"damage":0,"enemies":"Cultist","floor":1,"turns":2},{"damage":0,"enemies":"Small Slimes","floor":3,"turns":2},{"damage":0,"enemies":"Jaw Worm","floor":7,"turns":2},{"damage":19,"enemies":"Lots of Slimes","floor":8,"turns":4},{"damage":16,"enemies":"Blue Slaver","floor":12,"turns":3},{"damage":16,"enemies":"Lagavulin","floor":14,"turns":5},{"damage":54,"enemies":"The Guardian","floor":16,"turns":8},{"damage":20,"enemies":"2 Thieves","floor":18,"turns":3},{"damage":3,"enemies":"3 Byrds","floor":20,"turns":2},{"damage":32,"enemies":"Snake Plant","floor":21,"turns":4},{"damage":27,"enemies":"Snecko","floor":22,"turns":6},{"damage":21,"enemies":"3 Cultists","floor":28,"turns":4},{"damage":15,"enemies":"Centurion and Healer","floor":29,"turns":5},{"damage":20,"enemies":"Snecko","floor":31,"turns":4},{"damage":74,"enemies":"Automaton","floor":33,"turns":6}],"seed_played":"5692645395193146322","potions_obtained":[{"floor":3,"key":"SkillPotion"},{"floor":8,"key":"GamblersBrew"},{"floor":12,"key":"FairyPotion"}],"is_trial":false,"path_per_floor":["M","$","M","?","?","R","M","M","T","R","$","M","$","E","R","B",null,"M","?","M","M","M","R","?","?","T","R","M","M","$","M","R","B"],"character_chosen":"DEFECT","items_purchased":["Gash","FTL"],"campfire_rested":4,"item_purchase_floors":[2,11],"current_hp_per_floor":[82,82,82,82,71,71,71,52,52,76,76,60,60,44,68,26,82,62,46,43,23,20,44,44,71,71,71,50,47,47,39,63,0],"gold":206,"neow_bonus":"TEN_PERCENT_HP_BONUS","is_prod":false,"is_daily":false,"chose_seed":false,"campfire_upgraded":2,"win_rate":0,"timestamp":1543735400,"path_taken":["M","?","M","?","?","R","?","?","T","R","$","M","$","E","R","BOSS","M","?","M","M","M","R","?","?","T","R","?","?","$","M","R","BOSS"],"build_version":"2018-11-15","purchased_purges":3,"victory":false,"max_hp_per_floor":[82,82,82,82,82,82,82,82,82,82,82,82,82,82,82,82,82,82,82,82,82,82,82,82,82,82,82,82,82,82,82,82,82],"card_choices":[{"not_picked":["Compile Driver","Beam Cell"],"picked":"Conserve Battery","floor":1},{"not_picked":["Beam Cell","Storm","Stack"],"picked":"SKIP","floor":3},{"not_picked":["Reinforced Body","Aggregate"],"picked":"Hologram","floor":7},{"not_picked":["Conserve Battery","Heatsinks"],"picked":"Doom and Gloom","floor":8},{"not_picked":["FTL","Core Surge"],"picked":"Capacitor","floor":12},{"not_picked":["Leap","Auto Shields"],"picked":"Loop","floor":14},{"not_picked":["Amplify","Rainbow"],"picked":"Electrodynamics","floor":16},{"not_picked":["Barrage","Go for the Eyes"],"picked":"Gash+1","floor":18},{"not_picked":["Recycle","Force Field","Beam Cell"],"picked":"SKIP","floor":20},{"not_picked":["Recycle","Glacier","Loop"],"picked":"SKIP","floor":21},{"not_picked":["Gash","Compile Driver","Beam Cell"],"picked":"SKIP","floor":22},{"not_picked":["Rebound","Genetic Algorithm","Compile Driver"],"picked":"SKIP","floor":28},{"not_picked":["Redo","FTL+1"],"picked":"Tempest","floor":29},{"not_picked":["Rebound","Leap"],"picked":"BootSequence","floor":31}],"player_experience":104432,"relics_obtained":[{"floor":9,"key":"Matryoshka"},{"floor":14,"key":"Meat on the Bone"},{"floor":26,"key":"MawBank"},{"floor":26,"key":"Potion Belt"}],"event_choices":[{"damage_healed":0,"gold_gain":0,"player_choice":"Ignored","damage_taken":0,"max_hp_gain":0,"max_hp_loss":0,"event_name":"Liars Game","floor":4,"gold_loss":0},{"damage_healed":0,"gold_gain":75,"player_choice":"Gather Gold","damage_taken":11,"max_hp_gain":0,"max_hp_loss":0,"event_name":"World of Goop","floor":5,"gold_loss":0},{"damage_healed":0,"gold_gain":0,"player_choice":"Obtained Book","damage_taken":16,"max_hp_gain":0,"max_hp_loss":0,"event_name":"Cursed Tome","floor":19,"gold_loss":0},{"damage_healed":0,"gold_gain":0,"player_choice":"Ignored","damage_taken":0,"max_hp_gain":0,"max_hp_loss":0,"event_name":"The Mausoleum","floor":24,"gold_loss":0},{"damage_healed":27,"gold_gain":0,"player_choice":"Heal","damage_taken":0,"max_hp_gain":0,"max_hp_loss":0,"event_name":"The Library","floor":25,"gold_loss":0}],"is_beta":false,"boss_relics":[{"not_picked":["Tiny House","White Beast Statue"],"picked":"Sozu"}],"items_purged_floors":[2,11,30],"is_endless":false,"potions_floor_spawned":[3,8,12,21,28],"killed_by":"Automaton","ascension_level":0}