{"gold_per_floor":[115,128,16,29,44,44,78,78,129,2,2,2,30,30,30,30],"floor_reached":16,"playtime":838,"items_purged":["Strike_R","Strike_R"],"score":200,"play_id":"4211e47f-f97e-42c6-8c30-2e29add978e7","local_time":"20190429154731","is_ascension_mode":true,"campfire_choices":[{"data":"Armaments","floor":6.0,"key":"SMITH"},{"data":"Searing Blow","floor":8.0,"key":"SMITH"},{"data":"Searing Blow+1","floor":12.0,"key":"SMITH"},{"floor":15,"key":"REST"}],"neow_cost":"NONE","seed_source_timestamp":0,"circlet_count":0,"master_deck":["AscendersBane","Strike_R","Strike_R","Strike_R","Defend_R","Defend_R","Defend_R","Defend_R","Bash","Headbutt","Armaments","Searing Blow+2","Armaments","Armaments+1","Shrug It Off","Inflame"],"special_seed":0,"relics":["Burning Blood","The Courier","Pen Nib","Anchor"],"potions_floor_usage":[13],"damage_taken":[{"damage":6.0,"enemies":"Cultist","floor":1.0,"turns":4.0},{"damage":6.0,"enemies":"2 Louse","floor":2.0,"turns":4.0},{"damage":7.0,"enemies":"Jaw Worm","floor":4.0,"turns":3.0},{"damage":6.0,"enemies":"Looter","floor":5.0,"turns":4.0},{"damage":37.0,"enemies":"3 Sentries","floor":7.0,"turns":12.0},{"damage":26,"enemies":"Gremlin Nob","floor":13,"turns":4},{"damage":39,"enemies":"Slime Boss","floor":16,"turns":6}],"seed_played":"6014392737459964788","potions_obtained":[{"floor":0.0,"key":"EssenceOfSteel"},{"floor":0.0,"key":"GamblersBrew"},{"floor":0.0,"key":"Block Potion"},{"floor":1.0,"key":"SkillPotion"},{"floor":7.0,"key":"EssenceOfSteel"},{"floor":13,"key":"Swift Potion"}],"is_trial":false,"path_per_floor":["M","M","$","M","M","R","E","R","T","$","?","R","E","$","R","B"],"character_chosen":"IRONCLAD","items_purchased":["Searing Blow","Shrug It Off"],"campfire_rested":1,"item_purchase_floors":[3,10],"current_hp_per_floor":[68,68,68,67,67,67,36,36,36,36,36,36,16,16,38,0],"gold":30,"neow_bonus":"THREE_SMALL_POTIONS","is_prod":false,"is_daily":false,"chose_seed":false,"campfire_upgraded":3,"win_rate":0,"timestamp":1556578051,"path_taken":["M","M","$","?","M","R","E","R","T","?","?","R","E","?","R","BOSS"],"build_version":"2019-01-23","purchased_purges":2,"victory":false,"max_hp_per_floor":[75,75,75,75,75,75,75,75,75,75,75,75,75,75,75,75],"card_choices":[{"not_picked":["Twin Strike","Searing Blow"],"picked":"Headbutt","floor":1.0},{"not_picked":["Cleave","Rampage"],"picked":"Armaments","floor":2.0},{"not_picked":["Iron Wave","Hemokinesis"],"picked":"Armaments","floor":4.0},{"not_picked":["Bludgeon","Clash"],"picked":"Armaments","floor":5.0},{"not_picked":["Perfected Strike","Heavy Blade","Rage"],"picked":"SKIP","floor":7.0},{"not_picked":["Clash","Searing Blow"],"picked":"Inflame","floor":13}],"player_experience":505310,"relics_obtained":[{"floor":7.0,"key":"The Courier"},{"floor":9.0,"key":"Pen Nib"},{"floor":13,"key":"Anchor"}],"event_choices":[{"damage_healed":0.0,"max_hp_gain":0.0,"max_hp_loss":0.0,"gold_gain":0.0,"event_name":"Scrap Ooze","player_choice":"Fled","floor":11.0,"gold_loss":0.0,"damage_taken":0.0}],"is_beta":false,"boss_relics":[],"items_purged_floors":[3,10],"is_endless":false,"potions_floor_spawned":[1,2,7,13],"killed_by":"Slime Boss","ascension_level":17}