{"gold_per_floor":[115,133,133,153,153,153,187,187,187,210,5,26,41,116,116,116],"floor_reached":16,"playtime":341,"items_purged":[],"score":102,"play_id":"cf39f0c9-9c39-4206-807a-1de869a943c0","local_time":"20190131153330","is_ascension_mode":false,"campfire_choices":[{"data":"Whirlwind","floor":6,"key":"SMITH"},{"data":"Bash","floor":8,"key":"SMITH"},{"data":"1","floor":15,"key":"LIFT"}],"neow_cost":"NONE","seed_source_timestamp":1883666776424561,"circlet_count":0,"master_deck":["Strike_R","Strike_R","Strike_R","Strike_R","Defend_R","Defend_R","Defend_R","Defend_R","Bash+1","Whirlwind+1","Rage","Seeing Red","Flex","Clash","Shockwave"],"relics":["Burning Blood","Art of War","Golden Idol","Prayer Wheel","Girya","Brimstone"],"potions_floor_usage":[16,16],"damage_taken":[{"damage":6,"enemies":"Cultist","floor":1,"turns":3},{"damage":7,"enemies":"Small Slimes","floor":2,"turns":2},{"damage":0,"enemies":"2 Louse","floor":4,"turns":2},{"damage":43,"enemies":"Gremlin Nob","floor":7,"turns":5},{"damage":4,"enemies":"Looter","floor":10,"turns":3},{"damage":0,"enemies":"Lots of Slimes","floor":12,"turns":1},{"damage":12,"enemies":"Large Slime","floor":13,"turns":3},{"damage":23,"enemies":"The Guardian","floor":16,"turns":6}],"seed_played":"-184847317001930098","potions_obtained":[{"floor":1,"key":"FearPotion"},{"floor":7,"key":"Ancient Potion"},{"floor":12,"key":"BloodPotion"}],"is_trial":false,"path_per_floor":["M","M","?","M","?","R","E","R","T","M","$","M","M","?","R","B"],"character_chosen":"IRONCLAD","items_purchased":["Brimstone"],"campfire_rested":0,"item_purchase_floors":[11],"current_hp_per_floor":[80,79,72,78,58,58,21,21,21,23,23,29,23,12,12,0],"gold":116,"neow_bonus":"RANDOM_COMMON_RELIC","is_prod":false,"is_daily":false,"chose_seed":false,"campfire_upgraded":2,"win_rate":0,"timestamp":1548977610,"path_taken":["M","?","?","M","?","R","E","R","T","M","$","M","M","?","R","BOSS"],"build_version":"2019-01-23","purchased_purges":0,"victory":false,"max_hp_per_floor":[80,80,80,80,80,80,80,80,80,80,80,80,80,80,80,80],"card_choices":[{"not_picked":["Wild Strike","Heavy Blade"],"picked":"Whirlwind","floor":1},{"not_picked":["Heavy Blade","Sword Boomerang","Headbutt"],"picked":"SKIP","floor":2},{"not_picked":["Havoc","Shrug It Off"],"picked":"Rage","floor":4},{"not_picked":["Sever Soul","Havoc","Fire Breathing"],"picked":"SKIP","floor":7},{"not_picked":["Body Slam","Sword Boomerang"],"picked":"Seeing Red","floor":10},{"not_picked":["Shockwave","Bloodletting"],"picked":"Flex","floor":10},{"not_picked":["Perfected Strike","Iron Wave"],"picked":"Clash","floor":12},{"not_picked":["Blood for Blood","Shockwave","Sword Boomerang"],"picked":"SKIP","floor":12},{"not_picked":["True Grit","Thunderclap"],"picked":"Shockwave","floor":13},{"not_picked":["Clothesline","Reckless Charge","Ghostly Armor"],"picked":"SKIP","floor":13}],"player_experience":384344,"relics_obtained":[{"floor":7,"key":"Prayer Wheel"},{"floor":9,"key":"Girya"}],"event_choices":[{"cards_removed":["Strike_R"],"damage_healed":0,"gold_gain":0,"player_choice":"Card Removal","damage_taken":7,"max_hp_gain":0,"max_hp_loss":0,"event_name":"Golden Wing","floor":3,"gold_loss":0},{"damage_healed":0,"gold_gain":0,"player_choice":"Take Damage","damage_taken":20,"relics_obtained":["Golden Idol"],"max_hp_gain":0,"max_hp_loss":0,"event_name":"Golden Idol","floor":5,"gold_loss":0},{"damage_healed":0,"gold_gain":75,"player_choice":"Gather Gold","damage_taken":11,"max_hp_gain":0,"max_hp_loss":0,"event_name":"World of Goop","floor":14,"gold_loss":0}],"is_beta":false,"boss_relics":[],"items_purged_floors":[],"is_endless":false,"potions_floor_spawned":[1,7,12],"killed_by":"The Guardian","ascension_level":0}