{"gold_per_floor":[117,129,146,146,163,163,6,19,19,36,53,63,77,89,89,191,191,205,42,62,79,96,123,123,139,139,169,38,38,50,50,50,151,151,162,173,183,201,201,201,201],"floor_reached":41,"playtime":2951,"items_purged":["Strike_R"],"score":560,"play_id":"737fc808-02fa-456c-abad-b56ee6e97b72","local_time":"20190405132643","is_ascension_mode":false,"campfire_choices":[{"data":"Armaments","floor":6,"key":"SMITH"},{"data":"Armaments","floor":15,"key":"SMITH"},{"data":"Thunderclap","floor":24,"key":"SMITH"},{"data":"Pommel Strike","floor":29,"key":"SMITH"},{"data":"Bandage Up","floor":32,"key":"SMITH"},{"data":"Brutality","floor":40,"key":"SMITH"}],"neow_cost":"NONE","seed_source_timestamp":1221301317058600,"circlet_count":0,"master_deck":["Strike_R","Strike_R","Strike_R","Strike_R","Defend_R","Defend_R+1","Defend_R+1","Bash","Armaments+1","Pommel Strike+1","Inflame","Thunderclap+1","Inflame","Uppercut+1","Heavy Blade+1","Feed+1","Armaments+1","Sword Boomerang+1","Barricade","Cleave+1","Bandage Up+1","Intimidate+1","Sword Boomerang+1","Shrug It Off","Seeing Red+1","Dual Wield+1","Rampage+1","Bandage Up","Dropkick+1","Cleave+1","Brutality+1","Flame Barrier+1","Perfected Strike+1","Clash+1","Mayhem"],"relics":["Burning Blood","Bag of Preparation","Molten Egg 2","Sozu","Bottled Flame","Ancient Tea Set","War Paint","Busted Crown"],"potions_floor_usage":[23,23,33],"damage_taken":[{"damage":1,"enemies":"Cultist","floor":1,"turns":4},{"damage":10,"enemies":"Small Slimes","floor":2,"turns":5},{"damage":5,"enemies":"2 Louse","floor":3,"turns":2},{"damage":10,"enemies":"Exordium Wildlife","floor":5,"turns":4},{"damage":0,"enemies":"Large Slime","floor":8,"turns":4},{"damage":5,"enemies":"3 Louse","floor":10,"turns":3},{"damage":12,"enemies":"2 Fungi Beasts","floor":11,"turns":3},{"damage":7,"enemies":"Large Slime","floor":12,"turns":3},{"damage":13,"enemies":"3 Louse","floor":13,"turns":4},{"damage":10,"enemies":"2 Fungi Beasts","floor":14,"turns":3},{"damage":0,"enemies":"Slime Boss","floor":16,"turns":3},{"damage":10,"enemies":"Chosen","floor":18,"turns":4},{"damage":10,"enemies":"Spheric Guardian","floor":20,"turns":3},{"damage":19,"enemies":"Shelled Parasite and Fungi","floor":21,"turns":4},{"damage":29,"enemies":"Sentry and Sphere","floor":22,"turns":4},{"damage":0,"enemies":"Gremlin Leader","floor":23,"turns":4},{"damage":15,"enemies":"Snake Plant","floor":25,"turns":3},{"damage":53,"enemies":"Slavers","floor":27,"turns":6},{"damage":6,"enemies":"Chosen and Byrds","floor":30,"turns":3},{"damage":46,"enemies":"Collector","floor":33,"turns":8},{"damage":6,"enemies":"Orb Walker","floor":35,"turns":3},{"damage":15,"enemies":"3 Shapes","floor":36,"turns":3},{"damage":50,"enemies":"Writhing Mass","floor":37,"turns":5},{"damage":37,"enemies":"Maw","floor":38,"turns":6},{"damage":35,"enemies":"Reptomancer","floor":41,"turns":2}],"seed_played":"-6759398121939084046","potions_obtained":[{"floor":1,"key":"Swift Potion"},{"floor":5,"key":"Explosive Potion"},{"floor":8,"key":"Dexterity Potion"},{"floor":10,"key":"BloodPotion"}],"is_trial":false,"path_per_floor":["M","M","M","?","M","R","$","M","T","M","M","M","M","M","R","B",null,"M","$","M","M","M","E","R","M","T","E","$","R","M","?","R","B",null,"M","M","M","M","?","R","E"],"character_chosen":"IRONCLAD","items_purchased":["Bag of Preparation","Bandage Up","Bandage Up","Dropkick+1"],"campfire_rested":0,"item_purchase_floors":[7,19,28,28],"current_hp_per_floor":[88,84,85,78,74,74,74,80,80,81,75,74,67,67,67,73,92,88,88,88,79,60,70,70,65,65,24,24,24,28,28,28,8,100,100,104,64,43,33,33,0],"gold":201,"neow_bonus":"TEN_PERCENT_HP_BONUS","is_prod":false,"is_daily":false,"chose_seed":false,"campfire_upgraded":6,"win_rate":0.0,"timestamp":1554463603,"path_taken":["M","M","M","?","M","R","$","M","T","M","M","M","M","M","R","BOSS","M","$","M","M","M","E","R","M","T","E","$","R","M","?","R","BOSS","M","M","M","M","?","R","E"],"build_version":"2019-01-23","purchased_purges":1,"victory":false,"max_hp_per_floor":[88,88,88,88,88,88,88,88,88,88,88,88,88,92,92,92,92,92,92,92,92,92,92,92,96,96,96,96,96,100,100,100,100,100,100,104,104,104,104,104,104],"card_choices":[{"not_picked":["Pommel Strike","Flex"],"picked":"Armaments","floor":1},{"not_picked":["Dual Wield","Warcry"],"picked":"Pommel Strike","floor":2},{"not_picked":["Power Through","Uppercut"],"picked":"Inflame","floor":3},{"not_picked":["Perfected Strike","Cleave"],"picked":"Thunderclap","floor":5},{"not_picked":["Twin Strike","Anger"],"picked":"Inflame","floor":8},{"not_picked":["Sword Boomerang+1","Pummel+1"],"picked":"Uppercut+1","floor":10},{"not_picked":["Corruption","Sword Boomerang+1"],"picked":"Heavy Blade+1","floor":11},{"not_picked":["Pommel Strike+1","True Grit"],"picked":"Feed+1","floor":12},{"not_picked":["Corruption","Clothesline+1"],"picked":"Armaments","floor":13},{"not_picked":["Warcry","Flex"],"picked":"Sword Boomerang+1","floor":14},{"not_picked":["Dark Embrace","Bludgeon+1"],"picked":"Barricade","floor":16},{"not_picked":["Clash+1","Uppercut+1"],"picked":"Cleave+1","floor":18},{"not_picked":["True Grit+1","Heavy Blade+1"],"picked":"Intimidate+1","floor":20},{"not_picked":["Thunderclap+1","Intimidate+1"],"picked":"Sword Boomerang+1","floor":21},{"not_picked":["Feel No Pain+1","Body Slam+1"],"picked":"Shrug It Off","floor":22},{"not_picked":["Combust","Body Slam+1"],"picked":"Seeing Red+1","floor":23},{"not_picked":["Perfected Strike+1","Thunderclap+1"],"picked":"Dual Wield+1","floor":25},{"not_picked":["Blood for Blood+1","Heavy Blade+1"],"picked":"Rampage+1","floor":27},{"not_picked":["Perfected Strike+1","Armaments"],"picked":"Cleave+1","floor":30},{"not_picked":["Bludgeon+1","Fiend Fire+1"],"picked":"Brutality","floor":33},{"not_picked":[],"picked":"Flame Barrier+1","floor":35},{"not_picked":[],"picked":"Perfected Strike+1","floor":36},{"not_picked":[],"picked":"Clash+1","floor":37},{"not_picked":["Clothesline+1"],"picked":"SKIP","floor":38},{"not_picked":[],"picked":"Mayhem","floor":39}],"player_experience":82755,"relics_obtained":[{"floor":9,"key":"Molten Egg 2"},{"floor":23,"key":"Bottled Flame"},{"floor":26,"key":"Ancient Tea Set"},{"floor":27,"key":"War Paint"}],"event_choices":[{"cards_removed":["Defend_R"],"damage_healed":0,"gold_gain":0,"player_choice":"Card Removal","damage_taken":7,"max_hp_gain":0,"max_hp_loss":0,"event_name":"Golden Wing","floor":4,"gold_loss":0},{"damage_healed":0,"gold_gain":0,"player_choice":"Ignored","damage_taken":0,"max_hp_gain":0,"max_hp_loss":0,"event_name":"Ghosts","floor":31,"gold_loss":0},{"damage_healed":0,"gold_gain":0,"player_choice":"Memory 3","damage_taken":10,"max_hp_gain":0,"max_hp_loss":0,"event_name":"SensoryStone","floor":39,"gold_loss":0}],"is_beta":false,"boss_relics":[{"not_picked":["Runic Pyramid","Eternal Feather"],"picked":"Sozu"},{"not_picked":["Snecko Eye","Orrery"],"picked":"Busted Crown"}],"items_purged_floors":[19],"is_endless":false,"potions_floor_spawned":[1,5,8,10,16,20,22,23,25,27,37,38],"killed_by":"Reptomancer","ascension_level":0}