{"gold_per_floor":[118,43,63,63,80,114,114,114,139,58,58,72,72,104,116,225,237,267,299,327,43,43,43,53,53,76,76,39,139,154,172,172,271,271,283,295,295,295,90,119,119,154,154,174,174,187,234,249,249,249],"floor_reached":51,"playtime":3078,"items_purged":["Defend_R"],"score":750,"play_id":"59ba5400-3919-4c97-9b32-d465e7016222","local_time":"20181129181246","is_ascension_mode":true,"campfire_choices":[{"floor":7,"key":"REST"},{"data":"Inflame","floor":11,"key":"SMITH"},{"data":"Heavy Blade","floor":13,"key":"SMITH"},{"data":"Defend_R","floor":15,"key":"SMITH"},{"floor":23,"key":"REST"},{"floor":25,"key":"REST"},{"data":"Heavy Blade","floor":27,"key":"SMITH"},{"data":"Limit Break","floor":32,"key":"SMITH"},{"floor":41,"key":"REST"},{"data":"1","floor":49,"key":"LIFT"}],"neow_cost":"NONE","seed_source_timestamp":809129547961444,"circlet_count":0,"master_deck":["Strike_R+1","Strike_R+1","Defend_R","Defend_R+1","Bash+1","Heavy Blade+1","Inflame+1","Limit Break+1","Intimidate+1","Pummel+1","Intimidate+1","Heavy Blade+1","Flame Barrier","Spot Weakness","Shrug It Off","Barricade","Pommel Strike+1","Shrug It Off","Parasite","Metallicize"],"relics":["Burning Blood","NeowsBlessing","Orichalcum","Whetstone","MawBank","Astrolabe","Molten Egg 2","Enchiridion","PreservedInsect","StoneCalendar","Letter Opener","Runic Cube","Juzu Bracelet","Pear","Bronze Scales","Smiling Mask","Girya"],"potions_floor_usage":[6,12,16,24,29,31,35,36,42,46,50],"damage_taken":[{"damage":0,"enemies":"Jaw Worm","floor":1,"turns":1},{"damage":0,"enemies":"Cultist","floor":3,"turns":1},{"damage":0,"enemies":"Small Slimes","floor":5,"turns":1},{"damage":36,"enemies":"Lagavulin","floor":6,"turns":5},{"damage":8,"enemies":"Exordium Thugs","floor":12,"turns":2},{"damage":8,"enemies":"Gremlin Nob","floor":14,"turns":4},{"damage":60,"enemies":"The Guardian","floor":16,"turns":10},{"damage":3,"enemies":"3 Byrds","floor":18,"turns":5},{"damage":4,"enemies":"Chosen","floor":19,"turns":3},{"damage":22,"enemies":"Centurion and Healer","floor":20,"turns":4},{"damage":0,"enemies":"Cultist and Chosen","floor":24,"turns":3},{"damage":1,"enemies":"Colosseum Slavers","floor":29,"turns":3},{"damage":36,"enemies":"Colosseum Nobs","floor":29,"turns":5},{"damage":0,"enemies":"Snecko","floor":30,"turns":4},{"damage":9,"enemies":"3 Cultists","floor":31,"turns":5},{"damage":52,"enemies":"Champ","floor":33,"turns":11},{"damage":32,"enemies":"3 Darklings","floor":35,"turns":5},{"damage":1,"enemies":"3 Shapes","floor":36,"turns":3},{"damage":62,"enemies":"Nemesis","floor":40,"turns":5},{"damage":50,"enemies":"Giant Head","floor":42,"turns":8},{"damage":24,"enemies":"Writhing Mass","floor":44,"turns":5},{"damage":18,"enemies":"Sphere and 2 Shapes","floor":46,"turns":6},{"damage":41,"enemies":"2 Orb Walkers","floor":47,"turns":5},{"damage":20,"enemies":"3 Darklings","floor":48,"turns":7},{"damage":87,"enemies":"Time Eater","floor":50,"turns":8}],"seed_played":"-3442231731560106267","potions_obtained":[{"floor":1,"key":"SteroidPotion"},{"floor":6,"key":"SkillPotion"},{"floor":14,"key":"SpeedPotion"},{"floor":20,"key":"SteroidPotion"},{"floor":24,"key":"Dexterity Potion"},{"floor":30,"key":"EssenceOfSteel"},{"floor":31,"key":"FairyPotion"},{"floor":33,"key":"AttackPotion"},{"floor":35,"key":"Poison Potion"},{"floor":40,"key":"Block Potion"},{"floor":42,"key":"Explosive Potion"},{"floor":48,"key":"Energy Potion"}],"is_trial":false,"path_per_floor":["M","$","M","?","M","E","R","?","T","$","R","M","R","E","R","B",null,"M","M","M","$","?","R","M","R","T","R","$","?","M","M","R","B",null,"M","M","?","?","$","E","R","E","T","M","?","M","?","M","R","B",null],"character_chosen":"IRONCLAD","items_purchased":["Inflame","Molten Egg 2","Shrug It Off","Spot Weakness","Shrug It Off","Juzu Bracelet"],"campfire_rested":4,"item_purchase_floors":[10,21,21,28,39,39],"current_hp_per_floor":[80,80,80,80,80,50,74,74,74,74,74,72,72,70,70,16,80,80,80,64,64,48,72,78,80,80,80,80,50,56,53,53,7,80,54,59,59,59,59,24,51,72,72,54,54,42,85,71,71,70],"gold":249,"neow_bonus":"THREE_ENEMY_KILL","is_prod":false,"is_daily":false,"chose_seed":false,"campfire_upgraded":5,"win_rate":0,"timestamp":1543511566,"path_taken":["M","$","M","?","?","E","R","?","T","?","R","M","R","E","R","BOSS","M","M","M","$","?","R","M","R","T","R","$","?","M","M","R","BOSS","M","M","?","?","$","E","R","E","T","M","?","M","?","M","R","BOSS"],"build_version":"2018-11-15","purchased_purges":1,"victory":true,"max_hp_per_floor":[80,80,80,80,80,80,80,80,80,80,80,80,80,80,80,80,80,80,80,80,80,80,80,80,80,80,80,80,80,80,80,80,80,80,80,80,80,80,80,90,90,90,90,90,85,85,85,85,85,85],"card_choices":[{"not_picked":["Rupture","Clash","Dual Wield"],"picked":"SKIP","floor":1},{"not_picked":["Clash","Warcry","Iron Wave"],"picked":"SKIP","floor":3},{"not_picked":["Warcry","Searing Blow","Cleave"],"picked":"SKIP","floor":5},{"not_picked":["Shrug It Off","Battle Trance"],"picked":"Heavy Blade","floor":6},{"not_picked":["Corruption","Anger","Perfected Strike"],"picked":"SKIP","floor":12},{"not_picked":["Armaments","Rupture","Battle Trance"],"picked":"SKIP","floor":14},{"not_picked":["Barricade","Exhume"],"picked":"Limit Break","floor":16},{"not_picked":["Sever Soul","Pommel Strike","True Grit"],"picked":"SKIP","floor":18},{"not_picked":["Body Slam","Perfected Strike"],"picked":"Heavy Blade","floor":19},{"not_picked":["Anger","Warcry","Clash"],"picked":"SKIP","floor":20},{"not_picked":["Inflame","Headbutt+1"],"picked":"Flame Barrier","floor":24},{"not_picked":["Corruption+1","Bloodletting"],"picked":"Shrug It Off","floor":29},{"not_picked":["Perfected Strike+1","Iron Wave+1"],"picked":"Barricade","floor":30},{"not_picked":["Heavy Blade+1","Wild Strike+1"],"picked":"Pommel Strike+1","floor":31},{"not_picked":["Corruption","Havoc+1","Carnage+1"],"picked":"SKIP","floor":35},{"not_picked":["Flame Barrier","Twin Strike+1","Reckless Charge+1"],"picked":"SKIP","floor":36},{"not_picked":["Wild Strike+1","Warcry+1","Feed+1"],"picked":"SKIP","floor":40},{"not_picked":["Dropkick+1","Perfected Strike+1","Corruption"],"picked":"SKIP","floor":42},{"not_picked":["Entrench","Searing Blow+1","Reckless Charge+1"],"picked":"SKIP","floor":44},{"not_picked":["Iron Wave+1","Headbutt+1","Heavy Blade+1"],"picked":"SKIP","floor":46},{"not_picked":["Clash+1","Warcry+1"],"picked":"Metallicize","floor":47},{"not_picked":["Corruption","Feed+1","Warcry"],"picked":"SKIP","floor":48}],"player_experience":282441,"relics_obtained":[{"floor":6,"key":"Orichalcum"},{"floor":9,"key":"Whetstone"},{"floor":14,"key":"MawBank"},{"floor":22,"key":"Enchiridion"},{"floor":26,"key":"PreservedInsect"},{"floor":29,"key":"StoneCalendar"},{"floor":29,"key":"Letter Opener"},{"floor":40,"key":"Pear"},{"floor":42,"key":"Bronze Scales"},{"floor":43,"key":"Smiling Mask"},{"floor":47,"key":"Girya"}],"event_choices":[{"damage_healed":0,"gold_gain":0,"player_choice":"Forge","damage_taken":0,"max_hp_gain":0,"max_hp_loss":0,"event_name":"Accursed Blacksmith","floor":4,"gold_loss":0,"cards_upgraded":["Bash"]},{"cards_removed":["Strike_R"],"damage_healed":0,"gold_gain":0,"player_choice":"Purged","damage_taken":0,"max_hp_gain":0,"max_hp_loss":0,"event_name":"Purifier","floor":8,"gold_loss":0},{"damage_healed":0,"gold_gain":0,"player_choice":"Obtained Book","damage_taken":16,"max_hp_gain":0,"max_hp_loss":0,"event_name":"Cursed Tome","floor":22,"gold_loss":0},{"damage_healed":0,"gold_gain":0,"player_choice":"Fight","damage_taken":0,"max_hp_gain":0,"max_hp_loss":0,"event_name":"Colosseum","floor":29,"gold_loss":0},{"damage_healed":0,"gold_gain":0,"player_choice":"Fought Nobs","damage_taken":0,"max_hp_gain":0,"max_hp_loss":0,"event_name":"Colosseum","floor":29,"gold_loss":0},{"damage_healed":0,"gold_gain":0,"player_choice":"Ignored","damage_taken":0,"max_hp_gain":0,"max_hp_loss":0,"event_name":"Tomb of Lord Red Mask","floor":37,"gold_loss":0},{"cards_removed":["Shrug It Off"],"damage_healed":0,"gold_gain":0,"player_choice":"Removed Skill","damage_taken":0,"max_hp_gain":0,"max_hp_loss":0,"event_name":"Falling","floor":38,"gold_loss":0},{"damage_healed":0,"gold_gain":0,"player_choice":"Max HP","damage_taken":0,"max_hp_gain":0,"max_hp_loss":5,"event_name":"Winding Halls","floor":45,"gold_loss":0},{"damage_healed":0,"gold_gain":0,"player_choice":"Fight","damage_taken":0,"max_hp_gain":0,"max_hp_loss":0,"event_name":"Mysterious Sphere","floor":47,"gold_loss":0}],"is_beta":false,"boss_relics":[{"not_picked":["Pandora\u0027s Box","Tiny House"],"picked":"Astrolabe"},{"not_picked":["Fusion Hammer","Runic Dome"],"picked":"Runic Cube"}],"items_purged_floors":[2],"is_endless":false,"potions_floor_spawned":[1,6,14,20,24,30,31,33,35,40,42,48],"ascension_level":1}