{"gold_per_floor":[109,109,59,78,91,120,139,201,224,236,248,285,297],"floor_reached":13,"playtime":552,"items_purged":[],"score":105,"play_id":"fc8cfbd5-969c-4dda-aa4f-2c53737104de","local_time":"20190415235310","is_ascension_mode":true,"campfire_choices":[{"data":"Capacitor","floor":10,"key":"SMITH"}],"neow_cost":"NONE","seed_source_timestamp":523719962807900,"circlet_count":0,"master_deck":["Strike_B","Strike_B","Defend_B","Defend_B","Defend_B","Defend_B","Zap","Dualcast","Capacitor+1","Hologram","Coolheaded","Go for the Eyes","Consume","Buffer","Glacier"],"relics":["Sozu","Ice Cream","Tiny Chest","MawBank","Golden Idol"],"potions_floor_usage":[],"damage_taken":[{"damage":0,"enemies":"Cultist","floor":1,"turns":4},{"damage":0,"enemies":"2 Louse","floor":4,"turns":3},{"damage":7,"enemies":"Small Slimes","floor":5,"turns":4},{"damage":14,"enemies":"Lagavulin","floor":6,"turns":8},{"damage":0,"enemies":"Blue Slaver","floor":7,"turns":6},{"damage":33,"enemies":"Gremlin Nob","floor":8,"turns":5},{"damage":7,"enemies":"2 Fungi Beasts","floor":12,"turns":5},{"damage":10,"enemies":"Lots of Slimes","floor":13,"turns":1}],"seed_played":"6995544160351118894","potions_obtained":[],"is_trial":false,"path_per_floor":["M","?","?","M","M","E","M","E","T","R","?","M","M"],"character_chosen":"DEFECT","items_purchased":[],"campfire_rested":0,"item_purchase_floors":[],"current_hp_per_floor":[75,68,68,68,61,47,47,14,14,14,14,7,0],"gold":297,"neow_bonus":"BOSS_RELIC","is_prod":false,"is_daily":false,"chose_seed":false,"campfire_upgraded":1,"win_rate":0,"timestamp":1555365190,"path_taken":["M","?","?","M","M","E","M","E","T","R","?","M","M"],"build_version":"2019-01-23","purchased_purges":0,"victory":false,"max_hp_per_floor":[75,75,75,75,75,75,75,75,75,75,69,69,69],"card_choices":[{"not_picked":["Ball Lightning","Barrage"],"picked":"Capacitor","floor":1},{"not_picked":["Sweeping Beam","Go for the Eyes"],"picked":"Hologram","floor":4},{"not_picked":["Cold Snap","Sweeping Beam"],"picked":"Coolheaded","floor":5},{"not_picked":["Compile Driver","Redo"],"picked":"Go for the Eyes","floor":6},{"not_picked":["Genetic Algorithm","Compile Driver"],"picked":"Consume","floor":7},{"not_picked":["Leap","Beam Cell"],"picked":"Buffer","floor":8},{"not_picked":["Undo","Coolheaded"],"picked":"Glacier","floor":12}],"player_experience":481760,"relics_obtained":[{"floor":6,"key":"Ice Cream"},{"floor":8,"key":"Tiny Chest"},{"floor":9,"key":"MawBank"}],"event_choices":[{"cards_removed":["Strike_B"],"damage_healed":0,"gold_gain":0,"player_choice":"Card Removal","damage_taken":7,"max_hp_gain":0,"max_hp_loss":0,"event_name":"Golden Wing","floor":2,"gold_loss":0},{"cards_removed":["Strike_B"],"damage_healed":0,"gold_gain":0,"player_choice":"Card Removal","damage_taken":0,"max_hp_gain":0,"max_hp_loss":0,"event_name":"The Cleric","floor":3,"gold_loss":50},{"damage_healed":0,"gold_gain":0,"player_choice":"Lose Max HP","damage_taken":0,"relics_obtained":["Golden Idol"],"max_hp_gain":0,"max_hp_loss":6,"event_name":"Golden Idol","floor":11,"gold_loss":0}],"is_beta":false,"boss_relics":[],"items_purged_floors":[],"is_endless":false,"potions_floor_spawned":[1,7],"killed_by":"Lots of Slimes","ascension_level":2}