{"gold_per_floor":[113,188,199,199,199,226,71,81,81,113,113,132,146,176,176,275,275,260,270,270],"floor_reached":20,"playtime":1639,"items_purged":["Strike_R"],"score":229,"play_id":"92b385ee-b960-4c62-a0dc-2aa9ae835d37","local_time":"20190317142951","is_ascension_mode":true,"campfire_choices":[{"floor":15,"key":"REST"}],"neow_cost":"NONE","seed_source_timestamp":0,"circlet_count":0,"master_deck":["Strike_R+1","Strike_R","Strike_R","Strike_R","Defend_R","Defend_R","Defend_R+1","Defend_R","Bash","Bloodletting","Corruption","Rupture","Metallicize","Headbutt","Shrug It Off","Barricade","Regret","Doubt","Regret","Body Slam+1","Shrug It Off"],"special_seed":0,"relics":["Burning Blood","Ginger","Question Card","Mercury Hourglass","Darkstone Periapt","Calling Bell","Potion Belt","Paper Frog","Gambling Chip"],"potions_floor_usage":[18],"damage_taken":[{"damage":1,"enemies":"Jaw Worm","floor":1,"turns":5},{"damage":4,"enemies":"Cultist","floor":3,"turns":3},{"damage":35,"enemies":"3 Sentries","floor":6,"turns":12},{"damage":8,"enemies":"2 Louse","floor":8,"turns":3},{"damage":48,"enemies":"Lagavulin","floor":10,"turns":7},{"damage":13,"enemies":"2 Fungi Beasts","floor":12,"turns":4},{"damage":28,"enemies":"Exordium Thugs","floor":13,"turns":6},{"damage":32,"enemies":"3 Sentries","floor":14,"turns":7},{"damage":42,"enemies":"The Guardian","floor":16,"turns":14},{"damage":29,"enemies":"2 Thieves","floor":18,"turns":4},{"damage":22,"enemies":"Chosen","floor":19,"turns":7},{"damage":81,"enemies":"3 Cultists","floor":20,"turns":6}],"seed_played":"1933145984267544926","potions_obtained":[{"floor":1,"key":"Poison Potion"},{"floor":3,"key":"FairyPotion"},{"floor":10,"key":"Fire Potion"},{"floor":13,"key":"SkillPotion"}],"is_trial":false,"path_per_floor":["M","?","M","?","?","E","$","M","T","E","?","M","M","E","R","B",null,"M","M","M"],"character_chosen":"IRONCLAD","items_purchased":["Rupture"],"campfire_rested":1,"item_purchase_floors":[7],"current_hp_per_floor":[88,80,82,64,88,59,59,57,57,15,88,81,59,33,59,23,106,83,67,0],"gold":270,"neow_bonus":"TEN_PERCENT_HP_BONUS","is_prod":false,"is_daily":false,"chose_seed":false,"campfire_upgraded":0,"win_rate":0,"timestamp":1552854591,"path_taken":["M","?","?","?","?","E","$","M","T","E","?","M","M","E","R","BOSS","M","M","M"],"build_version":"2019-01-23","purchased_purges":1,"victory":false,"max_hp_per_floor":[88,88,88,88,88,88,88,88,88,88,88,88,88,88,88,88,106,106,106,106],"card_choices":[{"not_picked":["Anger","Infernal Blade"],"picked":"Bloodletting","floor":1},{"not_picked":["Whirlwind","Rampage"],"picked":"Corruption","floor":3},{"not_picked":["Evolve","Sever Soul"],"picked":"Uppercut","floor":6},{"not_picked":["Headbutt","Power Through","Body Slam"],"picked":"SKIP","floor":8},{"not_picked":["Dual Wield","Havoc","Twin Strike"],"picked":"Metallicize","floor":10},{"not_picked":["Uppercut","Whirlwind","Shockwave"],"picked":"Headbutt","floor":12},{"not_picked":["Heavy Blade","Clash","Wild Strike"],"picked":"Shrug It Off","floor":13},{"not_picked":["Body Slam","Sword Boomerang","Headbutt"],"picked":"Barricade","floor":14},{"not_picked":["Heavy Blade","Battle Trance","Dropkick"],"picked":"Body Slam+1","floor":18},{"not_picked":["Pommel Strike+1","Havoc+1","Armaments+1"],"picked":"Shrug It Off","floor":19}],"player_experience":233211,"relics_obtained":[{"floor":6,"key":"Ginger"},{"floor":9,"key":"Question Card"},{"floor":10,"key":"Mercury Hourglass"},{"floor":14,"key":"Darkstone Periapt"},{"floor":17,"key":"Potion Belt"},{"floor":17,"key":"Paper Frog"},{"floor":17,"key":"Gambling Chip"}],"event_choices":[{"damage_healed":0,"gold_gain":75,"player_choice":"Touch","damage_taken":8,"max_hp_gain":0,"max_hp_loss":0,"event_name":"FaceTrader","floor":2,"gold_loss":0},{"damage_healed":0,"gold_gain":0,"player_choice":"Entered Light","damage_taken":18,"max_hp_gain":0,"max_hp_loss":0,"event_name":"Shining Light","floor":4,"gold_loss":0,"cards_upgraded":["Defend_R","Strike_R"]},{"damage_healed":29,"gold_gain":0,"player_choice":"Banana","damage_taken":0,"max_hp_gain":0,"max_hp_loss":0,"event_name":"Big Fish","floor":5,"gold_loss":0},{"cards_removed":["Uppercut"],"damage_healed":73,"gold_gain":0,"player_choice":"Offered Uncommon","damage_taken":0,"max_hp_gain":0,"max_hp_loss":0,"event_name":"Bonfire Elementals","floor":11,"gold_loss":0}],"is_beta":false,"boss_relics":[{"not_picked":["Velvet Choker","Black Blood"],"picked":"Calling Bell"}],"items_purged_floors":[7],"is_endless":false,"potions_floor_spawned":[1,3,10,13],"killed_by":"3 Cultists","ascension_level":1}