{"gold_per_floor":[112,123,137,155,155,186,186,199,225,225,237,256,291,61,61,159,159,179,179,194,205,50,50,65,65,65,65,65,65,65,13,13,13],"floor_reached":33,"playtime":1067,"items_purged":[],"score":371,"play_id":"d4afefd8-acce-42f2-9fa5-84b8e45b86c8","local_time":"20190319123933","is_ascension_mode":true,"campfire_choices":[{"data":"Cloak And Dagger","floor":7,"key":"SMITH"},{"data":"Neutralize","floor":10,"key":"SMITH"},{"data":"A Thousand Cuts","floor":15,"key":"SMITH"},{"floor":23,"key":"REST"},{"floor":28,"key":"REST"},{"floor":32,"key":"REST"}],"neow_cost":"NONE","seed_source_timestamp":262851815040790,"circlet_count":0,"master_deck":["Defend_G+1","Defend_G+1","Defend_G+1","Defend_G+1","Defend_G+1","Survivor","Neutralize+1","Flying Knee","Cloak And Dagger+1","Dagger Throw","Backstab","Well Laid Plans","Flying Knee","Terror","Deadly Poison","Flying Knee","A Thousand Cuts+1","Envenom","Acrobatics","Bite","Bite","Bite","Bite","Bite","Quick Slash","Quick Slash","Reflex","Flying Knee+1","Ghostly","Ghostly","Ghostly","Ghostly","Ghostly","Acrobatics"],"relics":["Ring of the Snake","Letter Opener","Juzu Bracelet","HoveringKite","Shuriken","Enchiridion"],"potions_floor_usage":[1,6,18,21,33,33,33],"damage_taken":[{"damage":1,"enemies":"Cultist","floor":1,"turns":4},{"damage":4,"enemies":"Small Slimes","floor":2,"turns":3},{"damage":1,"enemies":"Jaw Worm","floor":3,"turns":4},{"damage":8,"enemies":"Looter","floor":4,"turns":3},{"damage":15,"enemies":"Lagavulin","floor":6,"turns":5},{"damage":0,"enemies":"Exordium Wildlife","floor":8,"turns":2},{"damage":0,"enemies":"2 Fungi Beasts","floor":11,"turns":3},{"damage":1,"enemies":"Large Slime","floor":12,"turns":5},{"damage":15,"enemies":"Gremlin Nob","floor":13,"turns":4},{"damage":9,"enemies":"The Guardian","floor":16,"turns":8},{"damage":13,"enemies":"Spheric Guardian","floor":18,"turns":4},{"damage":40,"enemies":"Shell Parasite","floor":20,"turns":6},{"damage":18,"enemies":"Sentry and Sphere","floor":21,"turns":4},{"damage":35,"enemies":"Snake Plant","floor":24,"turns":5},{"damage":47,"enemies":"Collector","floor":33,"turns":3}],"seed_played":"1719735528883342120","potions_obtained":[{"floor":0,"key":"Swift Potion"},{"floor":0,"key":"Ancient Potion"},{"floor":0,"key":"Fruit Juice"},{"floor":3,"key":"SteroidPotion"},{"floor":8,"key":"Energy Potion"},{"floor":16,"key":"AttackPotion"},{"floor":24,"key":"SteroidPotion"}],"is_trial":false,"path_per_floor":["M","M","M","M","?","E","R","M","T","R","M","M","E","$","R","B",null,"M","?","M","M","$","R","M","?","T","?","R","?","?","$","R","B"],"character_chosen":"THE_SILENT","items_purchased":["Deadly Poison","Flying Knee","A Thousand Cuts","Reflex","Regen Potion","Acrobatics"],"campfire_rested":3,"item_purchase_floors":[14,14,14,22,22,31],"current_hp_per_floor":[74,70,69,61,61,46,46,46,46,46,48,49,36,36,36,29,75,62,62,38,28,28,50,23,9,9,9,33,17,17,17,29,0],"gold":13,"neow_bonus":"THREE_SMALL_POTIONS","is_prod":false,"is_daily":false,"chose_seed":false,"campfire_upgraded":3,"win_rate":0,"timestamp":1553024373,"path_taken":["M","M","?","M","?","E","R","M","T","R","M","M","E","$","R","BOSS","M","?","M","M","$","R","M","?","T","?","R","?","?","?","R","BOSS"],"build_version":"2019-01-23","purchased_purges":0,"victory":false,"max_hp_per_floor":[75,75,75,75,75,75,75,75,75,75,75,75,75,75,75,75,75,75,75,75,75,75,75,75,80,80,80,80,80,40,40,40,40],"card_choices":[{"not_picked":["Slice","Outmaneuver"],"picked":"Flying Knee","floor":1},{"not_picked":["Outmaneuver","Underhanded Strike"],"picked":"Cloak And Dagger","floor":2},{"not_picked":["Burst","Tactician"],"picked":"Dagger Throw","floor":3},{"not_picked":["Slice","Catalyst"],"picked":"Backstab","floor":4},{"not_picked":["Finisher","Dodge and Roll"],"picked":"Well Laid Plans","floor":6},{"not_picked":["Quick Slash","Cloak And Dagger","Blade Dance"],"picked":"SKIP","floor":8},{"not_picked":["Deadly Poison","Quick Slash","Outmaneuver"],"picked":"SKIP","floor":11},{"not_picked":["Setup","Backflip"],"picked":"Flying Knee","floor":12},{"not_picked":["Masterful Stab","Poisoned Stab"],"picked":"Terror","floor":13},{"not_picked":["Corpse Explosion","Venomology"],"picked":"Envenom","floor":16},{"not_picked":["Well Laid Plans","Outmaneuver"],"picked":"Acrobatics","floor":18},{"not_picked":["Infinite Blades","Deflect"],"picked":"Quick Slash","floor":20},{"not_picked":["Sucker Punch","Dagger Throw"],"picked":"Quick Slash","floor":21},{"not_picked":["Cloak And Dagger","Well Laid Plans"],"picked":"Flying Knee+1","floor":24}],"player_experience":48458,"relics_obtained":[{"floor":6,"key":"Letter Opener"},{"floor":9,"key":"Blood Vial"},{"floor":13,"key":"Juzu Bracelet"},{"floor":26,"key":"Shuriken"},{"floor":29,"key":"Enchiridion"}],"event_choices":[{"cards_removed":["Strike_G"],"damage_healed":0,"gold_gain":0,"player_choice":"Offered Basic","damage_taken":0,"max_hp_gain":0,"max_hp_loss":0,"event_name":"Bonfire Elementals","floor":5,"gold_loss":0},{"damage_healed":0,"gold_gain":0,"player_choice":"Became a vampire (Vial)","damage_taken":0,"max_hp_gain":0,"max_hp_loss":0,"event_name":"Vampires","floor":19,"relics_lost":["Blood Vial"],"gold_loss":0,"cards_obtained":["Bite","Bite","Bite","Bite","Bite"]},{"damage_healed":0,"gold_gain":0,"player_choice":"Shed Blood","damage_taken":19,"max_hp_gain":5,"max_hp_loss":0,"event_name":"Forgotten Altar","floor":25,"gold_loss":0},{"damage_healed":0,"gold_gain":0,"player_choice":"Simplicity","damage_taken":0,"max_hp_gain":0,"max_hp_loss":0,"event_name":"Back to Basics","floor":27,"gold_loss":0,"cards_upgraded":["Defend_G","Defend_G","Defend_G","Defend_G","Defend_G"]},{"damage_healed":0,"gold_gain":0,"player_choice":"Obtained Book","damage_taken":16,"max_hp_gain":0,"max_hp_loss":0,"event_name":"Cursed Tome","floor":29,"gold_loss":0},{"damage_healed":0,"gold_gain":0,"player_choice":"Became a Ghost","damage_taken":0,"max_hp_gain":0,"max_hp_loss":40,"event_name":"Ghosts","floor":30,"gold_loss":0,"cards_obtained":["Ghostly","Ghostly","Ghostly","Ghostly","Ghostly"]}],"is_beta":false,"boss_relics":[{"not_picked":["Runic Pyramid","Pandora\u0027s Box"],"picked":"HoveringKite"}],"items_purged_floors":[],"is_endless":false,"potions_floor_spawned":[3,8,11,16,24],"killed_by":"Collector","ascension_level":3}