{"gold_per_floor":[115,115,134,148,148,166,182,241,241,42,42,2,36,53,53,153,153,169,169,15,15,15,15,49,49,49,49,69,84,97,129,129,227,227,243,243],"floor_reached":36,"playtime":2689,"items_purged":["Strike_G"],"score":511,"play_id":"d6cd7407-1922-4171-9a59-22c73b565947","local_time":"20190312192128","is_ascension_mode":true,"campfire_choices":[{"data":"Dagger Spray","floor":11,"key":"SMITH"},{"data":"Footwork","floor":15,"key":"SMITH"},{"data":"Footwork","floor":23,"key":"SMITH"},{"data":"Dodge and Roll","floor":25,"key":"SMITH"},{"data":"Malaise","floor":27,"key":"SMITH"},{"data":"After Image","floor":32,"key":"SMITH"}],"neow_cost":"NONE","seed_source_timestamp":32621427800734,"circlet_count":0,"master_deck":["Defend_G+1","Defend_G+1","Defend_G+1","Defend_G+1","Strike_G+1","Strike_G+1","Strike_G+1","Strike_G+1","Survivor","Neutralize+1","Dagger Throw","PiercingWail","Dagger Spray+1","Dash","Deadly Poison","Caltrops","Endless Agony","Footwork+1","Heel Hook+1","Adrenaline","Dodge and Roll+1","Footwork+1","Malaise+1","Deadly Poison","Blur","Sucker Punch+1","After Image+1","Envenom"],"relics":["Ring of the Snake","Tiny Chest","Dodecahedron","Sling","Molten Egg 2","Eternal Feather","Bag of Preparation","Oddly Smooth Stone","Strawberry","Black Star"],"potions_floor_usage":[8,13,16,16,18,30,33,36,36],"damage_taken":[{"damage":9,"enemies":"Jaw Worm","floor":1,"turns":4},{"damage":0,"enemies":"Cultist","floor":3,"turns":3},{"damage":0,"enemies":"Small Slimes","floor":4,"turns":4},{"damage":2,"enemies":"Looter","floor":6,"turns":3},{"damage":0,"enemies":"3 Louse","floor":7,"turns":4},{"damage":14,"enemies":"3 Sentries","floor":8,"turns":5},{"damage":16,"enemies":"Gremlin Nob","floor":13,"turns":3},{"damage":4,"enemies":"Blue Slaver","floor":14,"turns":4},{"damage":0,"enemies":"Slime Boss","floor":16,"turns":8},{"damage":2,"enemies":"2 Thieves","floor":18,"turns":2},{"damage":15,"enemies":"Colosseum Slavers","floor":19,"turns":8},{"damage":17,"enemies":"Gremlin Leader","floor":24,"turns":10},{"damage":0,"enemies":"Shell Parasite","floor":28,"turns":5},{"damage":0,"enemies":"Snake Plant","floor":29,"turns":4},{"damage":0,"enemies":"3 Cultists","floor":30,"turns":5},{"damage":0,"enemies":"Book of Stabbing","floor":31,"turns":5},{"damage":37,"enemies":"Champ","floor":33,"turns":21},{"damage":0,"enemies":"3 Darklings","floor":35,"turns":7},{"damage":85,"enemies":"2 Orb Walkers","floor":36,"turns":6}],"seed_played":"5885087282139010366","potions_obtained":[{"floor":3,"key":"Explosive Potion"},{"floor":4,"key":"GamblersBrew"},{"floor":6,"key":"Strength Potion"},{"floor":8,"key":"SteroidPotion"},{"floor":14,"key":"Explosive Potion"},{"floor":16,"key":"Explosive Potion"},{"floor":24,"key":"Swift Potion"},{"floor":28,"key":"Explosive Potion"},{"floor":30,"key":"Weak Potion"}],"is_trial":false,"path_per_floor":["M","?","M","M","?","M","M","E","T","$","R","$","E","M","R","B",null,"M","?","$","?","?","R","E","R","T","R","M","M","M","E","R","B",null,"M","?"],"character_chosen":"THE_SILENT","items_purchased":["Sling","Endless Agony","Footwork"],"campfire_rested":0,"item_purchase_floors":[10,12,20],"current_hp_per_floor":[61,70,70,70,70,68,68,54,54,54,54,54,38,34,34,34,70,68,53,53,53,53,65,48,60,60,70,70,70,70,77,77,40,77,77,0],"gold":243,"neow_bonus":"REMOVE_CARD","is_prod":false,"is_daily":false,"chose_seed":false,"campfire_upgraded":6,"win_rate":0,"timestamp":1552414888,"path_taken":["M","?","?","M","?","M","M","E","T","?","R","$","E","M","R","BOSS","M","?","$","?","?","R","E","R","T","R","M","M","?","E","R","BOSS","M","?"],"build_version":"2019-01-23","purchased_purges":1,"victory":false,"max_hp_per_floor":[70,70,70,70,70,70,70,70,70,70,70,70,70,70,70,70,70,70,70,70,70,70,70,70,70,70,70,70,70,70,77,77,77,77,77,77],"card_choices":[{"not_picked":["Underhanded Strike","Setup"],"picked":"Dagger Throw","floor":1},{"not_picked":["Heel Hook","Bane"],"picked":"PiercingWail","floor":3},{"not_picked":["Dagger Throw","Quick Slash"],"picked":"Dagger Spray","floor":4},{"not_picked":["PiercingWail","Dagger Throw"],"picked":"Dash","floor":6},{"not_picked":["Outmaneuver","Flying Knee"],"picked":"Deadly Poison","floor":7},{"not_picked":["Bouncing Flask","Choke"],"picked":"Caltrops","floor":8},{"not_picked":["Dagger Spray","All Out Attack"],"picked":"Footwork","floor":13},{"not_picked":["Outmaneuver","Calculated Gamble"],"picked":"Heel Hook+1","floor":14},{"not_picked":["Night Terror","Doppelganger"],"picked":"Adrenaline","floor":16},{"not_picked":["Calculated Gamble","Underhanded Strike+1"],"picked":"Dodge and Roll","floor":18},{"not_picked":["Endless Agony+1","Setup"],"picked":"Malaise","floor":24},{"not_picked":["Infinite Blades+1","Bouncing Flask"],"picked":"Deadly Poison","floor":28},{"not_picked":["Quick Slash+1","Poisoned Stab+1"],"picked":"Blur","floor":29},{"not_picked":["Cloak And Dagger+1","Accuracy"],"picked":"Sucker Punch+1","floor":30},{"not_picked":["Backstab+1","Dagger Spray+1"],"picked":"After Image","floor":31},{"not_picked":["Doppelganger","Wraith Form v2"],"picked":"Envenom","floor":33},{"not_picked":["Riddle With Holes+1","Quick Slash+1","Underhanded Strike+1"],"picked":"SKIP","floor":35}],"player_experience":143309,"relics_obtained":[{"floor":8,"key":"Tiny Chest"},{"floor":9,"key":"Dodecahedron"},{"floor":13,"key":"Molten Egg 2"},{"floor":24,"key":"Bag of Preparation"},{"floor":26,"key":"Oddly Smooth Stone"},{"floor":31,"key":"Strawberry"}],"event_choices":[{"damage_healed":9,"gold_gain":0,"player_choice":"Full Heal","damage_taken":0,"max_hp_gain":0,"max_hp_loss":0,"event_name":"Wheel of Change","floor":2,"gold_loss":0},{"damage_healed":0,"gold_gain":0,"player_choice":"Grow","damage_taken":0,"max_hp_gain":0,"max_hp_loss":0,"event_name":"Living Wall","floor":5,"gold_loss":0,"cards_upgraded":["Neutralize"]},{"damage_healed":0,"gold_gain":0,"player_choice":"Fight","damage_taken":0,"max_hp_gain":0,"max_hp_loss":0,"event_name":"Colosseum","floor":19,"gold_loss":0},{"damage_healed":0,"gold_gain":0,"player_choice":"Fled From Nobs","damage_taken":0,"max_hp_gain":0,"max_hp_loss":0,"event_name":"Colosseum","floor":19,"gold_loss":0},{"damage_healed":0,"gold_gain":0,"player_choice":"Simplicity","damage_taken":0,"max_hp_gain":0,"max_hp_loss":0,"event_name":"Back to Basics","floor":21,"gold_loss":0,"cards_upgraded":["Defend_G","Defend_G","Defend_G","Defend_G","Strike_G","Strike_G","Strike_G","Strike_G"]},{"damage_healed":0,"gold_gain":0,"player_choice":"Ignored","damage_taken":0,"max_hp_gain":0,"max_hp_loss":0,"event_name":"The Mausoleum","floor":22,"gold_loss":0},{"damage_healed":0,"gold_gain":0,"player_choice":"Fight","damage_taken":0,"max_hp_gain":0,"max_hp_loss":0,"event_name":"Mysterious Sphere","floor":36,"gold_loss":0}],"is_beta":false,"boss_relics":[{"not_picked":["Ectoplasm","Coffee Dripper"],"picked":"Eternal Feather"},{"not_picked":["Fusion Hammer","Lizard Tail"],"picked":"Black Star"}],"items_purged_floors":[20],"is_endless":false,"potions_floor_spawned":[3,4,6,8,14,16,24,28,29,30],"killed_by":"2 Orb Walkers","ascension_level":1}