{"gold_per_floor":[115,115,132,132,147,191,191,225,225,244,264,264,294,314,314,413,413,408,408,507,526,52,91,105,136,160,185,185,185,200,216,216,311,311,332,350,45,70,83,83],"floor_reached":40,"playtime":3032,"items_purged":["Strike_R"],"score":794,"play_id":"f7d92957-adbc-4123-9bcf-af0fb10a3510","local_time":"20190302220742","is_ascension_mode":true,"campfire_choices":[{"floor":7,"key":"REST"},{"floor":15,"key":"REST"},{"data":"Barricade","floor":29,"key":"SMITH"},{"floor":32,"key":"REST"}],"neow_cost":"NONE","seed_source_timestamp":699116480192241,"circlet_count":0,"master_deck":["AscendersBane","Bash","Thunderclap","Disarm","Shockwave","Inflame","Cleave","Pummel","Impervious","Cleave","Barricade+1","Shrug It Off+1","Pummel","Offering","Sword Boomerang+1","Inflame","Inflame","Spot Weakness","Demon Form","Dropkick","Evolve","Rampage","Clash","Perfected Strike","Power Through","Flex","Entrench+1","Reaper"],"relics":["Burning Blood","Golden Idol","Red Skull","Ornamental Fan","Mercury Hourglass","Velvet Choker","The Courier","Bag of Preparation","PreservedInsect","Happy Flower","Bronze Scales","Art of War","Blood Vial","Pandora\u0027s Box","Orichalcum","Omamori"],"potions_floor_usage":[6,16,18,25,39],"damage_taken":[{"damage":0,"enemies":"Small Slimes","floor":1,"turns":3},{"damage":9,"enemies":"Jaw Worm","floor":3,"turns":5},{"damage":14,"enemies":"2 Louse","floor":5,"turns":5},{"damage":41,"enemies":"3 Sentries","floor":6,"turns":10},{"damage":32,"enemies":"Gremlin Nob","floor":8,"turns":4},{"damage":4,"enemies":"Looter","floor":10,"turns":3},{"damage":12,"enemies":"Exordium Wildlife","floor":11,"turns":3},{"damage":0,"enemies":"3 Louse","floor":14,"turns":2},{"damage":30,"enemies":"Slime Boss","floor":16,"turns":8},{"damage":7,"enemies":"2 Thieves","floor":18,"turns":4},{"damage":4,"enemies":"Chosen","floor":21,"turns":4},{"damage":0,"enemies":"Gremlin Leader","floor":23,"turns":3},{"damage":12,"enemies":"Shelled Parasite and Fungi","floor":24,"turns":4},{"damage":16,"enemies":"Book of Stabbing","floor":25,"turns":3},{"damage":8,"enemies":"3 Cultists","floor":27,"turns":3},{"damage":3,"enemies":"Cultist and Chosen","floor":30,"turns":4},{"damage":13,"enemies":"Snake Plant","floor":31,"turns":4},{"damage":56,"enemies":"Collector","floor":33,"turns":10},{"damage":6,"enemies":"Orb Walker","floor":35,"turns":4},{"damage":3,"enemies":"3 Shapes","floor":36,"turns":7},{"damage":57,"enemies":"3 Darklings","floor":38,"turns":4},{"damage":50,"enemies":"Sphere and 2 Shapes","floor":39,"turns":8},{"damage":41,"enemies":"Giant Head","floor":40,"turns":7}],"seed_played":"-6143542912289157970","potions_obtained":[{"floor":1,"key":"EssenceOfSteel"},{"floor":5,"key":"SteroidPotion"},{"floor":10,"key":"PowerPotion"},{"floor":16,"key":"Block Potion"},{"floor":24,"key":"SteroidPotion"},{"floor":27,"key":"Dexterity Potion"},{"floor":33,"key":"SteroidPotion"},{"floor":38,"key":"PowerPotion"}],"is_trial":false,"path_per_floor":["M","?","M","?","M","E","R","E","T","M","M","?","?","M","R","B",null,"M","?","?","M","$","E","M","E","T","M","$","R","M","M","R","B",null,"M","M","$","M","M","E"],"character_chosen":"IRONCLAD","items_purchased":["Bag of Preparation","Pummel","PreservedInsect","Happy Flower","Orichalcum","Omamori","Reaper"],"campfire_rested":3,"item_purchase_floors":[22,22,22,22,37,37,37],"current_hp_per_floor":[81,81,78,58,50,15,39,13,13,15,9,9,9,15,39,15,65,64,64,64,66,66,72,66,56,56,56,56,56,61,56,80,32,70,72,77,77,58,37,0],"gold":83,"neow_bonus":"TEN_PERCENT_HP_BONUS","is_prod":false,"is_daily":false,"chose_seed":false,"campfire_upgraded":1,"win_rate":0,"timestamp":1551564462,"path_taken":["M","?","M","?","M","E","R","E","T","?","M","?","?","M","R","BOSS","M","?","?","M","$","E","M","E","T","M","?","R","M","M","R","BOSS","M","M","$","M","M","E"],"build_version":"2019-01-23","purchased_purges":1,"victory":false,"max_hp_per_floor":[82,82,82,82,82,82,82,82,82,82,82,82,82,82,82,82,82,82,82,82,82,82,82,82,82,82,82,82,82,82,82,82,82,82,82,82,82,82,82,82],"card_choices":[{"not_picked":["Metallicize","True Grit"],"picked":"Thunderclap","floor":1},{"not_picked":["Rupture","True Grit"],"picked":"Shockwave","floor":3},{"not_picked":["Metallicize","Dropkick"],"picked":"Inflame","floor":5},{"not_picked":["Twin Strike","Wild Strike"],"picked":"Cleave","floor":6},{"not_picked":["Thunderclap","Rupture","Metallicize"],"picked":"SKIP","floor":8},{"not_picked":["True Grit","Metallicize"],"picked":"Pummel","floor":10},{"not_picked":["Havoc","Clothesline"],"picked":"Impervious","floor":11},{"not_picked":["Anger","Heavy Blade"],"picked":"Cleave","floor":14},{"not_picked":["Fiend Fire","Impervious"],"picked":"Barricade","floor":16},{"not_picked":["Iron Wave","Cleave"],"picked":"Shrug It Off+1","floor":18},{"not_picked":["Warcry","Feel No Pain","Clash+1"],"picked":"SKIP","floor":21},{"not_picked":["Rupture","Cleave+1"],"picked":"Offering","floor":23},{"not_picked":["Feel No Pain","Shrug It Off"],"picked":"Sword Boomerang+1","floor":24},{"not_picked":["Body Slam","Juggernaut"],"picked":"Inflame","floor":25},{"not_picked":["Carnage","Headbutt"],"picked":"Inflame","floor":27},{"not_picked":["Perfected Strike","Anger"],"picked":"Spot Weakness","floor":30},{"not_picked":["True Grit","Clash","Spot Weakness"],"picked":"SKIP","floor":31},{"not_picked":["Offering","Berserk"],"picked":"Demon Form","floor":33},{"not_picked":["Headbutt+1","Burning Pact"],"picked":"Entrench+1","floor":35},{"not_picked":["Pommel Strike","Shockwave+1","Bloodletting"],"picked":"SKIP","floor":36},{"not_picked":["Warcry","Perfected Strike","Power Through+1"],"picked":"SKIP","floor":38},{"not_picked":["Corruption","Headbutt","Fire Breathing+1"],"picked":"SKIP","floor":39}],"player_experience":1499088,"relics_obtained":[{"floor":6,"key":"Red Skull"},{"floor":8,"key":"Ornamental Fan"},{"floor":9,"key":"Mercury Hourglass"},{"floor":23,"key":"Bronze Scales"},{"floor":25,"key":"Art of War"},{"floor":26,"key":"Blood Vial"}],"event_choices":[{"damage_healed":0,"gold_gain":0,"cards_transformed":["Strike_R"],"player_choice":"Change","damage_taken":0,"max_hp_gain":0,"max_hp_loss":0,"event_name":"Living Wall","floor":2,"gold_loss":0,"cards_obtained":["Disarm"]},{"damage_healed":0,"gold_gain":0,"player_choice":"Take Damage","damage_taken":20,"relics_obtained":["Golden Idol"],"max_hp_gain":0,"max_hp_loss":0,"event_name":"Golden Idol","floor":4,"gold_loss":0},{"damage_healed":0,"gold_gain":0,"player_choice":"Ignored","damage_taken":0,"max_hp_gain":0,"max_hp_loss":0,"event_name":"Liars Game","floor":12,"gold_loss":0},{"damage_healed":0,"gold_gain":30,"player_choice":"Searched \u00271\u0027 times","damage_taken":0,"max_hp_gain":0,"max_hp_loss":0,"event_name":"Dead Adventurer","floor":13,"gold_loss":0},{"damage_healed":0,"gold_gain":0,"player_choice":"Opened","damage_taken":0,"relics_obtained":["The Courier"],"max_hp_gain":0,"max_hp_loss":0,"event_name":"The Mausoleum","floor":19,"gold_loss":0},{"damage_healed":0,"gold_gain":99,"player_choice":"Stole From Cult","damage_taken":0,"max_hp_gain":0,"max_hp_loss":0,"event_name":"Nest","floor":20,"gold_loss":0}],"is_beta":false,"boss_relics":[{"not_picked":["Lizard Tail","Snecko Eye"],"picked":"Velvet Choker"},{"not_picked":["Black Star","Philosopher\u0027s Stone"],"picked":"Pandora\u0027s Box"}],"items_purged_floors":[22],"is_endless":false,"potions_floor_spawned":[1,5,10,14,16,24,27,31,33,38],"killed_by":"Giant Head","ascension_level":14}