{"gold_per_floor":[17,17,17,31,31,31,46,46,46,46,78,89,109,124,124,227,227,242,255,255,255,255,255,180,180,260,260,260],"floor_reached":28,"playtime":708,"items_purged":[],"score":252,"play_id":"5aac4309-e925-4722-9318-89e8dd0504f8","local_time":"20181223212301","is_ascension_mode":true,"campfire_choices":[{"floor":6,"key":"REST"},{"data":"Echo Form","floor":8,"key":"SMITH"},{"data":"Loop","floor":10,"key":"SMITH"},{"floor":15,"key":"REST"},{"data":"Lockon","floor":23,"key":"SMITH"},{"data":"Tempest","floor":25,"key":"SMITH"},{"floor":27,"key":"RECALL"}],"neow_cost":"NO_GOLD","seed_source_timestamp":14974215477073,"circlet_count":0,"master_deck":["Defend_B+1","Defend_B+1","Defend_B+1","Zap","Dualcast","Echo Form+1","Gash","Loop+1","Gash","Tempest+1","Gash","Rebound","Lockon+1","Seek","Redo","Leap+1","Bite","Bite","Bite","Bite","Bite"],"relics":["Cracked Core","FossilizedHelix","Art of War","Eternal Feather","MutagenicStrength"],"potions_floor_usage":[4,11,12,13,28],"damage_taken":[{"damage":10,"enemies":"Small Slimes","floor":1,"turns":2},{"damage":11,"enemies":"2 Louse","floor":4,"turns":3},{"damage":2,"enemies":"Jaw Worm","floor":7,"turns":3},{"damage":8,"enemies":"Lagavulin","floor":11,"turns":5},{"damage":9,"enemies":"2 Fungi Beasts","floor":12,"turns":3},{"damage":0,"enemies":"Looter","floor":13,"turns":2},{"damage":13,"enemies":"Exordium Thugs","floor":14,"turns":4},{"damage":41,"enemies":"Hexaghost","floor":16,"turns":7},{"damage":8,"enemies":"Chosen","floor":18,"turns":5},{"damage":20,"enemies":"Spheric Guardian","floor":19,"turns":4},{"damage":79,"enemies":"Gremlin Leader","floor":28,"turns":4}],"seed_played":"-3806459036964665143","potions_obtained":[{"floor":1,"key":"PowerPotion"},{"floor":7,"key":"FocusPotion"},{"floor":11,"key":"FocusPotion"},{"floor":12,"key":"PowerPotion"},{"floor":19,"key":"SteroidPotion"}],"is_trial":false,"path_per_floor":["M","?","?","M","?","R","M","R","T","R","E","M","M","M","R","B",null,"M","M","?","?","?","R","?","R","T","R","E"],"character_chosen":"DEFECT","items_purchased":[],"campfire_rested":2,"item_purchase_floors":[],"current_hp_per_floor":[65,65,53,42,42,64,62,62,62,62,56,49,51,40,62,23,75,67,49,49,49,49,61,61,73,73,75,0],"gold":260,"neow_bonus":"THREE_RARE_CARDS","is_prod":false,"is_daily":false,"chose_seed":false,"campfire_upgraded":4,"win_rate":0,"timestamp":1545628981,"path_taken":["M","?","?","M","?","R","M","R","T","R","E","M","M","M","R","BOSS","M","M","?","?","?","R","?","R","T","R","E"],"build_version":"2018-12-20","purchased_purges":0,"victory":false,"max_hp_per_floor":[75,75,75,75,75,75,75,75,75,75,75,75,75,75,75,75,75,75,75,75,75,75,75,75,75,75,75,75],"card_choices":[{"not_picked":["Creative AI","Core Surge"],"picked":"Echo Form","floor":0},{"not_picked":["Coolheaded","Steam"],"picked":"Gash","floor":1},{"not_picked":["Compile Driver","Steam"],"picked":"Loop","floor":4},{"not_picked":["Conserve Battery","Steam Power"],"picked":"Gash","floor":7},{"not_picked":["Stack","Ball Lightning"],"picked":"Tempest","floor":11},{"not_picked":["Hyperbeam","Leap"],"picked":"Gash","floor":12},{"not_picked":["Hologram","Reprogram"],"picked":"Rebound","floor":13},{"not_picked":["Storm","Go for the Eyes"],"picked":"Lockon","floor":14},{"not_picked":["Creative AI","Meteor Strike"],"picked":"Seek","floor":16},{"not_picked":["Heatsinks","Beam Cell"],"picked":"Redo","floor":18},{"not_picked":["Streamline","Beam Cell"],"picked":"Leap+1","floor":19}],"player_experience":314471,"relics_obtained":[{"floor":9,"key":"Blood Vial"},{"floor":11,"key":"Art of War"}],"event_choices":[{"damage_healed":0,"gold_gain":0,"player_choice":"Ignored","damage_taken":0,"max_hp_gain":0,"max_hp_loss":0,"event_name":"Golden Idol","floor":2,"gold_loss":0},{"damage_healed":0,"gold_gain":0,"player_choice":"Success","damage_taken":12,"relics_obtained":["FossilizedHelix"],"max_hp_gain":0,"max_hp_loss":0,"event_name":"Scrap Ooze","floor":3,"gold_loss":0},{"damage_healed":0,"gold_gain":0,"player_choice":"Leave","damage_taken":0,"max_hp_gain":0,"max_hp_loss":0,"event_name":"The Cleric","floor":5,"gold_loss":0},{"damage_healed":0,"gold_gain":0,"player_choice":"Became a vampire (Vial)","damage_taken":0,"max_hp_gain":0,"max_hp_loss":0,"event_name":"Vampires","floor":20,"relics_lost":["Blood Vial"],"gold_loss":0,"cards_obtained":["Bite","Bite","Bite","Bite","Bite"]},{"damage_healed":0,"gold_gain":0,"player_choice":"Inject Mutagens","damage_taken":0,"relics_obtained":["MutagenicStrength"],"max_hp_gain":0,"max_hp_loss":0,"event_name":"Drug Dealer","floor":21,"gold_loss":0},{"damage_healed":0,"gold_gain":0,"player_choice":"Simplicity","damage_taken":0,"max_hp_gain":0,"max_hp_loss":0,"event_name":"Back to Basics","floor":22,"gold_loss":0,"cards_upgraded":["Defend_B","Defend_B","Defend_B","Defend_B"]},{"cards_removed":["Defend_B"],"damage_healed":0,"gold_gain":0,"player_choice":"Gave Gold","damage_taken":0,"max_hp_gain":0,"max_hp_loss":0,"event_name":"Beggar","floor":24,"gold_loss":75}],"is_beta":false,"boss_relics":[{"not_picked":["Philosopher\u0027s Stone","Pandora\u0027s Box"],"picked":"Eternal Feather"}],"items_purged_floors":[],"is_endless":false,"potions_floor_spawned":[1,7,11,12,19],"killed_by":"Gremlin Leader","ascension_level":1}