{"gold_per_floor":[115,115,128,16,35,70,70,105,105,105,119,119],"floor_reached":12,"playtime":412,"items_purged":["Strike_R"],"score":92,"play_id":"38fbd458-2a6c-4b5f-b6e2-7aa61d585e09","local_time":"20190503184953","is_ascension_mode":true,"campfire_choices":[{"data":"Heavy Blade","floor":7,"key":"SMITH"}],"neow_cost":"NONE","seed_source_timestamp":32664759210954,"circlet_count":0,"master_deck":["Strike_R","Strike_R","Strike_R","Strike_R","Defend_R","Defend_R","Defend_R","Defend_R","Bash","Limit Break","Headbutt","Inflame","Cleave","Heavy Blade+1","Flex","Decay","Flame Barrier"],"relics":["Burning Blood","Golden Idol","Blood Vial","Turnip","The Courier"],"potions_floor_usage":[12],"damage_taken":[{"damage":5,"enemies":"Cultist","floor":1,"turns":4},{"damage":3,"enemies":"Small Slimes","floor":3,"turns":3},{"damage":3,"enemies":"2 Louse","floor":5,"turns":3},{"damage":22,"enemies":"3 Sentries","floor":6,"turns":5},{"damage":53,"enemies":"Lagavulin","floor":8,"turns":8},{"damage":14,"enemies":"Blue Slaver","floor":11,"turns":2},{"damage":18,"enemies":"Gremlin Nob","floor":12,"turns":2}],"seed_played":"-5067924130491446981","potions_obtained":[{"floor":8,"key":"Dexterity Potion"},{"floor":11,"key":"Fire Potion"}],"is_trial":false,"path_per_floor":["M","?","M","$","M","E","R","E","T","?","M","E"],"character_chosen":"IRONCLAD","items_purchased":["Inflame"],"campfire_rested":0,"item_purchase_floors":[4],"current_hp_per_floor":[80,74,74,74,74,58,58,13,13,13,7,0],"gold":119,"neow_bonus":"ONE_RANDOM_RARE_CARD","is_prod":false,"is_daily":false,"chose_seed":false,"campfire_upgraded":1,"win_rate":0,"timestamp":1556902193,"path_taken":["M","?","M","$","M","E","R","E","T","?","M","E"],"build_version":"2019-01-23","purchased_purges":1,"victory":false,"max_hp_per_floor":[80,74,74,74,74,74,74,74,74,74,74,74],"card_choices":[{"not_picked":["Anger","Iron Wave"],"picked":"Headbutt","floor":1},{"not_picked":["Blood for Blood","Hemokinesis","Clash"],"picked":"SKIP","floor":3},{"not_picked":["Armaments","Searing Blow"],"picked":"Cleave","floor":5},{"not_picked":["Brutality","Havoc"],"picked":"Heavy Blade","floor":6},{"not_picked":["Second Wind","Wild Strike"],"picked":"Flex","floor":8},{"not_picked":["Clash","Sword Boomerang"],"picked":"Flame Barrier","floor":11}],"player_experience":388642,"relics_obtained":[{"floor":6,"key":"Blood Vial"},{"floor":8,"key":"Turnip"},{"floor":9,"key":"The Courier"}],"event_choices":[{"damage_healed":0,"gold_gain":0,"player_choice":"Lose Max HP","damage_taken":0,"relics_obtained":["Golden Idol"],"max_hp_gain":0,"max_hp_loss":6,"event_name":"Golden Idol","floor":2,"gold_loss":0},{"damage_healed":0,"gold_gain":0,"player_choice":"Cursed","damage_taken":0,"max_hp_gain":0,"max_hp_loss":0,"event_name":"Wheel of Change","floor":10,"gold_loss":0,"cards_obtained":["Decay"]}],"is_beta":false,"boss_relics":[],"items_purged_floors":[4],"is_endless":false,"potions_floor_spawned":[8,11],"killed_by":"Gremlin Nob","ascension_level":1}