{"gold_per_floor":[112,122,21,21,21,46,46,66,66,84,41,53,53,66,66,169,169,179,33,33,46,46,46,136,136,136,136,170,189,206,4,4,4],"floor_reached":33,"playtime":1191,"items_purged":["Strike_B"],"score":425,"play_id":"8b848f9b-b9a6-44c4-91bf-6131a4cb4673","local_time":"20190420205018","is_ascension_mode":true,"campfire_choices":[{"data":"Go for the Eyes","floor":7,"key":"SMITH"},{"floor":13,"key":"REST"},{"data":"Turbo","floor":15,"key":"SMITH"},{"data":"Dualcast","floor":23,"key":"SMITH"},{"data":"Sunder","floor":25,"key":"SMITH"},{"data":"Streamline","floor":27,"key":"SMITH"},{"floor":32,"key":"REST"}],"neow_cost":"PERCENT_DAMAGE","seed_source_timestamp":645584611449319,"circlet_count":0,"master_deck":["Strike_B","Strike_B","Strike_B","Defend_B","Defend_B+1","Defend_B","Defend_B+1","Zap+1","Dualcast+1","Echo Form","Self Repair","Turbo+1","Streamline+1","Go for the Eyes+1","Ball Lightning","BootSequence","Chill","Rebound","Machine Learning","Sunder+1","Steam Power+1","Auto Shields","Leap+1","Compile Driver+1","Beam Cell+1"],"relics":["FrozenCore","Matryoshka","Potion Belt","Bronze Scales","War Paint","Ancient Tea Set","Molten Egg 2","Letter Opener","PreservedInsect"],"potions_floor_usage":[6,16,18,28,29,33],"damage_taken":[{"damage":1,"enemies":"2 Louse","floor":1,"turns":2},{"damage":5,"enemies":"Small Slimes","floor":2,"turns":4},{"damage":25,"enemies":"Lagavulin","floor":6,"turns":6},{"damage":10,"enemies":"Jaw Worm","floor":8,"turns":4},{"damage":16,"enemies":"2 Fungi Beasts","floor":10,"turns":3},{"damage":0,"enemies":"Looter","floor":12,"turns":3},{"damage":0,"enemies":"3 Louse","floor":14,"turns":3},{"damage":0,"enemies":"The Guardian","floor":16,"turns":9},{"damage":3,"enemies":"Shell Parasite","floor":18,"turns":6},{"damage":7,"enemies":"3 Byrds","floor":21,"turns":3},{"damage":23,"enemies":"Slavers","floor":28,"turns":6},{"damage":5,"enemies":"Shelled Parasite and Fungi","floor":29,"turns":5},{"damage":27,"enemies":"Cultist and Chosen","floor":30,"turns":5},{"damage":60,"enemies":"Automaton","floor":33,"turns":6}],"seed_played":"660663556159660200","potions_obtained":[{"floor":2,"key":"Weak Potion"},{"floor":8,"key":"Regen Potion"},{"floor":14,"key":"Fire Potion"},{"floor":16,"key":"EssenceOfSteel"},{"floor":18,"key":"Energy Potion"},{"floor":28,"key":"Dexterity Potion"},{"floor":30,"key":"SkillPotion"}],"is_trial":false,"path_per_floor":["M","M","$","?","?","E","R","M","T","M","?","M","R","M","R","B",null,"M","$","?","M","?","R","?","R","T","R","E","M","M","$","R","B"],"character_chosen":"DEFECT","items_purchased":["Streamline","War Paint","Beam Cell+1","PreservedInsect"],"campfire_rested":2,"item_purchase_floors":[3,19,31,31],"current_hp_per_floor":[49,51,51,51,51,33,33,30,30,21,21,21,43,50,50,57,71,75,75,75,68,68,68,54,54,54,54,38,40,13,13,35,0],"gold":4,"neow_bonus":"THREE_RARE_CARDS","is_prod":false,"is_daily":false,"chose_seed":false,"campfire_upgraded":5,"win_rate":0,"timestamp":1555761018,"path_taken":["M","M","$","?","?","E","R","M","T","M","?","M","R","M","R","BOSS","M","$","?","M","?","R","?","R","T","R","E","M","?","?","R","BOSS"],"build_version":"2019-01-23","purchased_purges":1,"victory":false,"max_hp_per_floor":[75,75,75,75,75,75,75,75,75,75,75,75,75,75,75,75,75,75,75,75,75,75,75,75,75,75,75,75,75,75,75,75,75],"card_choices":[{"not_picked":["Reboot","Machine Learning"],"picked":"Echo Form","floor":0},{"not_picked":["Redo","Reinforced Body"],"picked":"Self Repair","floor":1},{"not_picked":["Stack","Recycle"],"picked":"Turbo","floor":2},{"not_picked":["Coolheaded","Double Energy"],"picked":"Go for the Eyes","floor":6},{"not_picked":["Leap","Buffer"],"picked":"Ball Lightning","floor":8},{"not_picked":["Beam Cell","Lockon"],"picked":"BootSequence","floor":10},{"not_picked":["Aggregate","Defragment"],"picked":"Chill","floor":12},{"not_picked":["Compile Driver","Leap"],"picked":"Rebound","floor":14},{"not_picked":["Rainbow","Multi-Cast"],"picked":"Machine Learning","floor":16},{"not_picked":["Reprogram","Conserve Battery"],"picked":"Sunder","floor":18},{"not_picked":["Redo","Hello World"],"picked":"Steam Power+1","floor":21},{"not_picked":["Doom and Gloom+1","Coolheaded"],"picked":"Auto Shields","floor":28},{"not_picked":["Double Energy","Redo+1"],"picked":"Leap+1","floor":29},{"not_picked":["Double Energy","Static Discharge+1"],"picked":"Compile Driver+1","floor":30}],"player_experience":375577,"relics_obtained":[{"floor":6,"key":"Matryoshka"},{"floor":9,"key":"Potion Belt"},{"floor":9,"key":"Bronze Scales"},{"floor":26,"key":"Ancient Tea Set"},{"floor":26,"key":"Molten Egg 2"},{"floor":28,"key":"Letter Opener"}],"event_choices":[{"damage_healed":0,"gold_gain":0,"player_choice":"Ignored","damage_taken":0,"max_hp_gain":0,"max_hp_loss":0,"event_name":"Liars Game","floor":4,"gold_loss":0},{"damage_healed":0,"gold_gain":0,"player_choice":"Grow","damage_taken":0,"max_hp_gain":0,"max_hp_loss":0,"event_name":"Living Wall","floor":5,"gold_loss":0,"cards_upgraded":["Zap"]},{"damage_healed":0,"gold_gain":0,"player_choice":"Left Gold","damage_taken":0,"max_hp_gain":0,"max_hp_loss":0,"event_name":"World of Goop","floor":11,"gold_loss":43},{"damage_healed":0,"gold_gain":0,"player_choice":"Ignored","damage_taken":0,"max_hp_gain":0,"max_hp_loss":0,"event_name":"Ghosts","floor":20,"gold_loss":0},{"damage_healed":0,"gold_gain":0,"player_choice":"Ignored","damage_taken":0,"max_hp_gain":0,"max_hp_loss":0,"event_name":"Vampires","floor":22,"gold_loss":0},{"damage_healed":0,"gold_gain":90,"player_choice":"GOLD ","damage_taken":14,"max_hp_gain":0,"max_hp_loss":0,"event_name":"Knowing Skull","floor":24,"potions_obtained":[],"gold_loss":0,"cards_obtained":[]}],"is_beta":false,"boss_relics":[{"not_picked":["Inserter","Philosopher\u0027s Stone"],"picked":"FrozenCore"}],"items_purged_floors":[3],"is_endless":false,"potions_floor_spawned":[2,8,14,16,18,28,30],"killed_by":"Automaton","ascension_level":7}