{"gold_per_floor":[16,30,30,48,48,75,92,92,165,165,193,206,224,243,243,322,322,338,338,86,1,16,43,54,54,78,93,93,113,113],"floor_reached":30,"playtime":1736,"items_purged":["Strike_B"],"score":462,"play_id":"7e33990f-1bd7-4c32-bb6b-bcc9e323dc27","local_time":"20190331185748","is_ascension_mode":true,"campfire_choices":[{"floor":8,"key":"REST"},{"floor":10,"key":"REST"},{"floor":15,"key":"REST"},{"floor":25,"key":"REST"}],"neow_cost":"NO_GOLD","seed_source_timestamp":1725525560226986,"circlet_count":0,"master_deck":["AscendersBane","Strike_B","Defend_B","Defend_B","Defend_B","Defend_B","Zap","Dualcast","Steam Power","Machine Learning","Streamline","Beam Cell","Gash+1","FTL+1","Coolheaded","Leap","BootSequence","Biased Cognition","Hologram","Sunder","Gash+1","Seek","Normality","Gash","BootSequence+1"],"relics":["Cracked Core","GremlinMask","Du-Vu Doll","Symbiotic Virus","Strawberry","Cursed Key","MutagenicStrength","Whetstone","Lantern","Blood Vial","Omamori"],"potions_floor_usage":[6,11,12,18,24,27,27,30],"damage_taken":[{"damage":6,"enemies":"Jaw Worm","floor":1,"turns":4},{"damage":1,"enemies":"Cultist","floor":2,"turns":3},{"damage":0,"enemies":"2 Louse","floor":4,"turns":2},{"damage":32,"enemies":"Gremlin Nob","floor":6,"turns":4},{"damage":25,"enemies":"Gremlin Gang","floor":7,"turns":5},{"damage":15,"enemies":"Lagavulin","floor":11,"turns":5},{"damage":0,"enemies":"Exordium Wildlife","floor":12,"turns":2},{"damage":6,"enemies":"Blue Slaver","floor":13,"turns":3},{"damage":25,"enemies":"Lots of Slimes","floor":14,"turns":3},{"damage":26,"enemies":"The Guardian","floor":16,"turns":11},{"damage":10,"enemies":"3 Byrds","floor":18,"turns":4},{"damage":0,"enemies":"Spheric Guardian","floor":22,"turns":3},{"damage":37,"enemies":"Book of Stabbing","floor":23,"turns":5},{"damage":52,"enemies":"Shelled Parasite and Fungi","floor":24,"turns":5},{"damage":3,"enemies":"Cultist and Chosen","floor":27,"turns":5},{"damage":19,"enemies":"Sentry and Sphere","floor":29,"turns":4},{"damage":18,"enemies":"Slavers","floor":30,"turns":3}],"seed_played":"461722734871911977","potions_obtained":[{"floor":1,"key":"FairyPotion"},{"floor":2,"key":"Explosive Potion"},{"floor":7,"key":"Weak Potion"},{"floor":11,"key":"Swift Potion"},{"floor":16,"key":"FocusPotion"},{"floor":18,"key":"EntropicBrew"},{"floor":24,"key":"Swift Potion"},{"floor":29,"key":"EssenceOfSteel"}],"is_trial":false,"path_per_floor":["M","M","?","M","?","E","M","R","T","R","E","M","M","M","R","B",null,"M","?","$","?","M","E","M","R","T","M","?","M","E"],"character_chosen":"DEFECT","items_purchased":["Whetstone","Sunder"],"campfire_rested":4,"item_purchase_floors":[20,20],"current_hp_per_floor":[58,57,57,57,71,39,14,35,35,56,48,48,42,17,40,14,62,52,52,52,52,52,15,7,30,30,29,29,12,0],"gold":113,"neow_bonus":"TRANSFORM_TWO_CARDS","is_prod":false,"is_daily":false,"chose_seed":false,"campfire_upgraded":0,"win_rate":0,"timestamp":1554055068,"path_taken":["M","M","?","?","?","E","?","R","T","R","E","M","M","M","R","BOSS","M","?","$","?","M","E","M","R","T","M","?","M","E"],"build_version":"2019-01-23","purchased_purges":1,"victory":false,"max_hp_per_floor":[71,71,71,71,71,71,71,71,71,71,78,78,78,78,78,78,78,78,78,78,78,78,78,78,78,78,78,78,78,78],"card_choices":[{"not_picked":["Skim","Turbo"],"picked":"Streamline","floor":1},{"not_picked":["Aggregate","Turbo","Reinforced Body"],"picked":"SKIP","floor":2},{"not_picked":["Reprogram","Rebound"],"picked":"Beam Cell","floor":4},{"not_picked":["Stack","Reprogram","Sweeping Beam"],"picked":"SKIP","floor":6},{"not_picked":["Turbo","Hologram"],"picked":"Gash","floor":7},{"not_picked":["Sweeping Beam","Redo"],"picked":"FTL","floor":11},{"not_picked":["Hyperbeam","Blizzard"],"picked":"Coolheaded","floor":12},{"not_picked":["Conserve Battery","Doom and Gloom"],"picked":"Leap","floor":13},{"not_picked":["Turbo","Heatsinks"],"picked":"BootSequence","floor":14},{"not_picked":["Meteor Strike","Amplify"],"picked":"Biased Cognition","floor":16},{"not_picked":["Compile Driver","Leap"],"picked":"Hologram","floor":18},{"not_picked":["Rebound","Beam Cell"],"picked":"Gash+1","floor":22},{"not_picked":["Sweeping Beam","Compile Driver"],"picked":"Seek","floor":23},{"not_picked":["Hello World","Compile Driver","Rebound"],"picked":"SKIP","floor":24},{"not_picked":["Blizzard","Stack"],"picked":"Gash","floor":27},{"not_picked":["Reinforced Body","Rebound+1"],"picked":"BootSequence+1","floor":29}],"player_experience":1679868,"relics_obtained":[{"floor":6,"key":"Du-Vu Doll"},{"floor":9,"key":"Symbiotic Virus"},{"floor":11,"key":"Strawberry"},{"floor":23,"key":"Blood Vial"},{"floor":26,"key":"Omamori"}],"event_choices":[{"damage_healed":0,"gold_gain":0,"player_choice":"Trade","damage_taken":0,"relics_obtained":["GremlinMask"],"max_hp_gain":0,"max_hp_loss":0,"event_name":"FaceTrader","floor":3,"gold_loss":0},{"damage_healed":14,"gold_gain":0,"player_choice":"Full Heal","damage_taken":0,"max_hp_gain":0,"max_hp_loss":0,"event_name":"Wheel of Change","floor":5,"gold_loss":0},{"damage_healed":0,"gold_gain":0,"player_choice":"Inject Mutagens","damage_taken":0,"relics_obtained":["MutagenicStrength"],"max_hp_gain":0,"max_hp_loss":0,"event_name":"Drug Dealer","floor":19,"gold_loss":0},{"damage_healed":0,"gold_gain":0,"player_choice":"Obtained Relic","damage_taken":0,"relics_obtained":["Lantern"],"max_hp_gain":0,"max_hp_loss":0,"event_name":"Addict","floor":21,"gold_loss":85},{"damage_healed":0,"gold_gain":0,"player_choice":"Ignored","damage_taken":0,"max_hp_gain":0,"max_hp_loss":0,"event_name":"Cursed Tome","floor":28,"gold_loss":0}],"is_beta":false,"boss_relics":[{"not_picked":["Busted Crown","Black Star"],"picked":"Cursed Key"}],"items_purged_floors":[20],"is_endless":false,"potions_floor_spawned":[1,2,7,11,16,18,24,29],"killed_by":"Slavers","ascension_level":15}