{"gold_per_floor":[111,124,134,134,144,172,188,188,240,213,213,224,224],"floor_reached":13,"playtime":575,"items_purged":[],"score":96,"play_id":"d2b38d73-a126-4dbe-a0fd-f8b40d896c96","local_time":"20181122145543","is_ascension_mode":true,"campfire_choices":[{"floor":8,"key":"REST"}],"neow_cost":"NONE","seed_source_timestamp":497840500454172,"circlet_count":0,"master_deck":["Strike_B","Strike_B","Strike_B","Strike_B","Defend_B","Defend_B","Defend_B","Defend_B","Zap","Dualcast","Genetic Algorithm","Redo","Streamline","Machine Learning","Darkness","Melter","Coolheaded"],"relics":["Cracked Core","Smiling Mask","Mango","DataDisk","Dodecahedron"],"potions_floor_usage":[6,6,12],"damage_taken":[{"damage":18,"enemies":"Jaw Worm","floor":1,"turns":4},{"damage":14,"enemies":"Small Slimes","floor":2,"turns":4},{"damage":1,"enemies":"2 Louse","floor":3,"turns":2},{"damage":9,"enemies":"Exordium Wildlife","floor":5,"turns":4},{"damage":19,"enemies":"Lagavulin","floor":6,"turns":7},{"damage":20,"enemies":"Exordium Thugs","floor":7,"turns":4},{"damage":0,"enemies":"Lots of Slimes","floor":12,"turns":1},{"damage":36,"enemies":"Gremlin Gang","floor":13,"turns":3}],"seed_played":"-1862227513909376763","potions_obtained":[{"floor":1,"key":"Ancient Potion"},{"floor":5,"key":"Regen Potion"},{"floor":7,"key":"Explosive Potion"}],"is_trial":false,"path_per_floor":["M","M","M","?","M","E","M","R","T","?","?","M","M"],"character_chosen":"DEFECT","items_purchased":[],"campfire_rested":1,"item_purchase_floors":[],"current_hp_per_floor":[57,43,42,42,33,42,22,48,48,48,36,36,0],"gold":224,"neow_bonus":"RANDOM_COMMON_RELIC","is_prod":false,"is_daily":false,"chose_seed":false,"campfire_upgraded":0,"win_rate":0,"timestamp":1542894943,"path_taken":["M","M","M","?","M","E","M","R","T","?","?","M","M"],"build_version":"2018-11-15","purchased_purges":0,"victory":false,"max_hp_per_floor":[75,75,75,75,75,89,89,89,89,89,89,89,89],"card_choices":[{"not_picked":["Recycle","Leap"],"picked":"Genetic Algorithm","floor":1},{"not_picked":["Barrage","Ball Lightning"],"picked":"Redo","floor":2},{"not_picked":["Hologram","Gash"],"picked":"Streamline","floor":3},{"not_picked":["Lockon","Turbo"],"picked":"Machine Learning","floor":5},{"not_picked":["Turbo","Steam Power"],"picked":"Darkness","floor":6},{"not_picked":["Aggregate","Chaos"],"picked":"Melter","floor":7},{"not_picked":["Lockon","Hello World"],"picked":"Coolheaded","floor":12}],"player_experience":230250,"relics_obtained":[{"floor":6,"key":"Mango"},{"floor":9,"key":"DataDisk"}],"event_choices":[{"damage_healed":0,"gold_gain":0,"player_choice":"Ignored","damage_taken":0,"max_hp_gain":0,"max_hp_loss":0,"event_name":"Liars Game","floor":4,"gold_loss":0},{"damage_healed":0,"gold_gain":0,"player_choice":"Left Gold","damage_taken":0,"max_hp_gain":0,"max_hp_loss":0,"event_name":"World of Goop","floor":10,"gold_loss":27},{"damage_healed":0,"gold_gain":0,"player_choice":"Success","damage_taken":12,"relics_obtained":["Dodecahedron"],"max_hp_gain":0,"max_hp_loss":0,"event_name":"Scrap Ooze","floor":11,"gold_loss":0}],"is_beta":false,"boss_relics":[],"items_purged_floors":[],"is_endless":false,"potions_floor_spawned":[1,5,7],"killed_by":"Gremlin Gang","ascension_level":2}