{"gold_per_floor":[116,191,203,217,64,92,107,138,138,153,153,188,188,202,202,277,277,287,287,287,30,48,80,40,40,94,106,106,106],"floor_reached":29,"playtime":2396,"items_purged":["Pain"],"score":447,"play_id":"3d0e40c4-81f4-40f3-b523-b3793822855c","local_time":"20190302210231","is_ascension_mode":true,"campfire_choices":[{"data":"Disarm","floor":11,"key":"SMITH"},{"data":"Armaments","floor":15,"key":"SMITH"},{"floor":25,"key":"REST"},{"floor":28,"key":"REST"}],"neow_cost":"CURSE","seed_source_timestamp":695845068788837,"circlet_count":0,"master_deck":["AscendersBane","Strike_R","Strike_R+1","Defend_R","Defend_R","Defend_R","Defend_R","Bash","Metallicize","Disarm+1","Twin Strike","Inflame","Armaments+1","Sword Boomerang","Intimidate","Shrug It Off+1","Cleave","Limit Break","Limit Break","Flex"],"relics":["Burning Blood","Thread and Needle","Bottled Tornado","WingedGreaves","Bottled Lightning","Singing Bowl","Empty Cage","DollysMirror","Ice Cream","Juzu Bracelet"],"potions_floor_usage":[4,6,18,23,23],"damage_taken":[{"damage":2,"enemies":"2 Louse","floor":1,"turns":3},{"damage":13,"enemies":"Small Slimes","floor":3,"turns":7},{"damage":2,"enemies":"Cultist","floor":4,"turns":5},{"damage":23,"enemies":"Lagavulin","floor":6,"turns":6},{"damage":2,"enemies":"Blue Slaver","floor":7,"turns":4},{"damage":8,"enemies":"3 Sentries","floor":8,"turns":8},{"damage":10,"enemies":"Large Slime","floor":10,"turns":10},{"damage":12,"enemies":"Gremlin Nob","floor":12,"turns":4},{"damage":0,"enemies":"3 Louse","floor":14,"turns":5},{"damage":8,"enemies":"The Guardian","floor":16,"turns":14},{"damage":18,"enemies":"3 Byrds","floor":18,"turns":7},{"damage":21,"enemies":"Spheric Guardian","floor":22,"turns":7},{"damage":19,"enemies":"Book of Stabbing","floor":23,"turns":6},{"damage":20,"enemies":"Centurion and Healer","floor":27,"turns":6},{"damage":61,"enemies":"Slavers","floor":29,"turns":5}],"seed_played":"-494718426692564371","potions_obtained":[{"floor":1,"key":"Explosive Potion"},{"floor":3,"key":"SteroidPotion"},{"floor":7,"key":"Dexterity Potion"},{"floor":14,"key":"Weak Potion"},{"floor":22,"key":"Poison Potion"}],"is_trial":false,"path_per_floor":["M","?","M","M","$","E","M","E","T","M","R","E","?","M","R","B",null,"M","?","?","$","M","E","?","R","T","M","R","E"],"character_chosen":"IRONCLAD","items_purchased":["Inflame","DollysMirror","Flex"],"campfire_rested":2,"item_purchase_floors":[5,21,21],"current_hp_per_floor":[72,61,54,58,58,41,45,43,43,39,39,33,33,41,41,39,68,58,58,43,43,30,19,19,45,45,33,60,0],"gold":106,"neow_bonus":"ONE_RARE_RELIC","is_prod":false,"is_daily":false,"chose_seed":false,"campfire_upgraded":2,"win_rate":0,"timestamp":1551560551,"path_taken":["M","?","M","M","$","E","M","E","T","M","R","E","?","M","R","BOSS","M","?","?","$","M","E","?","R","T","M","R","E"],"build_version":"2019-01-23","purchased_purges":1,"victory":false,"max_hp_per_floor":[75,75,75,75,75,75,75,75,75,75,75,75,75,77,77,77,77,79,79,84,84,86,88,88,88,88,90,90,90],"card_choices":[{"not_picked":["Rage","Clash"],"picked":"Metallicize","floor":1},{"not_picked":["Body Slam","Cleave"],"picked":"Disarm","floor":3},{"not_picked":["Perfected Strike","Sword Boomerang"],"picked":"Twin Strike","floor":4},{"not_picked":["Brutality","Dual Wield"],"picked":"Armaments","floor":6},{"not_picked":["Fire Breathing","Rupture"],"picked":"Sword Boomerang","floor":7},{"not_picked":["Sword Boomerang","Headbutt"],"picked":"Intimidate","floor":8},{"not_picked":["Fire Breathing","Sword Boomerang"],"picked":"Shrug It Off","floor":10},{"not_picked":["Ghostly Armor","Shockwave"],"picked":"Cleave","floor":12},{"not_picked":["Cleave","Thunderclap","Reckless Charge"],"picked":"Singing Bowl","floor":14},{"not_picked":["Brutality","Double Tap"],"picked":"Limit Break","floor":16},{"not_picked":["Bloodletting","Thunderclap","Fire Breathing"],"picked":"Singing Bowl","floor":18},{"not_picked":["Infernal Blade","Thunderclap","Iron Wave+1"],"picked":"Singing Bowl","floor":22},{"not_picked":["Bloodletting","Rupture+1","Heavy Blade"],"picked":"Singing Bowl","floor":23},{"not_picked":["Sword Boomerang","Body Slam","Carnage"],"picked":"Singing Bowl","floor":27}],"player_experience":1495881,"relics_obtained":[{"floor":6,"key":"Bottled Tornado"},{"floor":8,"key":"WingedGreaves"},{"floor":9,"key":"Bottled Lightning"},{"floor":12,"key":"Singing Bowl"},{"floor":23,"key":"Ice Cream"},{"floor":26,"key":"Juzu Bracelet"}],"event_choices":[{"damage_healed":0,"gold_gain":75,"player_choice":"Gather Gold","damage_taken":11,"max_hp_gain":0,"max_hp_loss":0,"event_name":"World of Goop","floor":2,"gold_loss":0},{"cards_removed":["Strike_R"],"damage_healed":0,"gold_gain":0,"player_choice":"Forget","damage_taken":0,"max_hp_gain":0,"max_hp_loss":0,"event_name":"Living Wall","floor":13,"gold_loss":0},{"damage_healed":0,"gold_gain":0,"player_choice":"Ignored","damage_taken":0,"max_hp_gain":0,"max_hp_loss":0,"event_name":"Vampires","floor":19,"gold_loss":0},{"damage_healed":0,"gold_gain":0,"player_choice":"Shed Blood","damage_taken":20,"max_hp_gain":5,"max_hp_loss":0,"event_name":"Forgotten Altar","floor":20,"gold_loss":0},{"damage_healed":0,"gold_gain":0,"player_choice":"Upgraded Two","damage_taken":0,"max_hp_gain":0,"max_hp_loss":0,"event_name":"Designer","floor":24,"gold_loss":40,"cards_upgraded":["Shrug It Off","Strike_R"]}],"is_beta":false,"boss_relics":[{"not_picked":["Philosopher\u0027s Stone","Cursed Key"],"picked":"Empty Cage"}],"items_purged_floors":[5],"is_endless":false,"potions_floor_spawned":[1,3,7,14,16,22],"killed_by":"Slavers","ascension_level":14}