{"gold_per_floor":[117,136,155,155,172,172,200,200,225,225,245,245,256,266,266,344,344,332,332,332,432,448,448,473,473,473,473,496,553,563,563,563,563],"floor_reached":33,"playtime":3061,"items_purged":[],"score":485,"play_id":"ba7e2a65-81c6-40ff-9463-c547e0fb7b03","local_time":"20190313195530","is_ascension_mode":true,"campfire_choices":[{"data":"Infernal Blade","floor":6,"key":"SMITH"},{"data":"Flame Barrier","floor":8,"key":"SMITH"},{"data":"Disarm","floor":12,"key":"SMITH"},{"data":"Metallicize","floor":15,"key":"SMITH"},{"floor":23,"key":"REST"},{"data":"Seeing Red","floor":27,"key":"SMITH"},{"data":"Bludgeon","floor":32,"key":"SMITH"}],"neow_cost":"NONE","seed_source_timestamp":175933161210360,"circlet_count":0,"master_deck":["AscendersBane","Bash","Iron Wave","Infernal Blade+1","Thunderclap","Flame Barrier+1","Disarm+1","Dropkick","Metallicize+1","Feed","Burning Pact","Entrench","Bludgeon+1","Juggernaut","Feel No Pain","Uppercut","Immolate+1","Seeing Red+1","Shockwave+1"],"relics":["Burning Blood","Bag of Preparation","Juzu Bracelet","Pandora\u0027s Box","Unceasing Top","Mummified Hand","Dream Catcher","Self Forming Clay","Regal Pillow","Tiny Chest"],"potions_floor_usage":[7,16,16,21,21,33,33],"damage_taken":[{"damage":5,"enemies":"2 Louse","floor":1,"turns":3},{"damage":7,"enemies":"Jaw Worm","floor":2,"turns":2},{"damage":5,"enemies":"Cultist","floor":3,"turns":5},{"damage":0,"enemies":"Large Slime","floor":5,"turns":5},{"damage":27,"enemies":"Gremlin Nob","floor":7,"turns":4},{"damage":10,"enemies":"Exordium Wildlife","floor":11,"turns":3},{"damage":0,"enemies":"Blue Slaver","floor":13,"turns":3},{"damage":6,"enemies":"Lots of Slimes","floor":14,"turns":4},{"damage":50,"enemies":"Slime Boss","floor":16,"turns":17},{"damage":20,"enemies":"2 Thieves","floor":18,"turns":4},{"damage":0,"enemies":"Colosseum Slavers","floor":21,"turns":1},{"damage":47,"enemies":"Colosseum Nobs","floor":21,"turns":5},{"damage":4,"enemies":"Spheric Guardian","floor":22,"turns":3},{"damage":37,"enemies":"Slavers","floor":24,"turns":6},{"damage":14,"enemies":"Book of Stabbing","floor":29,"turns":5},{"damage":0,"enemies":"3 Cultists","floor":30,"turns":4},{"damage":63,"enemies":"Collector","floor":33,"turns":12}],"seed_played":"-6514542797354734877","potions_obtained":[{"floor":2,"key":"FearPotion"},{"floor":3,"key":"Strength Potion"},{"floor":13,"key":"SkillPotion"},{"floor":16,"key":"BloodPotion"},{"floor":18,"key":"LiquidBronze"},{"floor":24,"key":"SpeedPotion"},{"floor":30,"key":"Block Potion"}],"is_trial":false,"path_per_floor":["M","M","M","?","M","R","E","R","T","?","M","R","M","M","R","B",null,"M","$","?","?","M","R","E","?","T","R","T","E","M","?","R","B"],"character_chosen":"IRONCLAD","items_purchased":[],"campfire_rested":1,"item_purchase_floors":[],"current_hp_per_floor":[76,75,76,76,82,82,61,61,61,54,50,50,56,56,56,12,65,51,51,51,27,29,54,26,55,55,55,55,47,56,56,56,0],"gold":563,"neow_bonus":"TEN_PERCENT_HP_BONUS","is_prod":false,"is_daily":false,"chose_seed":false,"campfire_upgraded":6,"win_rate":0,"timestamp":1552506930,"path_taken":["M","M","M","?","M","R","E","R","T","?","M","R","M","M","R","BOSS","M","$","?","?","M","R","E","?","T","R","?","E","M","?","R","BOSS"],"build_version":"2019-01-23","purchased_purges":0,"victory":false,"max_hp_per_floor":[82,82,82,82,82,82,82,82,82,82,82,82,82,82,82,82,82,82,82,82,85,85,85,88,88,88,88,88,88,91,91,91,91],"card_choices":[{"not_picked":["Body Slam","Corruption"],"picked":"Iron Wave","floor":1},{"not_picked":["Wild Strike","Armaments"],"picked":"Infernal Blade","floor":2},{"not_picked":["Headbutt","True Grit","Anger"],"picked":"SKIP","floor":3},{"not_picked":["True Grit","Clash"],"picked":"Thunderclap","floor":5},{"not_picked":["Twin Strike","Perfected Strike"],"picked":"Flame Barrier","floor":7},{"not_picked":["Second Wind","Bloodletting"],"picked":"Disarm","floor":11},{"not_picked":["Searing Blow","Wild Strike"],"picked":"Dropkick","floor":13},{"not_picked":["Twin Strike","Anger"],"picked":"Metallicize","floor":14},{"not_picked":["Brutality","Dark Embrace"],"picked":"Feed","floor":16},{"not_picked":["Corruption","Sentinel","Hemokinesis"],"picked":"SKIP","floor":18},{"not_picked":["Evolve","Pommel Strike"],"picked":"Shockwave+1","floor":21},{"not_picked":["Clothesline","Sever Soul+1","Perfected Strike+1"],"picked":"SKIP","floor":22},{"not_picked":["Twin Strike+1","Fiend Fire","Armaments"],"picked":"SKIP","floor":24},{"not_picked":["Pummel","Whirlwind","Cleave+1"],"picked":"SKIP","floor":29},{"not_picked":["True Grit","Pummel+1","Body Slam"],"picked":"SKIP","floor":30}],"player_experience":1557895,"relics_obtained":[{"floor":7,"key":"Bag of Preparation"},{"floor":9,"key":"Juzu Bracelet"},{"floor":21,"key":"Unceasing Top"},{"floor":21,"key":"Mummified Hand"},{"floor":24,"key":"Dream Catcher"},{"floor":26,"key":"Self Forming Clay"},{"floor":28,"key":"Regal Pillow"},{"floor":29,"key":"Tiny Chest"}],"event_choices":[{"damage_healed":0,"gold_gain":0,"cards_transformed":["Strike_R"],"player_choice":"Change","damage_taken":0,"max_hp_gain":0,"max_hp_loss":0,"event_name":"Living Wall","floor":4,"gold_loss":0,"cards_obtained":["True Grit"]},{"cards_removed":["True Grit"],"damage_healed":0,"gold_gain":0,"player_choice":"Card Removal","damage_taken":7,"max_hp_gain":0,"max_hp_loss":0,"event_name":"Golden Wing","floor":10,"gold_loss":0},{"damage_healed":0,"gold_gain":0,"player_choice":"Upgraded","damage_taken":0,"max_hp_gain":0,"max_hp_loss":0,"event_name":"Upgrade Shrine","floor":20,"gold_loss":0,"cards_upgraded":["Immolate"]},{"damage_healed":0,"gold_gain":0,"player_choice":"Fight","damage_taken":0,"max_hp_gain":0,"max_hp_loss":0,"event_name":"Colosseum","floor":21,"gold_loss":0},{"damage_healed":0,"gold_gain":0,"player_choice":"Fought Nobs","damage_taken":0,"max_hp_gain":0,"max_hp_loss":0,"event_name":"Colosseum","floor":21,"gold_loss":0},{"damage_healed":29,"gold_gain":0,"player_choice":"Heal","damage_taken":0,"max_hp_gain":0,"max_hp_loss":0,"event_name":"The Library","floor":25,"gold_loss":0},{"damage_healed":0,"gold_gain":0,"player_choice":"Ignored","damage_taken":0,"max_hp_gain":0,"max_hp_loss":0,"event_name":"Vampires","floor":31,"gold_loss":0}],"is_beta":false,"boss_relics":[{"not_picked":["Coffee Dripper","Runic Cube"],"picked":"Pandora\u0027s Box"}],"items_purged_floors":[],"is_endless":false,"potions_floor_spawned":[2,3,13,16,18,24,30],"killed_by":"Collector","ascension_level":14}