{"gold_per_floor":[110,121,121,46,121,147,147,161,161,173,193,251,251],"floor_reached":13,"playtime":412,"items_purged":[],"score":157,"play_id":"06a03fb9-6ab0-4291-8097-dc367fc6eb17","local_time":"20190501222607","is_ascension_mode":true,"campfire_choices":[{"data":"Bash","floor":7,"key":"SMITH"}],"neow_cost":"CURSE","seed_source_timestamp":60095930107023,"circlet_count":0,"master_deck":["AscendersBane","Strike_R","Strike_R","Strike_R","Strike_R","Strike_R","Defend_R","Defend_R","Defend_R","Defend_R","Bash+1","Headbutt","Shrug It Off","Carnage","Body Slam","Rampage"],"relics":["Burning Blood","Mango","Unceasing Top","Ginger"],"potions_floor_usage":[6,13],"damage_taken":[{"damage":2,"enemies":"2 Louse","floor":1,"turns":5},{"damage":10,"enemies":"Small Slimes","floor":2,"turns":4},{"damage":39,"enemies":"3 Sentries","floor":6,"turns":10},{"damage":12,"enemies":"Jaw Worm","floor":8,"turns":2},{"damage":6,"enemies":"Looter","floor":10,"turns":2},{"damage":28,"enemies":"Exordium Thugs","floor":11,"turns":3},{"damage":15,"enemies":"Lagavulin","floor":13,"turns":2}],"seed_played":"-6724238154609972081","potions_obtained":[{"floor":2,"key":"Dexterity Potion"},{"floor":10,"key":"FearPotion"}],"is_trial":false,"path_per_floor":["M","M","?","?","?","E","R","M","T","M","M","?","E"],"character_chosen":"IRONCLAD","items_purchased":[],"campfire_rested":0,"item_purchase_floors":[],"current_hp_per_floor":[86,82,87,87,76,43,43,37,37,37,15,15,0],"gold":251,"neow_bonus":"ONE_RARE_RELIC","is_prod":false,"is_daily":false,"chose_seed":false,"campfire_upgraded":1,"win_rate":0,"timestamp":1556774767,"path_taken":["M","M","?","?","?","E","R","M","T","?","M","?","E"],"build_version":"2019-01-23","purchased_purges":0,"victory":false,"max_hp_per_floor":[89,89,94,94,94,94,94,94,94,94,94,94,94],"card_choices":[{"not_picked":["Seeing Red","Pommel Strike"],"picked":"Headbutt","floor":1},{"not_picked":["Iron Wave","Body Slam"],"picked":"Shrug It Off","floor":2},{"not_picked":["Heavy Blade","Pommel Strike"],"picked":"Carnage","floor":6},{"not_picked":["Entrench","Rage","Iron Wave"],"picked":"SKIP","floor":8},{"not_picked":["Sword Boomerang","Dual Wield"],"picked":"Body Slam","floor":10},{"not_picked":["Clothesline","Warcry"],"picked":"Rampage","floor":11}],"player_experience":526984,"relics_obtained":[{"floor":6,"key":"Unceasing Top"},{"floor":9,"key":"Ginger"}],"event_choices":[{"damage_healed":0,"gold_gain":0,"player_choice":"Donut","damage_taken":0,"max_hp_gain":5,"max_hp_loss":0,"event_name":"Big Fish","floor":3,"gold_loss":0},{"cards_removed":["Normality"],"damage_healed":0,"gold_gain":0,"player_choice":"Card Removal","damage_taken":0,"max_hp_gain":0,"max_hp_loss":0,"event_name":"The Cleric","floor":4,"gold_loss":75},{"damage_healed":0,"gold_gain":75,"player_choice":"Gather Gold","damage_taken":11,"max_hp_gain":0,"max_hp_loss":0,"event_name":"World of Goop","floor":5,"gold_loss":0},{"damage_healed":0,"gold_gain":58,"player_choice":"Gained Gold","damage_taken":0,"max_hp_gain":0,"max_hp_loss":0,"event_name":"Golden Wing","floor":12,"gold_loss":0}],"is_beta":false,"boss_relics":[],"items_purged_floors":[],"is_endless":false,"potions_floor_spawned":[2,10],"killed_by":"Lagavulin","ascension_level":17}