{"gold_per_floor":[119,119,94,114,114,114,35,90,90,90,146,163,181,209,209,209],"floor_reached":16,"playtime":860,"items_purged":[],"score":135,"play_id":"2d92c1a0-897b-489c-8ae9-251b6603d853","local_time":"20180818105909","is_ascension_mode":true,"campfire_choices":[{"data":"True Grit","floor":6,"key":"SMITH"},{"data":"Rampage","floor":10,"key":"SMITH"},{"floor":15,"key":"REST"}],"neow_cost":"NONE","seed_source_timestamp":260188669254448,"circlet_count":0,"master_deck":["Strike_R","Strike_R","Strike_R","Strike_R","Defend_R","Defend_R","Defend_R","Bash+1","True Grit+1","Shrug It Off","Thunderclap","Rampage+1","Whirlwind","Headbutt","Evolve","Iron Wave"],"relics":["Empty Cage","Bird Faced Urn","Ornamental Fan","Blue Candle","Tiny Chest","Bottled Lightning"],"potions_floor_usage":[8,8,14,14],"damage_taken":[{"damage":6,"enemies":"2 Louse","floor":1,"turns":3},{"damage":1,"enemies":"Small Slimes","floor":4,"turns":5},{"damage":4,"enemies":"3 Sentries","floor":8,"turns":7},{"damage":28,"enemies":"3 Sentries","floor":11,"turns":6},{"damage":0,"enemies":"Cultist","floor":12,"turns":2},{"damage":3,"enemies":"Large Slime","floor":13,"turns":5},{"damage":12,"enemies":"Gremlin Nob","floor":14,"turns":3},{"damage":43,"enemies":"The Guardian","floor":16,"turns":14}],"seed_played":"-2696215459435379324","potions_obtained":[{"floor":1,"key":"SkillPotion"},{"floor":4,"key":"PowerPotion"},{"floor":8,"key":"FearPotion"},{"floor":11,"key":"Explosive Potion"}],"is_trial":false,"path_per_floor":["M","?","$","M","?","R","$","?","T","R","E","M","M","E","R"],"character_chosen":"IRONCLAD","items_purchased":["Shrug It Off","Rampage"],"campfire_rested":1,"item_purchase_floors":[3,7],"current_hp_per_floor":[74,74,74,73,61,61,61,59,59,59,31,31,28,16,40,0],"gold":209,"neow_bonus":"BOSS_RELIC","is_prod":false,"is_daily":false,"chose_seed":false,"campfire_upgraded":2,"win_rate":0,"timestamp":1534615149,"path_taken":["M","?","$","M","?","R","$","?","T","R","E","M","M","E","R","BOSS"],"build_version":"2018-08-16","purchased_purges":0,"victory":false,"max_hp_per_floor":[80,80,80,80,80,80,80,80,80,80,80,80,80,80,80,80],"card_choices":[{"not_picked":["Havoc","Iron Wave"],"picked":"True Grit","floor":1},{"not_picked":["Entrench","Corruption"],"picked":"Thunderclap","floor":4},{"not_picked":["Heavy Blade","Bloodletting"],"picked":"Whirlwind","floor":8},{"not_picked":["Second Wind","Brutality"],"picked":"Headbutt","floor":11},{"not_picked":["Havoc","Perfected Strike","Reckless Charge"],"picked":"SKIP","floor":12},{"not_picked":["Anger","Perfected Strike"],"picked":"Evolve","floor":13},{"not_picked":["Sever Soul","Whirlwind"],"picked":"Iron Wave","floor":14}],"player_experience":92472,"relics_obtained":[{"floor":8,"key":"Ornamental Fan"},{"floor":9,"key":"Blue Candle"},{"floor":11,"key":"Tiny Chest"},{"floor":14,"key":"Bottled Lightning"}],"event_choices":[{"event_name":"Living Wall","player_choice":"Grow","floor":2,"damage_taken":0},{"event_name":"Scrap Ooze","player_choice":"success","floor":5,"damage_taken":12},{"event_name":"Dead Adventurer","player_choice":"Searched \u00271\u0027 times","floor":8,"damage_taken":0}],"is_beta":false,"boss_relics":[],"items_purged_floors":[],"is_endless":false,"potions_floor_spawned":[1,4,8,11],"killed_by":"The Guardian","ascension_level":5}