{"gold_per_floor":[116,128,203,220,71,71,71,87,114,128,142,142,142,183,183,314,314,329,329,329,24,24],"floor_reached":22,"playtime":2431,"items_purged":["Strike_G"],"score":202,"play_id":"7bfccb4a-b2ae-4b7d-8c49-a2f973a82664","local_time":"20190414221614","is_ascension_mode":true,"campfire_choices":[{"data":"Infinite Blades","floor":6,"key":"SMITH"},{"data":"Infinite Blades","floor":13,"key":"SMITH"},{"floor":15,"key":"REST"}],"neow_cost":"NONE","seed_source_timestamp":429622127457300,"circlet_count":0,"master_deck":["Defend_G","Defend_G","Defend_G","Defend_G","Strike_G","Strike_G","Strike_G","Strike_G","Survivor","Neutralize","Infinite Blades+1","Dodge and Roll","Slice","Infinite Blades+1","Cloak And Dagger","Blade Dance","Distraction","Slice","Grand Finale","Cloak And Dagger+1","Apotheosis","Good Instincts","Blind","Purity","Bandage Up","Flash of Steel","Mind Blast"],"relics":["Ring of the Snake","NeowsBlessing","Bag of Preparation","Bloody Idol","Omamori","Cursed Key","Oddly Smooth Stone"],"potions_floor_usage":[11,16,16,16],"damage_taken":[{"damage":0,"enemies":"Cultist","floor":1,"turns":1},{"damage":0,"enemies":"Small Slimes","floor":2,"turns":1},{"damage":0,"enemies":"Jaw Worm","floor":4,"turns":1},{"damage":4,"enemies":"Blue Slaver","floor":8,"turns":5},{"damage":4,"enemies":"3 Louse","floor":10,"turns":4},{"damage":20,"enemies":"Lots of Slimes","floor":11,"turns":6},{"damage":24,"enemies":"3 Sentries","floor":14,"turns":11},{"damage":25,"enemies":"Hexaghost","floor":16,"turns":11},{"damage":27,"enemies":"Spheric Guardian","floor":18,"turns":6}],"seed_played":"-4311627697935779019","potions_obtained":[{"floor":2,"key":"GamblersBrew"},{"floor":4,"key":"Swift Potion"},{"floor":10,"key":"EssenceOfSteel"},{"floor":11,"key":"Poison Potion"}],"is_trial":false,"path_per_floor":["M","M","?","M","$","R","?","M","T","M","M","?","R","E","R","B",null,"M","?","?","$","?"],"character_chosen":"THE_SILENT","items_purchased":["Infinite Blades","Oddly Smooth Stone","Apotheosis"],"campfire_rested":1,"item_purchase_floors":[5,21,21],"current_hp_per_floor":[70,70,59,59,59,59,59,55,55,51,31,31,31,7,26,1,65,38,38,38,38,0],"gold":24,"neow_bonus":"THREE_ENEMY_KILL","is_prod":false,"is_daily":false,"chose_seed":false,"campfire_upgraded":2,"win_rate":0,"timestamp":1555272974,"path_taken":["M","M","?","M","$","R","?","M","T","?","M","?","R","E","R","BOSS","M","?","?","$","?"],"build_version":"2019-01-23","purchased_purges":1,"victory":false,"max_hp_per_floor":[70,70,70,70,70,70,70,70,70,70,70,65,65,65,65,65,65,65,65,65,65,65],"card_choices":[{"not_picked":["Flying Knee","Backflip"],"picked":"Infinite Blades","floor":1},{"not_picked":["PiercingWail","Slice"],"picked":"Dodge and Roll","floor":2},{"not_picked":["PiercingWail","Acrobatics"],"picked":"Slice","floor":4},{"not_picked":["Quick Slash","Dagger Throw"],"picked":"Cloak And Dagger","floor":8},{"not_picked":["Expertise","Dagger Throw"],"picked":"Blade Dance","floor":10},{"not_picked":["Flying Knee","PiercingWail"],"picked":"Distraction","floor":11},{"not_picked":["Tactician","Underhanded Strike"],"picked":"Slice","floor":14},{"not_picked":["Tools of the Trade","Bullet Time"],"picked":"Grand Finale","floor":16},{"not_picked":["Outmaneuver","Blade Dance"],"picked":"Cloak And Dagger+1","floor":18}],"player_experience":453395,"relics_obtained":[{"floor":9,"key":"Bag of Preparation"},{"floor":14,"key":"Omamori"}],"event_choices":[{"damage_healed":0,"gold_gain":75,"player_choice":"Gather Gold","damage_taken":11,"max_hp_gain":0,"max_hp_loss":0,"event_name":"World of Goop","floor":3,"gold_loss":0},{"cards_removed":["Defend_G"],"damage_healed":0,"gold_gain":0,"player_choice":"Offered Basic","damage_taken":0,"max_hp_gain":0,"max_hp_loss":0,"event_name":"Bonfire Elementals","floor":7,"gold_loss":0},{"damage_healed":0,"gold_gain":0,"player_choice":"Lose Max HP","damage_taken":0,"relics_obtained":["Golden Idol"],"max_hp_gain":0,"max_hp_loss":5,"event_name":"Golden Idol","floor":12,"gold_loss":0},{"damage_healed":0,"gold_gain":0,"player_choice":"Ignored","damage_taken":0,"max_hp_gain":0,"max_hp_loss":0,"event_name":"Ghosts","floor":19,"gold_loss":0},{"damage_healed":0,"gold_gain":0,"player_choice":"Gave Idol","damage_taken":0,"relics_obtained":["Bloody Idol"],"max_hp_gain":0,"max_hp_loss":0,"event_name":"Forgotten Altar","floor":20,"relics_lost":["Golden Idol"],"gold_loss":0}],"is_beta":false,"boss_relics":[{"not_picked":["Philosopher\u0027s Stone","Runic Pyramid"],"picked":"Cursed Key"}],"items_purged_floors":[5],"is_endless":false,"potions_floor_spawned":[2,4,10,11],"ascension_level":2}