{"gold_per_floor":[216,15,31,44,64,64,74,100,100,100,117,129,129,129,129,228,228,245,345,363,144,144,144,144,144,144,154,164,178,178,178,178,281,281,296,24,124,124,177,177,188,202,226,226,236,256,267,267,267,267],"floor_reached":51,"playtime":3624,"items_purged":["Defend_B","Defend_B"],"score":871,"play_id":"4f792012-0017-43e4-8998-10aea95875e6","local_time":"20190410134718","is_ascension_mode":true,"campfire_choices":[{"data":"Sunder","floor":6.0,"key":"SMITH"},{"floor":10.0,"key":"REST"},{"data":"Loop","floor":13.0,"key":"SMITH"},{"data":"Conserve Battery","floor":15.0,"key":"SMITH"},{"floor":23.0,"key":"REST"},{"floor":25.0,"key":"REST"},{"data":"Consume","floor":32.0,"key":"SMITH"},{"data":"Defend_B","floor":40,"key":"PURGE"},{"floor":44,"key":"REST"},{"floor":49,"key":"REST"}],"neow_cost":"NONE","seed_source_timestamp":0,"circlet_count":0,"master_deck":["Strike_B","Strike_B","Strike_B","Defend_B","Zap","Dualcast","Sunder+1","Conserve Battery+1","Loop+1","Seek","Buffer","Leap+1","Capacitor","Cold Snap","Chill","Consume+1","Self Repair","Redo+1","Lockon+1","Cold Snap","Coolheaded+1","Tempest+1"],"special_seed":0,"relics":["Cracked Core","Membership Card","Omamori","Lantern","Bag of Marbles","Runic Pyramid","Shovel","Pear","Torii","MutagenicStrength","Sundial","WingedGreaves","White Beast Statue","Runic Capacitor","Toxic Egg 2","StoneCalendar","Peace Pipe","Potion Belt","Gremlin Horn"],"potions_floor_usage":[39,39,42,42,45,47,50,50],"damage_taken":[{"damage":0.0,"enemies":"Small Slimes","floor":1.0,"turns":3.0},{"damage":1.0,"enemies":"Cultist","floor":3.0,"turns":3.0},{"damage":1.0,"enemies":"2 Louse","floor":4.0,"turns":2.0},{"damage":0.0,"enemies":"2 Fungi Beasts","floor":5.0,"turns":2.0},{"damage":2.0,"enemies":"Exordium Wildlife","floor":7.0,"turns":4.0},{"damage":14.0,"enemies":"3 Sentries","floor":8.0,"turns":6.0},{"damage":0.0,"enemies":"3 Louse","floor":11.0,"turns":3.0},{"damage":1.0,"enemies":"Blue Slaver","floor":12.0,"turns":2.0},{"damage":21.0,"enemies":"The Guardian","floor":16.0,"turns":10.0},{"damage":11.0,"enemies":"2 Thieves","floor":18.0,"turns":4.0},{"damage":4.0,"enemies":"Colosseum Slavers","floor":19.0,"turns":5.0},{"damage":46.0,"enemies":"Colosseum Nobs","floor":19.0,"turns":7.0},{"damage":7.0,"enemies":"Spheric Guardian","floor":20.0,"turns":7.0},{"damage":2.0,"enemies":"Centurion and Healer","floor":27.0,"turns":5.0},{"damage":0.0,"enemies":"3 Cultists","floor":28.0,"turns":5.0},{"damage":0.0,"enemies":"Snecko","floor":29.0,"turns":4.0},{"damage":46.0,"enemies":"Automaton","floor":33.0,"turns":13.0},{"damage":20,"enemies":"3 Darklings","floor":35,"turns":8},{"damage":0,"enemies":"Mind Bloom Boss Battle","floor":37,"turns":7},{"damage":22,"enemies":"2 Orb Walkers","floor":39,"turns":7},{"damage":0,"enemies":"3 Shapes","floor":41,"turns":6},{"damage":42,"enemies":"Writhing Mass","floor":42,"turns":6},{"damage":16,"enemies":"Sphere and 2 Shapes","floor":45,"turns":6},{"damage":6,"enemies":"Spire Growth","floor":46,"turns":7},{"damage":10,"enemies":"4 Shapes","floor":47,"turns":4},{"damage":54,"enemies":"Time Eater","floor":50,"turns":12}],"seed_played":"-3278745306273726655","potions_obtained":[{"floor":1.0,"key":"Energy Potion"},{"floor":4.0,"key":"AttackPotion"},{"floor":12.0,"key":"Strength Potion"},{"floor":18.0,"key":"SkillPotion"},{"floor":28.0,"key":"Poison Potion"},{"floor":35,"key":"FearPotion"},{"floor":37,"key":"FocusPotion"},{"floor":39,"key":"Block Potion"},{"floor":41,"key":"Explosive Potion"},{"floor":42,"key":"Fire Potion"},{"floor":45,"key":"Explosive Potion"},{"floor":46,"key":"Dexterity Potion"},{"floor":47,"key":"SkillPotion"}],"is_trial":false,"path_per_floor":["M","$","M","M","M","R","M","E","T","R","M","M","R","?","R","B",null,"M","?","M","$","?","R","?","R","T","M","M","M","?","T","R","B",null,"M","$","?","?","?","R","M","M","T","R","M","M","M","T","R","B",null],"character_chosen":"DEFECT","items_purchased":["Membership Card","Torii","Cold Snap","Runic Capacitor","Toxic Egg 2"],"campfire_rested":5,"item_purchase_floors":[2,21,21,36,36],"current_hp_per_floor":[68,68,67,66,66,66,64,50,50,72,72,71,71,71,71,50,69,58,18,11,11,11,36,36,61,61,59,59,59,85,85,85,39,74,54,54,61,61,46,46,53,18,18,43,34,35,32,32,57,10],"gold":267,"neow_bonus":"HUNDRED_GOLD","is_prod":false,"is_daily":false,"chose_seed":false,"campfire_upgraded":4,"win_rate":0,"timestamp":1554896838,"path_taken":["M","$","M","M","M","R","M","E","T","R","M","M","R","?","R","BOSS","M","?","M","$","?","R","?","R","T","?","M","M","?","?","R","BOSS","M","$","?","?","?","R","M","?","T","R","M","M","?","?","R","BOSS"],"build_version":"2019-01-23","purchased_purges":2,"victory":true,"max_hp_per_floor":[75,75,75,75,75,75,75,75,75,75,75,75,75,75,75,75,75,75,85,85,85,85,85,85,85,85,85,85,85,85,85,85,85,85,85,85,85,85,85,85,85,85,85,85,85,85,85,85,85,85],"card_choices":[{"not_picked":["Barrage","Rip and Tear"],"picked":"Sunder","floor":1.0},{"not_picked":["Steam","Lockon"],"picked":"Conserve Battery","floor":3.0},{"not_picked":["Sweeping Beam","Chaos","Go for the Eyes"],"picked":"SKIP","floor":4.0},{"not_picked":["Gash","Leap","Redo"],"picked":"SKIP","floor":5.0},{"not_picked":["Go for the Eyes","Beam Cell","Static Discharge"],"picked":"SKIP","floor":7.0},{"not_picked":["Gash","Aggregate"],"picked":"Loop","floor":8.0},{"not_picked":["Loop","Melter"],"picked":"Seek","floor":11.0},{"not_picked":["Rebound","Stack","Aggregate"],"picked":"SKIP","floor":12.0},{"not_picked":["Machine Learning","Seek"],"picked":"Buffer","floor":16.0},{"not_picked":["Sunder","Barrage"],"picked":"Leap+1","floor":18.0},{"not_picked":["Reprogram+1","Sweeping Beam"],"picked":"Capacitor","floor":19.0},{"not_picked":["Turbo","Leap","Static Discharge"],"picked":"SKIP","floor":20.0},{"not_picked":["Turbo","Barrage"],"picked":"Chill","floor":27.0},{"not_picked":["Force Field","Streamline","Ball Lightning"],"picked":"SKIP","floor":28.0},{"not_picked":["Turbo","Darkness"],"picked":"Consume","floor":29.0},{"not_picked":["Darkness","Ball Lightning"],"picked":"Self Repair","floor":35},{"not_picked":["Recycle+1","Gash"],"picked":"Redo+1","floor":37},{"not_picked":["Darkness+1","Go for the Eyes+1"],"picked":"Lockon+1","floor":41},{"not_picked":["Rebound+1","Sweeping Beam"],"picked":"Cold Snap","floor":42},{"not_picked":["Redo+1","Self Repair"],"picked":"Coolheaded+1","floor":45},{"not_picked":["Coolheaded+1","Gash","Barrage"],"picked":"SKIP","floor":46},{"not_picked":["Heatsinks","Stack+1"],"picked":"Tempest+1","floor":47}],"player_experience":338847,"relics_obtained":[{"floor":8.0,"key":"Omamori"},{"floor":9.0,"key":"Lantern"},{"floor":19.0,"key":"Shovel"},{"floor":19.0,"key":"Pear"},{"floor":26.0,"key":"Sundial"},{"floor":31.0,"key":"WingedGreaves"},{"floor":37,"key":"StoneCalendar"},{"floor":39,"key":"Peace Pipe"},{"floor":43,"key":"Potion Belt"},{"floor":48,"key":"Gremlin Horn"}],"event_choices":[{"damage_healed":0.0,"max_hp_gain":0.0,"max_hp_loss":0.0,"gold_gain":0.0,"event_name":"WeMeetAgain","player_choice":"Gave Potion","floor":14.0,"gold_loss":0.0,"damage_taken":0.0,"relics_obtained":["Bag of Marbles"]},{"damage_healed":0.0,"max_hp_gain":0.0,"max_hp_loss":0.0,"gold_gain":0.0,"event_name":"Colosseum","player_choice":"Fight","floor":19.0,"gold_loss":0.0,"damage_taken":0.0},{"damage_healed":0.0,"max_hp_gain":0.0,"max_hp_loss":0.0,"gold_gain":0.0,"event_name":"Colosseum","player_choice":"Fought Nobs","floor":19.0,"gold_loss":0.0,"damage_taken":0.0},{"damage_healed":0.0,"max_hp_gain":0.0,"max_hp_loss":0.0,"gold_gain":0.0,"event_name":"Drug Dealer","player_choice":"Inject Mutagens","floor":22.0,"gold_loss":0.0,"damage_taken":0.0,"relics_obtained":["MutagenicStrength"]},{"cards_removed":["Strike_B"],"damage_healed":0.0,"max_hp_gain":0.0,"max_hp_loss":0.0,"gold_gain":0.0,"event_name":"Back to Basics","player_choice":"Elegance","floor":24.0,"gold_loss":0.0,"damage_taken":0.0},{"damage_healed":28.0,"max_hp_gain":0.0,"max_hp_loss":0.0,"gold_gain":0.0,"event_name":"The Library","player_choice":"Heal","floor":30.0,"gold_loss":0.0,"damage_taken":0.0},{"damage_healed":0,"gold_gain":0,"player_choice":"Fight","damage_taken":0,"max_hp_gain":0,"max_hp_loss":0,"event_name":"MindBloom","floor":37,"gold_loss":0},{"damage_healed":0,"gold_gain":0,"player_choice":"Memory 1","damage_taken":0,"max_hp_gain":0,"max_hp_loss":0,"event_name":"SensoryStone","floor":38,"gold_loss":0},{"damage_healed":0,"gold_gain":0,"player_choice":"Fight","damage_taken":0,"max_hp_gain":0,"max_hp_loss":0,"event_name":"Mysterious Sphere","floor":39,"gold_loss":0}],"is_beta":false,"boss_relics":[{"not_picked":["Ectoplasm","Calling Bell"],"picked":"Runic Pyramid"},{"not_picked":["Coffee Dripper","Orrery"],"picked":"White Beast Statue"}],"items_purged_floors":[21,36],"is_endless":false,"potions_floor_spawned":[1,4,12,18,28,35,37,39,41,42,45,46,47],"ascension_level":9}