{"gold_per_floor":[114,129,129,139,139,139,155,155,229,7,21,33,33,43,43,141,141,157,157,169,169,169,169,15,15,90,105,105,123,123,151,151,151],"floor_reached":33,"playtime":1124,"items_purged":["Strike_B","Strike_B"],"score":360,"play_id":"29c4fffd-2efa-4f62-a8f9-86488c1c529c","local_time":"20190421215702","is_ascension_mode":true,"campfire_choices":[{"data":"Fusion","floor":6,"key":"SMITH"},{"floor":13,"key":"REST"},{"floor":15,"key":"REST"},{"floor":23,"key":"REST"},{"data":"Beam Cell","floor":28,"key":"SMITH"},{"floor":30,"key":"REST"},{"floor":32,"key":"REST"}],"neow_cost":"TEN_PERCENT_HP_LOSS","seed_source_timestamp":736060661301363,"circlet_count":0,"master_deck":["Strike_B","Strike_B+1","Defend_B","Defend_B","Defend_B","Defend_B","Zap","Dualcast","Go for the Eyes","Sunder+1","Fusion+1","Beam Cell+1","Hologram","Undo","Gash","Seek","Leap+1","Go for the Eyes","Gash","Hologram","Turbo"],"relics":["Cracked Core","Unceasing Top","Juzu Bracelet","White Beast Statue","Strawberry","Enchiridion","Darkstone Periapt","Centennial Puzzle"],"potions_floor_usage":[12,14,16,18,27,29,31,31,33,33],"damage_taken":[{"damage":8,"enemies":"Small Slimes","floor":1,"turns":3},{"damage":8,"enemies":"2 Louse","floor":2,"turns":2},{"damage":7,"enemies":"Jaw Worm","floor":4,"turns":2},{"damage":10,"enemies":"Lots of Slimes","floor":7,"turns":4},{"damage":4,"enemies":"Blue Slaver","floor":11,"turns":3},{"damage":12,"enemies":"Exordium Thugs","floor":12,"turns":3},{"damage":5,"enemies":"Gremlin Gang","floor":14,"turns":4},{"damage":20,"enemies":"The Guardian","floor":16,"turns":7},{"damage":40,"enemies":"3 Byrds","floor":18,"turns":7},{"damage":11,"enemies":"Shell Parasite","floor":20,"turns":4},{"damage":8,"enemies":"Snecko","floor":27,"turns":4},{"damage":20,"enemies":"Sentry and Sphere","floor":29,"turns":6},{"damage":27,"enemies":"Book of Stabbing","floor":31,"turns":6},{"damage":67,"enemies":"Automaton","floor":33,"turns":6}],"seed_played":"4183452256539859354","potions_obtained":[{"floor":1,"key":"Strength Potion"},{"floor":7,"key":"FearPotion"},{"floor":12,"key":"Explosive Potion"},{"floor":14,"key":"GamblersBrew"},{"floor":18,"key":"FearPotion"},{"floor":20,"key":"Explosive Potion"},{"floor":25,"key":"PowerPotion"},{"floor":25,"key":"Block Potion"},{"floor":27,"key":"Energy Potion"},{"floor":29,"key":"EssenceOfSteel"},{"floor":31,"key":"PowerPotion"}],"is_trial":false,"path_per_floor":["M","M","?","M","?","R","M","?","T","$","M","M","R","M","R","B",null,"M","?","M","?","?","R","$","?","T","M","R","M","R","E","R","B"],"character_chosen":"DEFECT","items_purchased":["Juzu Bracelet","Gash"],"campfire_rested":5,"item_purchase_floors":[10,24],"current_hp_per_floor":[60,52,52,45,31,31,21,21,21,21,17,5,25,20,40,20,56,16,38,27,34,18,40,40,40,40,32,32,12,34,7,29,0],"gold":151,"neow_bonus":"ONE_RARE_RELIC","is_prod":false,"is_daily":false,"chose_seed":false,"campfire_upgraded":2,"win_rate":0,"timestamp":1555851422,"path_taken":["M","M","?","M","?","R","M","?","T","$","M","M","R","M","R","BOSS","M","?","M","?","?","R","$","?","T","M","R","M","R","E","R","BOSS"],"build_version":"2019-01-23","purchased_purges":2,"victory":false,"max_hp_per_floor":[68,68,68,68,68,68,68,68,68,68,68,68,68,68,68,68,68,68,68,68,75,75,75,75,75,75,75,75,75,75,75,75,75],"card_choices":[{"not_picked":["Steam","Fusion"],"picked":"Go for the Eyes","floor":1},{"not_picked":["Melter","Turbo"],"picked":"Sunder","floor":2},{"not_picked":["Redo","Steam"],"picked":"Fusion","floor":4},{"not_picked":["Redo","Steam"],"picked":"Beam Cell","floor":7},{"not_picked":["FTL","Force Field"],"picked":"Hologram","floor":11},{"not_picked":["Sweeping Beam","Double Energy"],"picked":"Undo","floor":12},{"not_picked":["Ball Lightning","Hologram"],"picked":"Gash","floor":14},{"not_picked":["Machine Learning","Amplify"],"picked":"Seek","floor":16},{"not_picked":["Skim","Sweeping Beam"],"picked":"Leap+1","floor":18},{"not_picked":["Redo","Aggregate"],"picked":"Go for the Eyes","floor":20},{"not_picked":["Chaos","Cold Snap","Leap"],"picked":"SKIP","floor":27},{"not_picked":["Skim","Coolheaded"],"picked":"Hologram","floor":29},{"not_picked":["Blizzard","Redo+1"],"picked":"Turbo","floor":31}],"player_experience":407701,"relics_obtained":[{"floor":22,"key":"Enchiridion"},{"floor":26,"key":"Darkstone Periapt"},{"floor":31,"key":"Centennial Puzzle"}],"event_choices":[{"damage_healed":0,"gold_gain":0,"player_choice":"Ignored","damage_taken":0,"max_hp_gain":0,"max_hp_loss":0,"event_name":"Liars Game","floor":3,"gold_loss":0},{"damage_healed":0,"gold_gain":0,"player_choice":"Entered Light","damage_taken":14,"max_hp_gain":0,"max_hp_loss":0,"event_name":"Shining Light","floor":5,"gold_loss":0,"cards_upgraded":["Strike_B","Sunder"]},{"damage_healed":0,"gold_gain":0,"player_choice":"Searched \u00270\u0027 times","damage_taken":0,"max_hp_gain":0,"max_hp_loss":0,"event_name":"Dead Adventurer","floor":8,"gold_loss":0},{"damage_healed":22,"gold_gain":0,"player_choice":"Heal","damage_taken":0,"max_hp_gain":0,"max_hp_loss":0,"event_name":"The Library","floor":19,"gold_loss":0},{"damage_healed":0,"gold_gain":0,"player_choice":"Gave Potion","damage_taken":0,"relics_obtained":["Strawberry"],"max_hp_gain":0,"max_hp_loss":0,"event_name":"WeMeetAgain","floor":21,"gold_loss":0},{"damage_healed":0,"gold_gain":0,"player_choice":"Obtained Book","damage_taken":16,"max_hp_gain":0,"max_hp_loss":0,"event_name":"Cursed Tome","floor":22,"gold_loss":0},{"damage_healed":0,"gold_gain":0,"player_choice":"Got Potions","damage_taken":0,"max_hp_gain":0,"max_hp_loss":0,"event_name":"Lab","floor":25,"gold_loss":0}],"is_beta":false,"boss_relics":[{"not_picked":["Runic Dome","Busted Crown"],"picked":"White Beast Statue"}],"items_purged_floors":[10,24],"is_endless":false,"potions_floor_spawned":[1,7,12,14,18,20,27,29,31],"killed_by":"Automaton","ascension_level":8}