{"gold_per_floor":[114,129,144,159,84,84,99,99,149,168,187,206,244,244,244,369,369,388,313,313,332,351,370,370,270,270,289,164,14,14,14,14,139,139,158,283,302,302,302,302,302,321,321,359,184,184,222,241,241,241],"floor_reached":51,"playtime":2899,"items_purged":["Strike_G","Dash","Coolheaded","Die Die Die","Well Laid Plans+1"],"score":759,"play_id":"a44071b2-8466-4a9c-958e-5baf4f36f382","local_time":"20181214190344","daily_mods":["Specialized","Blue Cards","Binary"],"is_ascension_mode":false,"campfire_choices":[{"data":"FTL","floor":6,"key":"SMITH"},{"floor":15,"key":"REST"},{"data":"Finisher","floor":24,"key":"SMITH"},{"data":"FTL","floor":32,"key":"SMITH"},{"data":"Leap","floor":40,"key":"SMITH"},{"data":"Envenom","floor":46,"key":"SMITH"},{"data":"Reboot","floor":49,"key":"SMITH"}],"neow_cost":"","seed_source_timestamp":0,"circlet_count":0,"master_deck":["Survivor","Neutralize","FTL+1","FTL+1","FTL","FTL","FTL","Backstab+1","Dagger Throw","Finisher+1","Leap+1","Machine Learning","White Noise+1","Reboot+1","After Image","Envenom+1"],"special_seed":17879,"relics":["Ring of the Snake","Golden Idol","Juzu Bracelet","Ornamental Fan","Bottled Lightning","Nloth\u0027s Gift","Astrolabe","Calipers","Molten Egg 2","Oddly Smooth Stone","Smiling Mask"],"potions_floor_usage":[13,16,16,16,16,23,23,33,37,50,50],"damage_taken":[{"damage":0,"enemies":"Jaw Worm","floor":1,"turns":2},{"damage":0,"enemies":"2 Louse","floor":2,"turns":2},{"damage":0,"enemies":"Small Slimes","floor":3,"turns":2},{"damage":2,"enemies":"Exordium Wildlife","floor":4,"turns":3},{"damage":0,"enemies":"Blue Slaver","floor":7,"turns":2},{"damage":0,"enemies":"Exordium Thugs","floor":10,"turns":4},{"damage":0,"enemies":"Red Slaver","floor":11,"turns":2},{"damage":0,"enemies":"2 Fungi Beasts","floor":12,"turns":2},{"damage":0,"enemies":"Lagavulin","floor":13,"turns":1},{"damage":4,"enemies":"Slime Boss","floor":16,"turns":6},{"damage":0,"enemies":"Shell Parasite","floor":18,"turns":3},{"damage":0,"enemies":"Spheric Guardian","floor":21,"turns":1},{"damage":3,"enemies":"Snake Plant","floor":22,"turns":4},{"damage":0,"enemies":"Snecko","floor":23,"turns":5},{"damage":0,"enemies":"Centurion and Healer","floor":27,"turns":4},{"damage":15,"enemies":"Collector","floor":33,"turns":4},{"damage":6,"enemies":"3 Shapes","floor":35,"turns":2},{"damage":4,"enemies":"Mind Bloom Boss Battle","floor":36,"turns":4},{"damage":0,"enemies":"3 Darklings","floor":37,"turns":3},{"damage":0,"enemies":"Transient","floor":42,"turns":5},{"damage":0,"enemies":"Giant Head","floor":44,"turns":4},{"damage":7,"enemies":"Reptomancer","floor":47,"turns":5},{"damage":0,"enemies":"Maw","floor":48,"turns":4},{"damage":38,"enemies":"Awakened One","floor":50,"turns":12}],"seed_played":"7066479884304422075","potions_obtained":[{"floor":2,"key":"Dexterity Potion"},{"floor":4,"key":"FearPotion"},{"floor":7,"key":"Energy Potion"},{"floor":11,"key":"EntropicBrew"},{"floor":21,"key":"Energy Potion"},{"floor":23,"key":"Energy Potion"},{"floor":36,"key":"SkillPotion"},{"floor":37,"key":"FearPotion"},{"floor":44,"key":"EssenceOfSteel"}],"is_trial":false,"path_per_floor":["M","M","M","M","$","R","M","?","T","M","M","M","E","?","R","B",null,"M","?","?","M","M","M","R","$","T","M","$","$","?","$","R","B",null,"M","?","M","?","?","R","?","M","T","E","$","R","E","M","R","B",null],"character_chosen":"THE_SILENT","items_purchased":[],"campfire_rested":1,"item_purchase_floors":[],"current_hp_per_floor":[70,70,70,68,68,68,68,51,51,51,51,51,51,37,58,54,70,70,70,70,70,67,67,67,67,67,67,67,67,67,67,67,52,70,64,60,60,60,60,60,60,60,60,60,60,60,53,53,53,15],"gold":241,"neow_bonus":"","is_prod":false,"is_daily":true,"chose_seed":false,"campfire_upgraded":6,"win_rate":0,"timestamp":1544810624,"path_taken":["M","M","M","M","$","R","M","?","T","M","M","M","E","?","R","BOSS","M","?","?","M","M","M","R","?","T","M","?","$","?","?","R","BOSS","M","?","M","?","?","R","?","M","T","E","$","R","E","M","R","BOSS"],"build_version":"2018-12-13","purchased_purges":5,"victory":true,"max_hp_per_floor":[70,70,70,70,70,70,70,70,70,70,70,70,70,70,70,70,70,70,70,70,70,70,70,70,70,70,70,70,70,70,70,70,70,70,70,70,70,70,70,70,70,70,70,70,70,70,70,70,70,70],"card_choices":[{"not_picked":["Coolheaded"],"picked":"Backstab","floor":1},{"not_picked":["Steam Power"],"picked":"Dagger Throw","floor":2},{"not_picked":["Predator","Prepared"],"picked":"SKIP","floor":3},{"not_picked":["Force Field","PiercingWail"],"picked":"SKIP","floor":4},{"not_picked":["Storm","Quick Slash"],"picked":"SKIP","floor":7},{"not_picked":["Leap","Deflect"],"picked":"SKIP","floor":10},{"not_picked":["Deadly Poison","Steam"],"picked":"SKIP","floor":11},{"not_picked":["Hologram"],"picked":"Finisher","floor":12},{"not_picked":["Steam","Streamline"],"picked":"SKIP","floor":13},{"not_picked":["Flying Knee+1","Sweeping Beam+1"],"picked":"SKIP","floor":18},{"not_picked":["Cold Snap+1","Stack"],"picked":"SKIP","floor":21},{"not_picked":["Setup","Deadly Poison"],"picked":"SKIP","floor":22},{"not_picked":["Noxious Fumes","Cold Snap"],"picked":"SKIP","floor":23},{"not_picked":["Acrobatics","Glacier+1"],"picked":"SKIP","floor":27},{"not_picked":["Compile Driver","Barrage"],"picked":"SKIP","floor":35},{"not_picked":["Bane+1"],"picked":"Reboot","floor":36},{"not_picked":["Steam"],"picked":"After Image","floor":37},{"not_picked":["Ball Lightning"],"picked":"Envenom","floor":42},{"not_picked":["Malaise","Undo+1"],"picked":"SKIP","floor":44},{"not_picked":["Underhanded Strike+1","Dodge and Roll"],"picked":"SKIP","floor":47},{"not_picked":["Blade Dance","Deflect+1"],"picked":"SKIP","floor":48}],"player_experience":420526,"relics_obtained":[{"floor":9,"key":"Juzu Bracelet"},{"floor":13,"key":"Ornamental Fan"},{"floor":26,"key":"Bottled Lightning"},{"floor":36,"key":"Calipers"},{"floor":43,"key":"Molten Egg 2"},{"floor":44,"key":"Oddly Smooth Stone"},{"floor":47,"key":"Smiling Mask"}],"event_choices":[{"damage_healed":0,"gold_gain":0,"player_choice":"Take Damage","damage_taken":17,"relics_obtained":["Golden Idol"],"max_hp_gain":0,"max_hp_loss":0,"event_name":"Golden Idol","floor":8,"gold_loss":0},{"damage_healed":0,"gold_gain":0,"player_choice":"Entered Light","damage_taken":14,"max_hp_gain":0,"max_hp_loss":0,"event_name":"Shining Light","floor":14,"gold_loss":0,"cards_upgraded":["Strike_G","Backstab"]},{"cards_removed":["Creative AI"],"damage_healed":0,"gold_gain":0,"player_choice":"Gave Gold","damage_taken":0,"max_hp_gain":0,"max_hp_loss":0,"event_name":"Beggar","floor":19,"gold_loss":75},{"damage_healed":0,"gold_gain":0,"player_choice":"Ignored","damage_taken":0,"max_hp_gain":0,"max_hp_loss":0,"event_name":"The Mausoleum","floor":20,"gold_loss":0},{"damage_healed":0,"gold_gain":0,"player_choice":"Traded Relic","damage_taken":0,"relics_obtained":["Nloth\u0027s Gift"],"max_hp_gain":0,"max_hp_loss":0,"event_name":"N\u0027loth","floor":30,"relics_lost":["Pandora\u0027s Box"],"gold_loss":0},{"damage_healed":0,"gold_gain":0,"player_choice":"Fight","damage_taken":0,"max_hp_gain":0,"max_hp_loss":0,"event_name":"MindBloom","floor":36,"gold_loss":0},{"damage_healed":0,"gold_gain":0,"player_choice":"Memory 1","damage_taken":0,"max_hp_gain":0,"max_hp_loss":0,"event_name":"SensoryStone","floor":38,"gold_loss":0},{"cards_removed":["Recycle"],"damage_healed":0,"gold_gain":0,"player_choice":"Purged","damage_taken":0,"max_hp_gain":0,"max_hp_loss":0,"event_name":"Purifier","floor":39,"gold_loss":0},{"damage_healed":0,"gold_gain":0,"player_choice":"Ignored","damage_taken":0,"max_hp_gain":0,"max_hp_loss":0,"event_name":"Mysterious Sphere","floor":41,"gold_loss":0}],"is_beta":false,"boss_relics":[{"not_picked":["Cursed Key","Lizard Tail"],"picked":"Pandora\u0027s Box"},{"not_picked":["Coffee Dripper","HoveringKite"],"picked":"Astrolabe"}],"items_purged_floors":[5,25,28,29,45],"is_endless":false,"potions_floor_spawned":[2,4,7,11,21,23,36,37,44],"ascension_level":0}