{"gold_per_floor":[113,113,132,132,147,147,174,174,256,297,274,29,42,54,54,158,158,178,194,214,214,214,214,242,259,285,19,32,62,62,79,79,180,180,195,295,314,314,33,33,9,37,37,52,52,52,71,71,71,71],"floor_reached":51,"playtime":5004,"items_purged":["Defend_G"],"score":900,"play_id":"53a7a911-fd70-4f45-be51-f1986a20a9ff","local_time":"20190328141138","is_ascension_mode":true,"campfire_choices":[{"data":"Noxious Fumes","floor":6,"key":"SMITH"},{"data":"Caltrops","floor":15,"key":"SMITH"},{"data":"A Thousand Cuts","floor":23,"key":"SMITH"},{"floor":30,"key":"REST"},{"data":"Well Laid Plans","floor":32,"key":"SMITH"},{"data":"Catalyst","floor":40,"key":"SMITH"},{"floor":45,"key":"REST"},{"floor":49,"key":"REST"}],"neow_cost":"NONE","seed_source_timestamp":120453521125963,"circlet_count":0,"master_deck":["Defend_G","Defend_G+1","Defend_G","Defend_G","Survivor","Neutralize+1","Dodge and Roll","Noxious Fumes+1","Backstab","Well Laid Plans+1","Blur","Dash","Caltrops+1","Deadly Poison","PiercingWail","A Thousand Cuts+1","Backflip","Quick Slash","Dagger Spray+1","Bite","Bite","Bite","Catalyst+1","PiercingWail","Blur","Poisoned Stab","Corpse Explosion","Deadly Poison","Dash+1","Predator","Calculated Gamble","Flying Knee+1","Footwork+1","Blur+1","Acrobatics","Noxious Fumes+1","Noxious Fumes+1","PiercingWail+1","Dodge and Roll+1","After Image"],"relics":["Ring of the Snake","Question Card","MawBank","Sundial","Mango","Ancient Tea Set","Velvet Choker","Juzu Bracelet","Oddly Smooth Stone","Membership Card","Orichalcum","Mercury Hourglass","Orrery","Bird Faced Urn","Lantern","Prayer Wheel","Bag of Marbles","Toxic Egg 2"],"potions_floor_usage":[10,19,24,25,29,33,33,42,50,50],"damage_taken":[{"damage":0,"enemies":"Cultist","floor":1,"turns":3},{"damage":1,"enemies":"Small Slimes","floor":3,"turns":3},{"damage":1,"enemies":"Jaw Worm","floor":5,"turns":5},{"damage":27,"enemies":"Gremlin Nob","floor":7,"turns":5},{"damage":29,"enemies":"Lagavulin","floor":10,"turns":8},{"damage":0,"enemies":"2 Fungi Beasts","floor":13,"turns":3},{"damage":0,"enemies":"Exordium Wildlife","floor":14,"turns":4},{"damage":5,"enemies":"Hexaghost","floor":16,"turns":8},{"damage":14,"enemies":"3 Byrds","floor":18,"turns":3},{"damage":17,"enemies":"Spheric Guardian","floor":19,"turns":6},{"damage":1,"enemies":"Snecko","floor":20,"turns":6},{"damage":20,"enemies":"Book of Stabbing","floor":24,"turns":6},{"damage":21,"enemies":"Shelled Parasite and Fungi","floor":25,"turns":8},{"damage":0,"enemies":"3 Cultists","floor":28,"turns":4},{"damage":18,"enemies":"Slavers","floor":29,"turns":6},{"damage":12,"enemies":"Centurion and Healer","floor":31,"turns":8},{"damage":60,"enemies":"Collector","floor":33,"turns":8},{"damage":0,"enemies":"3 Shapes","floor":35,"turns":5},{"damage":0,"enemies":"Mind Bloom Boss Battle","floor":36,"turns":6},{"damage":2,"enemies":"Orb Walker","floor":37,"turns":4},{"damage":34,"enemies":"Reptomancer","floor":42,"turns":8},{"damage":14,"enemies":"Sphere and 2 Shapes","floor":44,"turns":4},{"damage":7,"enemies":"4 Shapes","floor":47,"turns":4},{"damage":48,"enemies":"Donu and Deca","floor":50,"turns":5}],"seed_played":"-4561940763545346620","potions_obtained":[{"floor":5,"key":"Weak Potion"},{"floor":7,"key":"GhostInAJar"},{"floor":10,"key":"Explosive Potion"},{"floor":13,"key":"Regen Potion"},{"floor":25,"key":"GhostInAJar"},{"floor":29,"key":"Strength Potion"},{"floor":31,"key":"Poison Potion"},{"floor":33,"key":"SpeedPotion"},{"floor":36,"key":"Swift Potion"},{"floor":44,"key":"Ancient Potion"}],"is_trial":false,"path_per_floor":["M","?","T","?","?","?","?","?","?","?"],"character_chosen":"THE_SILENT","items_purchased":["Dash","Ancient Tea Set","Caltrops","Membership Card","Orichalcum","Lantern","Prayer Wheel","Fire Potion","Acrobatics"],"campfire_rested":3,"item_purchase_floors":[12,12,12,27,27,39,39,39,41],"current_hp_per_floor":[77,77,76,61,60,60,33,33,33,18,40,40,40,40,40,35,77,63,61,60,60,49,49,39,28,28,28,36,30,50,56,56,6,53,61,68,68,68,68,68,68,46,46,38,58,58,57,57,65,23],"gold":71,"neow_bonus":"TEN_PERCENT_HP_BONUS","is_prod":false,"is_daily":false,"chose_seed":false,"campfire_upgraded":5,"win_rate":0,"timestamp":1553803898,"path_taken":["M","$","?","?","M","R","E","?","T","E","?","$","M","M","R","BOSS","M","M","M","?","?","R","E","M","T","$","M","E","R","M","R","BOSS","M","?","M","?","$","R","$","E","T","M","R","?","M","?","R","BOSS"],"build_version":"2019-01-23","purchased_purges":1,"victory":true,"max_hp_per_floor":[77,77,77,77,77,77,77,77,77,91,91,91,91,91,91,91,91,91,91,91,63,68,68,68,68,68,68,68,68,68,68,68,68,68,68,68,68,68,68,68,68,68,68,68,68,65,65,65,65,65],"card_choices":[{"not_picked":["Poisoned Stab","Acrobatics"],"picked":"Dodge and Roll","floor":1},{"not_picked":["Reflex","Acrobatics"],"picked":"Noxious Fumes","floor":3},{"not_picked":["Masterful Stab","Underhanded Strike"],"picked":"Backstab","floor":5},{"not_picked":["Tactician","Footwork"],"picked":"Well Laid Plans","floor":7},{"not_picked":["Riddle With Holes","Flying Knee","Heel Hook"],"picked":"Blur","floor":10},{"not_picked":["Dagger Spray","Deflect","Accuracy"],"picked":"Deadly Poison","floor":13},{"not_picked":["Well Laid Plans","Bane","Bouncing Flask"],"picked":"PiercingWail","floor":14},{"not_picked":["Malaise","Bullet Time","Wraith Form v2"],"picked":"A Thousand Cuts","floor":16},{"not_picked":["Escape Plan","Outmaneuver+1","Masterful Stab"],"picked":"Backflip","floor":18},{"not_picked":["Acrobatics","Flying Knee","Well Laid Plans"],"picked":"Quick Slash","floor":19},{"not_picked":["Predator","Underhanded Strike","Sucker Punch"],"picked":"Dagger Spray+1","floor":20},{"not_picked":["Bullet Time","Dagger Spray","Prepared","Flying Knee+1"],"picked":"SKIP","floor":24},{"not_picked":["Deflect","Blur","Eviscerate"],"picked":"Catalyst","floor":25},{"not_picked":["Terror","Deadly Poison","Sucker Punch"],"picked":"PiercingWail","floor":28},{"not_picked":["Underhanded Strike","Night Terror","Cloak And Dagger+1"],"picked":"Blur","floor":29},{"not_picked":["All Out Attack","Prepared","Accuracy"],"picked":"Poisoned Stab","floor":31},{"not_picked":["Adrenaline","Grand Finale","Venomology"],"picked":"Corpse Explosion","floor":33},{"not_picked":["Slice","Quick Slash","Well Laid Plans+1"],"picked":"Deadly Poison","floor":34},{"not_picked":["Dagger Throw+1","Deadly Poison","Reflex"],"picked":"Dash+1","floor":34},{"not_picked":["Dodge and Roll","Outmaneuver","Heel Hook"],"picked":"Predator","floor":34},{"not_picked":["PiercingWail+1","Accuracy","Underhanded Strike"],"picked":"Calculated Gamble","floor":34},{"not_picked":["Outmaneuver","Eviscerate","Quick Slash"],"picked":"Flying Knee+1","floor":34},{"not_picked":["Flechettes","Masterful Stab","Grand Finale"],"picked":"Footwork+1","floor":35},{"not_picked":["Outmaneuver+1","Underhanded Strike+1","Caltrops"],"picked":"Blur+1","floor":36},{"not_picked":["Underhanded Strike+1","Quick Slash+1","Poisoned Stab","Slice"],"picked":"SKIP","floor":37},{"not_picked":["Caltrops+1","Infinite Blades","Blade Dance"],"picked":"Noxious Fumes+1","floor":42},{"not_picked":["Backflip+1","Deadly Poison+1","Cloak And Dagger+1"],"picked":"Noxious Fumes+1","floor":44},{"not_picked":["Bane","Slice+1","Cloak And Dagger+1"],"picked":"PiercingWail+1","floor":44},{"not_picked":["Choke+1","Slice+1","Glass Knife"],"picked":"Dodge and Roll+1","floor":47},{"not_picked":["Deadly Poison+1","Prepared+1","Setup+1"],"picked":"After Image","floor":47}],"player_experience":378922,"relics_obtained":[{"floor":7,"key":"Question Card"},{"floor":8,"key":"MawBank"},{"floor":9,"key":"Sundial"},{"floor":10,"key":"Mango"},{"floor":24,"key":"Juzu Bracelet"},{"floor":26,"key":"Oddly Smooth Stone"},{"floor":29,"key":"Mercury Hourglass"},{"floor":36,"key":"Bird Faced Urn"},{"floor":42,"key":"Bag of Marbles"},{"floor":43,"key":"Toxic Egg 2"}],"event_choices":[{"damage_healed":0,"gold_gain":0,"player_choice":"Entered Light","damage_taken":15,"max_hp_gain":0,"max_hp_loss":0,"event_name":"Shining Light","floor":4,"gold_loss":0,"cards_upgraded":["Neutralize","Defend_G"]},{"damage_healed":22,"gold_gain":0,"player_choice":"Healed","damage_taken":0,"max_hp_gain":0,"max_hp_loss":0,"event_name":"The Cleric","floor":11,"gold_loss":35},{"damage_healed":0,"gold_gain":0,"player_choice":"Became a vampire","damage_taken":0,"max_hp_gain":0,"max_hp_loss":28,"event_name":"Vampires","floor":21,"gold_loss":0,"cards_obtained":["Bite","Bite","Bite","Bite","Bite"]},{"damage_healed":0,"gold_gain":0,"player_choice":"Shed Blood","damage_taken":16,"max_hp_gain":5,"max_hp_loss":0,"event_name":"Forgotten Altar","floor":22,"gold_loss":0},{"damage_healed":0,"gold_gain":0,"player_choice":"Fight","damage_taken":0,"max_hp_gain":0,"max_hp_loss":0,"event_name":"MindBloom","floor":36,"gold_loss":0},{"cards_removed":["Bite"],"damage_healed":5,"gold_gain":0,"player_choice":"Offered Special","damage_taken":0,"max_hp_gain":0,"max_hp_loss":0,"event_name":"Bonfire Elementals","floor":38,"gold_loss":0},{"damage_healed":0,"gold_gain":0,"player_choice":"Max HP","damage_taken":0,"max_hp_gain":0,"max_hp_loss":3,"event_name":"Winding Halls","floor":46,"gold_loss":0},{"cards_removed":["Bite"],"damage_healed":0,"gold_gain":0,"player_choice":"Removed Attack","damage_taken":0,"max_hp_gain":0,"max_hp_loss":0,"event_name":"Falling","floor":48,"gold_loss":0}],"is_beta":false,"boss_relics":[{"not_picked":["Calling Bell","Philosopher\u0027s Stone"],"picked":"Velvet Choker"},{"not_picked":["Eternal Feather","Astrolabe"],"picked":"Orrery"}],"items_purged_floors":[39],"is_endless":false,"potions_floor_spawned":[5,7,10,13,25,29,31,33,36,44,47],"ascension_level":5}