{"gold_per_floor":[111,121,136,151,165,165,178,205,281,62,82,101,176,235,235,339,339,356,367,317,328,328],"floor_reached":22,"playtime":1234,"items_purged":[],"score":250,"play_id":"06b4efe5-b85d-4cc0-995f-e26bf041e2c6","local_time":"20190411233510","is_ascension_mode":true,"campfire_choices":[{"data":"Rampage","floor":6.0,"key":"SMITH"},{"data":"Havoc","floor":15,"key":"SMITH"}],"neow_cost":"PERCENT_DAMAGE","seed_source_timestamp":0,"circlet_count":0,"master_deck":["Strike_R","Strike_R","Strike_R","Strike_R","Strike_R","Defend_R","Defend_R","Bash","Clash","Iron Wave","Wild Strike","Rampage+1","Havoc+1","Bludgeon","Pommel Strike","Fire Breathing","Clash","Battle Trance","Iron Wave","Immolate","Headbutt+1","Sever Soul+1","Entrench+1"],"special_seed":0,"relics":["Burning Blood","Gambling Chip","Mummified Hand","Bag of Preparation","Juzu Bracelet","Runic Cube"],"potions_floor_usage":[14,16,22,22],"damage_taken":[{"damage":7.0,"enemies":"Jaw Worm","floor":1.0,"turns":3.0},{"damage":0.0,"enemies":"2 Louse","floor":2.0,"turns":2.0},{"damage":1.0,"enemies":"Cultist","floor":3.0,"turns":3.0},{"damage":11.0,"enemies":"Blue Slaver","floor":4.0,"turns":3.0},{"damage":11.0,"enemies":"Exordium Wildlife","floor":5.0,"turns":3.0},{"damage":10.0,"enemies":"Lots of Slimes","floor":7.0,"turns":4.0},{"damage":0.0,"enemies":"Gremlin Nob","floor":8.0,"turns":2.0},{"damage":3,"enemies":"Blue Slaver","floor":11,"turns":2},{"damage":9,"enemies":"2 Fungi Beasts","floor":12,"turns":2},{"damage":16,"enemies":"3 Sentries","floor":14,"turns":6},{"damage":17,"enemies":"Slime Boss","floor":16,"turns":9},{"damage":26,"enemies":"Shell Parasite","floor":18,"turns":3},{"damage":23,"enemies":"2 Thieves","floor":19,"turns":3},{"damage":6,"enemies":"3 Cultists","floor":21,"turns":3},{"damage":34,"enemies":"Centurion and Healer","floor":22,"turns":3}],"seed_played":"-8180572527607016872","potions_obtained":[{"floor":2.0,"key":"SkillPotion"},{"floor":4.0,"key":"EssenceOfSteel"},{"floor":7.0,"key":"Fire Potion"},{"floor":11,"key":"Weak Potion"},{"floor":19,"key":"AttackPotion"},{"floor":21,"key":"Weak Potion"}],"is_trial":false,"path_per_floor":["M","M","M","M","M","R","M","E","T","$","M","M","?","?","R","B",null,"M","M","?","M","M"],"character_chosen":"IRONCLAD","items_purchased":["Bag of Preparation","Fire Breathing"],"campfire_rested":0,"item_purchase_floors":[10,10],"current_hp_per_floor":[55,61,66,61,56,56,52,58,58,58,61,58,47,37,37,26,80,60,43,43,43,9],"gold":328,"neow_bonus":"REMOVE_TWO","is_prod":false,"is_daily":false,"chose_seed":false,"campfire_upgraded":2,"win_rate":0,"timestamp":1555018510,"path_taken":["M","M","M","M","M","R","M","E","T","$","M","M","?","?","R","BOSS","M","M","?","M","M"],"build_version":"2019-01-23","purchased_purges":0,"victory":false,"max_hp_per_floor":[80,80,80,80,80,80,80,80,80,80,80,80,80,80,80,80,80,80,80,80,80,80],"card_choices":[{"not_picked":["Carnage","Havoc"],"picked":"Clash","floor":1.0},{"not_picked":["Clothesline","Perfected Strike"],"picked":"Iron Wave","floor":2.0},{"not_picked":["Heavy Blade","Rupture"],"picked":"Wild Strike","floor":3.0},{"not_picked":["Iron Wave","Juggernaut"],"picked":"Rampage","floor":4.0},{"not_picked":["Fire Breathing","True Grit"],"picked":"Havoc","floor":5.0},{"not_picked":["Metallicize","True Grit"],"picked":"Bludgeon","floor":7.0},{"not_picked":["Flex","Clothesline"],"picked":"Pommel Strike","floor":8.0},{"not_picked":["Clothesline","Power Through"],"picked":"Clash","floor":11},{"not_picked":["Armaments","Clothesline"],"picked":"Battle Trance","floor":12},{"not_picked":["Armaments","Sword Boomerang"],"picked":"Iron Wave","floor":14},{"not_picked":["Juggernaut","Dark Embrace"],"picked":"Immolate","floor":16},{"not_picked":["Armaments","Wild Strike"],"picked":"Headbutt+1","floor":18},{"not_picked":["Evolve","Havoc"],"picked":"Sever Soul+1","floor":19},{"not_picked":["Barricade","Body Slam"],"picked":"Entrench+1","floor":21}],"player_experience":388080,"relics_obtained":[{"floor":8.0,"key":"Gambling Chip"},{"floor":9.0,"key":"Mummified Hand"}],"event_choices":[{"damage_healed":0,"gold_gain":75,"player_choice":"Gather Gold","damage_taken":11,"max_hp_gain":0,"max_hp_loss":0,"event_name":"World of Goop","floor":13,"gold_loss":0},{"damage_healed":0,"gold_gain":0,"player_choice":"Searched \u00273\u0027 times","damage_taken":0,"relics_obtained":["Juzu Bracelet"],"max_hp_gain":0,"max_hp_loss":0,"event_name":"Dead Adventurer","floor":14,"gold_loss":0},{"damage_healed":0,"gold_gain":0,"player_choice":"Bet on Murderer","damage_taken":0,"max_hp_gain":0,"max_hp_loss":0,"event_name":"The Joust","floor":20,"gold_loss":50}],"is_beta":false,"boss_relics":[{"not_picked":["Cursed Key","Busted Crown"],"picked":"Runic Cube"}],"items_purged_floors":[],"is_endless":false,"potions_floor_spawned":[2,4,7,11,19,21],"killed_by":"Centurion and Healer","ascension_level":3}