{"gold_per_floor":[111,123,123,143,153,153,229,252,276,276,21,21,21,33,33,131,131,149,149,159,15,15],"floor_reached":22,"playtime":665,"items_purged":[],"score":174,"play_id":"df445395-a913-417b-aee5-b265cfda71eb","local_time":"20181014121047","is_ascension_mode":false,"campfire_choices":[{"data":"Perfected Strike","floor":6,"key":"SMITH"},{"data":"Bash","floor":10,"key":"SMITH"},{"data":"Clothesline","floor":12,"key":"SMITH"},{"data":"Battle Trance","floor":15,"key":"SMITH"}],"neow_cost":"NONE","seed_source_timestamp":235137353596444,"circlet_count":0,"master_deck":["Strike_R+1","Strike_R","Strike_R","Strike_R","Strike_R","Defend_R+1","Defend_R+1","Defend_R+1","Defend_R","Bash+1","Clothesline+1","Perfected Strike+1","Battle Trance+1","Demon Form","Anger"],"relics":["Burning Blood","War Paint","Bag of Preparation","Oddly Smooth Stone","Shuriken","Black Star","NlothsMask","Red Skull"],"potions_floor_usage":[],"damage_taken":[{"damage":3,"enemies":"Jaw Worm","floor":1,"turns":3},{"damage":0,"enemies":"Small Slimes","floor":2,"turns":3},{"damage":6,"enemies":"2 Louse","floor":4,"turns":2},{"damage":5,"enemies":"Red Slaver","floor":5,"turns":3},{"damage":0,"enemies":"2 Fungi Beasts","floor":14,"turns":3},{"damage":12,"enemies":"The Guardian","floor":16,"turns":14},{"damage":37,"enemies":"3 Byrds","floor":18,"turns":9},{"damage":45,"enemies":"Spheric Guardian","floor":20,"turns":8},{"damage":16,"enemies":"Cultist and Chosen","floor":22,"turns":5}],"seed_played":"225770352161247653","potions_obtained":[{"floor":5,"key":"Dexterity Potion"},{"floor":18,"key":"Explosive Potion"}],"is_trial":false,"path_per_floor":["M","M","?","M","M","R","?","T","T","R","$","R","?","M","R","B",null,"M","?","M","$"],"character_chosen":"IRONCLAD","items_purchased":["Shuriken","Red Skull"],"campfire_rested":0,"item_purchase_floors":[11,21],"current_hp_per_floor":[80,80,64,64,65,65,65,65,65,65,65,65,70,76,76,70,85,54,54,15,15,0],"gold":15,"neow_bonus":"RANDOM_COMMON_RELIC","is_prod":false,"is_daily":false,"chose_seed":false,"campfire_upgraded":4,"win_rate":0,"timestamp":1539544247,"path_taken":["M","M","?","M","?","R","?","?","T","R","?","R","?","M","R","BOSS","M","?","?","$","M"],"build_version":"2018-10-11","purchased_purges":0,"victory":false,"max_hp_per_floor":[80,80,80,80,80,80,80,80,80,80,80,80,85,85,85,85,85,85,85,85,85,85],"card_choices":[{"not_picked":["Twin Strike","Rupture"],"picked":"Clothesline","floor":1},{"not_picked":["Pommel Strike","Havoc","Twin Strike"],"picked":"SKIP","floor":2},{"not_picked":["Armaments","Anger"],"picked":"Perfected Strike","floor":4},{"not_picked":["Armaments","Uppercut","Headbutt"],"picked":"SKIP","floor":5},{"not_picked":["Anger","Immolate"],"picked":"Battle Trance","floor":14},{"not_picked":["Fiend Fire","Reaper"],"picked":"Demon Form","floor":16},{"not_picked":["Twin Strike","Evolve","Warcry"],"picked":"SKIP","floor":18},{"not_picked":["Corruption","Dropkick"],"picked":"Anger","floor":20}],"player_experience":288224,"relics_obtained":[{"floor":8,"key":"Bag of Preparation"},{"floor":9,"key":"Oddly Smooth Stone"}],"event_choices":[{"event_name":"Shining Light","player_choice":"Entered Light","floor":3,"damage_taken":0},{"event_name":"Golden Wing","player_choice":"Gained Gold","floor":7,"damage_taken":0},{"event_name":"Big Fish","player_choice":"Donut","floor":13,"damage_taken":0},{"event_name":"FaceTrader","player_choice":"Trade","floor":19,"damage_taken":0}],"is_beta":false,"boss_relics":[{"not_picked":["Lizard Tail","Orrery"],"picked":"Black Star"}],"items_purged_floors":[],"is_endless":false,"potions_floor_spawned":[5,18],"killed_by":"Cultist and Chosen","ascension_level":0}