{"gold_per_floor":[111,125,144,144,144,176,176,189,189,217,217,234,264,279,279,379,379,395,13,13,23,41,69,69,99,99,133,150,150,160,160,160,280,280,291,64,99,0,12,70,80,80,80,112,124,136,148,178,190,303,315,345,432,482,533,545,557,596,608,620,632,656,684,696,724,736,844,856,879,903,96,135,50,108,108,139,167,167,200,245,295,97,97,194,194,209,209,224,267,489,489,518,537,572,92,118,154,179,271,271,375,375,375],"floor_reached":103,"playtime":25261,"items_purged":["Defend_B","Electrodynamics","Strike_B"],"score":3228,"play_id":"d06d7096-c8b8-4cbb-8682-9fbbd0b79bb0","local_time":"20190407213229","daily_mods":["Allstar","Colorless Cards","Heirloom","Elite Swarm"],"is_ascension_mode":true,"campfire_choices":[{"data":"Apotheosis","floor":7,"key":"SMITH"},{"data":"1","floor":11,"key":"LIFT"},{"data":"2","floor":15,"key":"LIFT"},{"data":"3","floor":24,"key":"LIFT"},{"data":"Fission","floor":29,"key":"SMITH"},{"data":"Master of Strategy","floor":32,"key":"SMITH"},{"data":"Transmutation","floor":42,"key":"SMITH"},{"data":"Zap","floor":45,"key":"SMITH"},{"data":"Madness","floor":49,"key":"SMITH"},{"data":"Dualcast","floor":57,"key":"SMITH"},{"data":"Madness","floor":59,"key":"SMITH"},{"data":"Conserve Battery","floor":61,"key":"SMITH"},{"data":"Panache","floor":64,"key":"SMITH"},{"data":"Purity","floor":66,"key":"SMITH"},{"data":"Turbo","floor":78,"key":"SMITH"},{"floor":83,"key":"REST"},{"data":"Master of Strategy","floor":91,"key":"SMITH"},{"data":"Deep Breath","floor":100,"key":"SMITH"}],"neow_cost":"","seed_source_timestamp":1304385364478500,"circlet_count":0,"master_deck":["Zap+1","Dualcast+1","Bandage Up+1","Flash of Steel","Violence+1","Swift Strike","Panacea","Go for the Eyes","Steam","Leap","Apotheosis+1","Beam Cell+1","Leap","Metamorphosis","Steam","Master of Strategy+1","Conserve Battery+1","HandOfGreed+1","Go for the Eyes+1","Fission+1","Panache","Gash+1","Panache+1","Transmutation+1","Purity+1","Sadistic Nature","Madness+1","Madness+1","Beam Cell+1","Violence","Finesse+1","Blind+1","Swift Strike+1","Chill","Go for the Eyes+1","Gash+1","Steam","Trip+1","Purity","Turbo+1","Panacea","Secret Weapon","Master of Strategy+1","Redo+1","Panache","Gash+1","Turbo+1","Go for the Eyes+1","Flash of Steel+1","Deep Breath+1","Beam Cell+1","Dramatic Entrance+1","Master of Strategy"],"relics":["Cracked Core","Unceasing Top","Molten Egg 2","Letter Opener","The Courier","Girya","DataDisk","Sozu","Calipers","Nilry\u0027s Codex","Cables","Blue Candle","Bird Faced Urn","Incense Burner","NlothsMask","Empty Cage","DollysMirror","Red Mask","Thread and Needle","MawBank","Astrolabe","War Paint","PreservedInsect","Lizard Tail","Symbiotic Virus","Mummified Hand","Happy Flower","Blood Vial","Question Card","Dodecahedron","Coffee Dripper","Bag of Preparation","Matryoshka","Philosopher\u0027s Stone"],"potions_floor_usage":[6,6,10,13,16],"damage_taken":[{"damage":7,"enemies":"Small Slimes","floor":1,"turns":3},{"damage":17,"enemies":"2 Louse","floor":2,"turns":3},{"damage":8,"enemies":"Jaw Worm","floor":3,"turns":2},{"damage":10,"enemies":"Lagavulin","floor":6,"turns":6},{"damage":0,"enemies":"Red Slaver","floor":8,"turns":2},{"damage":8,"enemies":"3 Sentries","floor":10,"turns":5},{"damage":2,"enemies":"Exordium Wildlife","floor":12,"turns":3},{"damage":16,"enemies":"Gremlin Nob","floor":13,"turns":4},{"damage":0,"enemies":"Looter","floor":14,"turns":1},{"damage":0,"enemies":"Slime Boss","floor":16,"turns":4},{"damage":7,"enemies":"Shell Parasite","floor":18,"turns":2},{"damage":0,"enemies":"Chosen","floor":21,"turns":3},{"damage":0,"enemies":"Sentry and Sphere","floor":22,"turns":3},{"damage":13,"enemies":"Slavers","floor":23,"turns":4},{"damage":0,"enemies":"Gremlin Leader","floor":25,"turns":4},{"damage":1,"enemies":"Book of Stabbing","floor":27,"turns":3},{"damage":0,"enemies":"Centurion and Healer","floor":28,"turns":2},{"damage":6,"enemies":"Shelled Parasite and Fungi","floor":30,"turns":2},{"damage":0,"enemies":"Collector","floor":33,"turns":4},{"damage":0,"enemies":"3 Darklings","floor":35,"turns":2},{"damage":4,"enemies":"Orb Walker","floor":37,"turns":2},{"damage":1,"enemies":"3 Darklings","floor":39,"turns":2},{"damage":16,"enemies":"Reptomancer","floor":40,"turns":4},{"damage":5,"enemies":"Spire Growth","floor":41,"turns":3},{"damage":0,"enemies":"Nemesis","floor":44,"turns":3},{"damage":0,"enemies":"Maw","floor":48,"turns":3},{"damage":79,"enemies":"Time Eater","floor":50,"turns":9},{"damage":0,"enemies":"Jaw Worm","floor":52,"turns":1},{"damage":0,"enemies":"Small Slimes","floor":54,"turns":2},{"damage":0,"enemies":"Cultist","floor":55,"turns":1},{"damage":0,"enemies":"3 Sentries","floor":58,"turns":2},{"damage":0,"enemies":"Exordium Wildlife","floor":62,"turns":1},{"damage":0,"enemies":"Lots of Slimes","floor":63,"turns":1},{"damage":0,"enemies":"Blue Slaver","floor":65,"turns":1},{"damage":0,"enemies":"Hexaghost","floor":67,"turns":3},{"damage":0,"enemies":"Chosen","floor":69,"turns":1},{"damage":0,"enemies":"3 Byrds","floor":70,"turns":2},{"damage":0,"enemies":"Sentry and Sphere","floor":72,"turns":1},{"damage":0,"enemies":"Slavers","floor":74,"turns":1},{"damage":0,"enemies":"Gremlin Leader","floor":76,"turns":1},{"damage":0,"enemies":"Slavers","floor":77,"turns":1},{"damage":0,"enemies":"Book of Stabbing","floor":79,"turns":2},{"damage":20,"enemies":"Snake Plant","floor":80,"turns":2},{"damage":0,"enemies":"Slavers","floor":81,"turns":1},{"damage":11,"enemies":"Champ","floor":84,"turns":2},{"damage":0,"enemies":"Orb Walker","floor":86,"turns":2},{"damage":3,"enemies":"3 Shapes","floor":88,"turns":1},{"damage":0,"enemies":"Jaw Worm Horde","floor":89,"turns":1},{"damage":0,"enemies":"Reptomancer","floor":92,"turns":1},{"damage":0,"enemies":"3 Darklings","floor":93,"turns":1},{"damage":0,"enemies":"Nemesis","floor":94,"turns":1},{"damage":0,"enemies":"Giant Head","floor":96,"turns":1},{"damage":3,"enemies":"Sphere and 2 Shapes","floor":97,"turns":1},{"damage":0,"enemies":"Reptomancer","floor":98,"turns":1},{"damage":0,"enemies":"Jaw Worm Horde","floor":99,"turns":2},{"damage":20,"enemies":"Awakened One","floor":101,"turns":5},{"damage":0,"enemies":"Cultist","floor":103,"turns":1}],"seed_played":"1433544365","potions_obtained":[{"floor":1,"key":"LiquidBronze"},{"floor":3,"key":"Ancient Potion"},{"floor":8,"key":"PowerPotion"},{"floor":10,"key":"PowerPotion"},{"floor":13,"key":"Explosive Potion"}],"is_trial":true,"path_per_floor":["M","M","M","?","?","E","R","M","T","E","R","M","E","M","R","B",null,"M","$","?","M","M","E","R","E","T","E","M","R","M","?","R","B",null,"M","$","M","?","M","E","M","R","T","E","R","?","?","M","R","B",null,"M","?","M","M","?","R","E","R","T","R","M","M","R","M","R","B",null,"M","M","$","M","?","E","?","E","E","R","E","M","E","$","R","B",null,"M","?","M","M","?","R","E","M","E","$","E","M","E","M","R","B",null,"M"],"character_chosen":"DEFECT","items_purchased":["HandOfGreed+1","Calipers","DollysMirror","Symbiotic Virus","Purity","Turbo","Mummified Hand","Happy Flower","Blood Vial","Dodecahedron","Deep Breath","Bag of Preparation","Matryoshka"],"campfire_rested":1,"item_purchase_floors":[19,19,36,71,71,71,71,71,71,82,95,95,95],"current_hp_per_floor":[72,58,54,47,29,23,23,27,27,23,23,21,11,11,11,15,75,74,74,58,58,58,51,51,57,57,62,62,62,58,58,58,66,75,75,75,75,75,74,65,64,64,64,74,74,65,65,75,75,5,75,75,64,74,75,72,72,75,75,75,75,75,75,75,75,75,75,75,75,75,75,75,75,75,75,75,75,75,75,61,63,63,75,75,75,75,75,75,75,75,75,75,75,75,75,75,75,75,75,75,55,75,75],"gold":375,"neow_bonus":"","is_prod":false,"is_daily":false,"chose_seed":true,"campfire_upgraded":14,"win_rate":0,"timestamp":1554665549,"path_taken":["M","M","M","?","?","E","R","M","T","E","R","M","E","M","R","BOSS","M","$","?","M","M","E","R","E","T","E","M","R","M","?","R","BOSS","M","?","M","?","M","E","M","R","T","E","R","?","?","M","R","BOSS","M","?","M","M","?","R","E","R","T","R","M","M","R","M","R","BOSS","M","M","$","M","?","E","?","E","E","R","E","M","E","$","R","BOSS","M","?","M","M","?","R","E","M","E","?","E","?","E","M","R","BOSS","M"],"build_version":"2019-01-23","purchased_purges":3,"victory":false,"max_hp_per_floor":[75,75,75,75,75,75,75,75,75,75,75,75,75,75,75,75,75,75,75,75,75,75,75,75,75,75,75,75,75,75,75,75,75,75,75,75,75,75,75,75,75,75,75,75,75,75,75,75,75,75,75,75,75,75,75,75,75,75,75,75,75,75,75,75,75,75,75,75,75,75,75,75,75,75,75,75,75,75,75,75,75,75,75,75,75,75,75,75,75,75,75,75,75,75,75,75,75,75,75,75,75,75,75],"card_choices":[{"not_picked":["Stack","Heatsinks"],"picked":"Go for the Eyes","floor":1},{"not_picked":["Trip","Rip and Tear"],"picked":"Steam","floor":2},{"not_picked":["Sweeping Beam","Ball Lightning"],"picked":"Leap","floor":3},{"not_picked":["Chrysalis","Buffer"],"picked":"Apotheosis","floor":6},{"not_picked":["Panacea","Glacier"],"picked":"Beam Cell+1","floor":8},{"not_picked":["Reboot","Seek"],"picked":"Metamorphosis","floor":10},{"not_picked":["Cold Snap+1","Redo"],"picked":"Leap","floor":12},{"not_picked":["Meteor Strike+1","Mayhem"],"picked":"Metamorphosis","floor":13},{"not_picked":["Chill","Flash of Steel+1"],"picked":"Steam","floor":14},{"not_picked":["Buffer","Thinking Ahead"],"picked":"Master of Strategy","floor":16},{"not_picked":["Genetic Algorithm","Enlightenment+1"],"picked":"Conserve Battery","floor":18},{"not_picked":["Jack Of All Trades","Coolheaded","Leap"],"picked":"SKIP","floor":21},{"not_picked":["Rebound+1","Self Repair+1"],"picked":"Go for the Eyes+1","floor":22},{"not_picked":["Core Surge+1","Creative AI"],"picked":"Rainbow","floor":23},{"not_picked":["Core Surge+1","Master of Strategy"],"picked":"Fission","floor":25},{"not_picked":["Biased Cognition","Echo Form"],"picked":"Panache","floor":27},{"not_picked":["FTL+1","Beam Cell+1"],"picked":"Gash+1","floor":28},{"not_picked":["Redo","Doom and Gloom+1","Ball Lightning+1"],"picked":"SKIP","floor":30},{"not_picked":["Chrysalis","Magnetism"],"picked":"Electrodynamics","floor":33},{"not_picked":["Rebound+1","Streamline+1","Conserve Battery"],"picked":"SKIP","floor":35},{"not_picked":["Rebound+1","Barrage+1","Loop"],"picked":"SKIP","floor":37},{"not_picked":["Rebound+1","Magnetism","Compile Driver+1"],"picked":"SKIP","floor":39},{"not_picked":["Echo Form","Magnetism"],"picked":"Transmutation","floor":40},{"not_picked":["Impatience","Gash+1"],"picked":"Purity","floor":41},{"not_picked":["Transmutation","Amplify"],"picked":"Sadistic Nature","floor":44},{"not_picked":["Leap+1","Redo"],"picked":"Beam Cell+1","floor":48},{"not_picked":["Apotheosis","Secret Weapon"],"picked":"Violence","floor":50},{"not_picked":["Hologram","Lockon+1"],"picked":"Swift Strike+1","floor":52},{"not_picked":["Rip and Tear+1","Conserve Battery"],"picked":"Chill","floor":54},{"not_picked":["Coolheaded","Loop"],"picked":"Go for the Eyes+1","floor":55},{"not_picked":["Transmutation","Magnetism","Echo Form"],"picked":"SKIP","floor":58},{"not_picked":["Cold Snap+1","Capacitor","Compile Driver+1"],"picked":"SKIP","floor":62},{"not_picked":["Static Discharge","Go for the Eyes+1"],"picked":"Gash+1","floor":63},{"not_picked":["Barrage+1","Static Discharge","Hologram"],"picked":"SKIP","floor":65},{"not_picked":["Barrage+1","Jack Of All Trades"],"picked":"Steam","floor":69},{"not_picked":["Coolheaded","Barrage+1"],"picked":"Trip+1","floor":70},{"not_picked":["Compile Driver+1","Coolheaded"],"picked":"Panacea","floor":72},{"not_picked":["Electrodynamics","Creative AI","Machine Learning"],"picked":"Secret Weapon","floor":74},{"not_picked":["Creative AI","All For One+1","Machine Learning","Multi-Cast"],"picked":"SKIP","floor":76},{"not_picked":["The Bomb","Metamorphosis","Creative AI","Secret Weapon"],"picked":"SKIP","floor":77},{"not_picked":["Amplify","Buffer","Sadistic Nature"],"picked":"Master of Strategy","floor":79},{"not_picked":["Streamline+1","Cold Snap+1","Darkness+1"],"picked":"Redo+1","floor":80},{"not_picked":["Creative AI","Seek","Echo Form"],"picked":"Panache","floor":81},{"not_picked":["Redo+1","Darkness","Conserve Battery"],"picked":"Gash+1","floor":86},{"not_picked":["Redo+1","Compile Driver+1","Lockon+1"],"picked":"Turbo+1","floor":88},{"not_picked":["Magnetism","Coolheaded+1","Sweeping Beam+1"],"picked":"Go for the Eyes+1","floor":89},{"not_picked":["Metamorphosis","Meteor Strike+1","Biased Cognition","Core Surge+1"],"picked":"SKIP","floor":92},{"not_picked":["Leap","Coolheaded+1","Turbo+1"],"picked":"Flash of Steel+1","floor":93},{"not_picked":["Hyperbeam+1","Core Surge+1","Rainbow","Secret Weapon"],"picked":"SKIP","floor":94},{"not_picked":["Secret Weapon","Multi-Cast","Transmutation","Biased Cognition"],"picked":"SKIP","floor":96},{"not_picked":["Hologram","Ball Lightning+1","Good Instincts"],"picked":"Beam Cell+1","floor":97},{"not_picked":["Hyperbeam+1","Metamorphosis","Secret Technique","Magnetism"],"picked":"SKIP","floor":98},{"not_picked":["Scrape+1","Storm+1","Cold Snap+1"],"picked":"Dramatic Entrance+1","floor":99},{"not_picked":["Thunder Strike+1","Mayhem","HandOfGreed+1"],"picked":"Master of Strategy","floor":101}],"player_experience":171081,"relics_obtained":[{"floor":6,"key":"Letter Opener"},{"floor":9,"key":"The Courier"},{"floor":10,"key":"Girya"},{"floor":13,"key":"DataDisk"},{"floor":20,"key":"Nilry\u0027s Codex"},{"floor":23,"key":"Cables"},{"floor":25,"key":"Blue Candle"},{"floor":26,"key":"Bird Faced Urn"},{"floor":27,"key":"Incense Burner"},{"floor":40,"key":"Thread and Needle"},{"floor":44,"key":"MawBank"},{"floor":60,"key":"PreservedInsect"}],"event_choices":[{"cards_removed":["Strike_B"],"damage_healed":0,"gold_gain":0,"player_choice":"Card Removal","damage_taken":7,"max_hp_gain":0,"max_hp_loss":0,"event_name":"Golden Wing","floor":4,"gold_loss":0},{"damage_healed":0,"gold_gain":0,"player_choice":"Success","damage_taken":18,"relics_obtained":["Molten Egg 2"],"max_hp_gain":0,"max_hp_loss":0,"event_name":"Scrap Ooze","floor":5,"gold_loss":0},{"damage_healed":0,"gold_gain":0,"player_choice":"Obtained Book","damage_taken":16,"max_hp_gain":0,"max_hp_loss":0,"event_name":"Cursed Tome","floor":20,"gold_loss":0},{"damage_healed":0,"gold_gain":0,"player_choice":"Trade","damage_taken":0,"relics_obtained":["NlothsMask"],"max_hp_gain":0,"max_hp_loss":0,"event_name":"FaceTrader","floor":31,"gold_loss":0},{"damage_healed":0,"gold_gain":0,"player_choice":"Paid","damage_taken":0,"relics_obtained":["Red Mask"],"max_hp_gain":0,"max_hp_loss":0,"event_name":"Tomb of Lord Red Mask","floor":38,"gold_loss":99},{"damage_healed":0,"gold_gain":0,"player_choice":"Embrace Madness","damage_taken":9,"max_hp_gain":0,"max_hp_loss":0,"event_name":"Winding Halls","floor":46,"gold_loss":0,"cards_obtained":["Madness","Madness"]},{"cards_removed":["Defend_B"],"damage_healed":0,"gold_gain":0,"player_choice":"Removed Skill","damage_taken":0,"max_hp_gain":0,"max_hp_loss":0,"event_name":"Falling","floor":47,"gold_loss":0},{"damage_healed":0,"gold_gain":75,"player_choice":"Gather Gold","damage_taken":11,"max_hp_gain":0,"max_hp_loss":0,"event_name":"World of Goop","floor":53,"gold_loss":0},{"damage_healed":0,"gold_gain":0,"player_choice":"Success","damage_taken":3,"relics_obtained":["War Paint"],"max_hp_gain":0,"max_hp_loss":0,"event_name":"Scrap Ooze","floor":56,"gold_loss":0},{"damage_healed":0,"gold_gain":0,"player_choice":"Obtained Relic","damage_taken":0,"relics_obtained":["Question Card"],"max_hp_gain":0,"max_hp_loss":0,"event_name":"Addict","floor":73,"gold_loss":85},{"cards_removed":["Rainbow"],"damage_healed":0,"gold_gain":0,"player_choice":"Elegance","damage_taken":0,"max_hp_gain":0,"max_hp_loss":0,"event_name":"Back to Basics","floor":75,"gold_loss":0},{"cards_removed":["Creative AI"],"damage_healed":0,"gold_gain":0,"player_choice":"Removed Power","damage_taken":0,"max_hp_gain":0,"max_hp_loss":0,"event_name":"Falling","floor":87,"gold_loss":0},{"damage_healed":0,"gold_gain":222,"player_choice":"Wore Mask","damage_taken":0,"max_hp_gain":0,"max_hp_loss":0,"event_name":"Tomb of Lord Red Mask","floor":90,"gold_loss":0}],"is_beta":false,"boss_relics":[{"not_picked":["Lizard Tail","Runic Dome"],"picked":"Sozu"},{"not_picked":["FrozenCore","Orrery"],"picked":"Empty Cage"},{"not_picked":["Black Star","Runic Pyramid"],"picked":"Astrolabe"},{"not_picked":["Orrery","Pandora\u0027s Box"],"picked":"Lizard Tail"},{"not_picked":["Black Star","FrozenCore"],"picked":"Coffee Dripper"},{"not_picked":["Snecko Eye","Inserter"],"picked":"Philosopher\u0027s Stone"}],"items_purged_floors":[36,71,95],"is_endless":true,"potions_floor_spawned":[1,3,8,10,13,22,25,27,30,39,40,50,52,54,63,67,72,74,76,79,86,89,92,96,99,101],"killed_by":"Cultist","ascension_level":1}