{"gold_per_floor":[118,118,33,52,65,65,95,125,125,125,200,225,238,251,251,356,356,342,342,356,20,39,51,69,69],"floor_reached":25,"playtime":1007,"items_purged":[],"score":333,"play_id":"fdda63a9-9296-484f-97d5-bd4c3d11f4aa","local_time":"20190502221413","is_ascension_mode":true,"campfire_choices":[{"data":"Defragment","floor":6.0,"key":"SMITH"},{"data":"Beam Cell","floor":10.0,"key":"SMITH"},{"floor":15.0,"key":"REST"}],"neow_cost":"NONE","seed_source_timestamp":1687598052589508,"circlet_count":0,"master_deck":["AscendersBane","Strike_B","Strike_B","Strike_B","Strike_B","Defend_B","Defend_B","Defend_B","Defend_B","Zap","Dualcast","Beam Cell+1","Defragment+1","Conserve Battery","Doom and Gloom","Ball Lightning","Self Repair","Capacitor","White Noise","Echo Form","Defragment","Hologram","Sunder","Stack","Compile Driver","White Noise+1","Hologram+1","Flash of Steel","Coolheaded+1","Leap+1","Hologram+1","Leap+1","Redo+1","Stack+1"],"special_seed":0,"relics":["Cracked Core","NeowsBlessing","Prayer Wheel","Centennial Puzzle","Orrery","Toxic Egg 2"],"potions_floor_usage":[23,24],"damage_taken":[{"damage":0.0,"enemies":"2 Louse","floor":1.0,"turns":1.0},{"damage":0.0,"enemies":"Cultist","floor":4.0,"turns":1.0},{"damage":0.0,"enemies":"Jaw Worm","floor":5.0,"turns":1.0},{"damage":15.0,"enemies":"3 Sentries","floor":8.0,"turns":5.0},{"damage":15.0,"enemies":"Lagavulin","floor":12.0,"turns":4.0},{"damage":11.0,"enemies":"Exordium Wildlife","floor":13.0,"turns":5.0},{"damage":0.0,"enemies":"2 Fungi Beasts","floor":14.0,"turns":2.0},{"damage":14.0,"enemies":"Slime Boss","floor":16.0,"turns":7.0},{"damage":14.0,"enemies":"2 Thieves","floor":18.0,"turns":4.0},{"damage":2,"enemies":"Chosen","floor":20,"turns":5},{"damage":18,"enemies":"Snecko","floor":22,"turns":3},{"damage":20,"enemies":"Shelled Parasite and Fungi","floor":23,"turns":6},{"damage":11,"enemies":"3 Cultists","floor":24,"turns":6},{"damage":29,"enemies":"Slavers","floor":25,"turns":1}],"seed_played":"-5559491596563250885","potions_obtained":[{"floor":2.0,"key":"Fire Potion"},{"floor":2.0,"key":"PowerPotion"},{"floor":5.0,"key":"Fire Potion"},{"floor":12.0,"key":"Block Potion"},{"floor":13.0,"key":"Fire Potion"},{"floor":18.0,"key":"FocusPotion"},{"floor":23,"key":"Regen Potion"}],"is_trial":false,"path_per_floor":["M","?","$","M","M","R","?","E","T","R","?","E","M","M","R","B",null,"M","?","M","$","M","M","M","E"],"character_chosen":"DEFECT","items_purchased":["Defragment","Conserve Battery","Toxic Egg 2","Flash of Steel"],"campfire_rested":1,"item_purchase_floors":[3,3,21,21],"current_hp_per_floor":[68,68,68,68,68,68,68,53,53,53,42,27,23,23,45,38,66,59,59,57,57,39,19,23,0],"gold":69,"neow_bonus":"THREE_ENEMY_KILL","is_prod":false,"is_daily":false,"chose_seed":false,"campfire_upgraded":2,"win_rate":0,"timestamp":1556802853,"path_taken":["M","?","$","?","M","R","?","E","T","R","?","E","M","M","R","BOSS","M","?","M","$","M","M","M","E"],"build_version":"2019-01-23","purchased_purges":0,"victory":false,"max_hp_per_floor":[75,75,75,75,75,75,75,75,75,75,75,75,75,75,75,75,75,75,75,75,75,75,75,75,75],"card_choices":[{"not_picked":["Barrage","Recycle"],"picked":"Beam Cell","floor":1.0},{"not_picked":["Scrape","Conserve Battery"],"picked":"Doom and Gloom","floor":4.0},{"not_picked":["Gash","Fusion"],"picked":"Ball Lightning","floor":5.0},{"not_picked":["Beam Cell","Conserve Battery","Reprogram"],"picked":"SKIP","floor":8.0},{"not_picked":["Hologram","Loop"],"picked":"Self Repair","floor":12.0},{"not_picked":["Conserve Battery","Beam Cell"],"picked":"Capacitor","floor":13.0},{"not_picked":["Ball Lightning","Static Discharge"],"picked":"White Noise","floor":13.0},{"not_picked":["Steam","Aggregate"],"picked":"Echo Form","floor":14.0},{"not_picked":["Storm","Reinforced Body"],"picked":"Defragment","floor":14.0},{"not_picked":["Sweeping Beam","Coolheaded"],"picked":"Hologram","floor":17.0},{"not_picked":["Gash","Heatsinks"],"picked":"Sunder","floor":17.0},{"not_picked":["Static Discharge","Streamline"],"picked":"Stack","floor":17.0},{"not_picked":["Gash","Go for the Eyes"],"picked":"Compile Driver","floor":18.0},{"not_picked":["Static Discharge","Compile Driver","Heatsinks"],"picked":"SKIP","floor":18.0},{"not_picked":["Coolheaded","Skim"],"picked":"White Noise+1","floor":20},{"not_picked":["Conserve Battery","Beam Cell"],"picked":"Hologram+1","floor":20},{"not_picked":["Streamline+1","Meteor Strike"],"picked":"Coolheaded+1","floor":22},{"not_picked":["Doom and Gloom","Beam Cell"],"picked":"Leap+1","floor":22},{"not_picked":["Rebound","Stack+1"],"picked":"Hologram+1","floor":23},{"not_picked":["Self Repair+1","Machine Learning"],"picked":"Leap+1","floor":23},{"not_picked":["Sweeping Beam","Loop"],"picked":"Redo+1","floor":24},{"not_picked":["Barrage","Force Field+1"],"picked":"Stack+1","floor":24}],"player_experience":474718,"relics_obtained":[{"floor":8.0,"key":"Prayer Wheel"},{"floor":12.0,"key":"Centennial Puzzle"}],"event_choices":[{"damage_healed":0.0,"max_hp_gain":0.0,"max_hp_loss":0.0,"gold_gain":0.0,"event_name":"Lab","player_choice":"Got Potions","floor":2.0,"gold_loss":0.0,"damage_taken":0.0},{"damage_healed":0.0,"max_hp_gain":0.0,"max_hp_loss":0.0,"gold_gain":30.0,"event_name":"Dead Adventurer","player_choice":"Searched \u00271\u0027 times","floor":7.0,"gold_loss":0.0,"damage_taken":0.0},{"damage_healed":0.0,"max_hp_gain":0.0,"max_hp_loss":0.0,"gold_gain":75.0,"event_name":"World of Goop","player_choice":"Gather Gold","floor":11.0,"gold_loss":0.0,"damage_taken":11.0},{"damage_healed":0.0,"max_hp_gain":0.0,"max_hp_loss":0.0,"gold_gain":0.0,"event_name":"Ghosts","player_choice":"Ignored","floor":19.0,"gold_loss":0.0,"damage_taken":0.0}],"is_beta":false,"boss_relics":[{"not_picked":["Ectoplasm","Snecko Eye"],"picked":"Orrery"}],"items_purged_floors":[],"is_endless":false,"potions_floor_spawned":[5,12,13,16,18,23],"killed_by":"Slavers","ascension_level":11}