{"gold_per_floor":[112,125,125,139,149,149,177,187,268,294,294,304,304,317,317,412,412,427,427,427,437,152,152,185,185,185,185,201,226,246,263,263,358,358,370,370,370,386,396,425,425,395,395,412,12,26,40,55,55,55],"floor_reached":51,"playtime":5304,"items_purged":["Strike_B+1"],"score":879,"play_id":"34705b06-77cc-40c2-887b-f9141d31923f","local_time":"20190318101258","is_ascension_mode":true,"campfire_choices":[{"data":"Zap","floor":6,"key":"SMITH"},{"floor":11,"key":"REST"},{"data":"Sunder","floor":13,"key":"SMITH"},{"floor":15,"key":"REST"},{"data":"Buffer","floor":23,"key":"SMITH"},{"data":"Capacitor","floor":25,"key":"SMITH"},{"data":"Barrage","floor":27,"key":"SMITH"},{"floor":32,"key":"REST"},{"floor":41,"key":"REST"},{"floor":49,"key":"REST"}],"neow_cost":"NONE","seed_source_timestamp":402074725623207,"circlet_count":0,"master_deck":["Strike_B+1","Defend_B+1","Defend_B+1","Defend_B+1","Defend_B+1","Zap+1","Dualcast","Stack","Ball Lightning","Darkness","Cold Snap","Loop","Chill","Sunder+1","Self Repair","Buffer+1","BootSequence","Hologram","Barrage+1","Capacitor+1","White Noise","Amplify","Redo+1","Gash+1","Defragment","Metamorphosis","Blizzard+1","Redo+1","Chill","Fission","Storm+1","Ball Lightning+1","BootSequence","Beam Cell+1","Consume+1","Heatsinks+1","Barrage+1","Compile Driver+1"],"relics":["Cracked Core","DataDisk","Kunai","Dead Branch","Cursed Key","Smiling Mask","Mercury Hourglass","Omamori","Sundial","Molten Egg 2","Fusion Hammer","Dream Catcher","Bottled Flame","Shuriken"],"potions_floor_usage":[7,7,29,46,48,50,50],"damage_taken":[{"damage":1,"enemies":"Cultist","floor":1,"turns":3},{"damage":7,"enemies":"Jaw Worm","floor":2,"turns":3},{"damage":2,"enemies":"2 Louse","floor":4,"turns":3},{"damage":2,"enemies":"Exordium Thugs","floor":5,"turns":4},{"damage":9,"enemies":"Lagavulin","floor":7,"turns":5},{"damage":0,"enemies":"Blue Slaver","floor":8,"turns":3},{"damage":28,"enemies":"Gremlin Nob","floor":10,"turns":4},{"damage":0,"enemies":"3 Louse","floor":12,"turns":2},{"damage":11,"enemies":"Lots of Slimes","floor":14,"turns":3},{"damage":24,"enemies":"The Guardian","floor":16,"turns":9},{"damage":7,"enemies":"3 Byrds","floor":18,"turns":5},{"damage":5,"enemies":"Spheric Guardian","floor":21,"turns":4},{"damage":5,"enemies":"Slavers","floor":24,"turns":4},{"damage":13,"enemies":"Shelled Parasite and Fungi","floor":28,"turns":7},{"damage":28,"enemies":"Gremlin Leader","floor":29,"turns":8},{"damage":23,"enemies":"Snake Plant","floor":30,"turns":3},{"damage":0,"enemies":"Centurion and Healer","floor":31,"turns":6},{"damage":30,"enemies":"Collector","floor":33,"turns":11},{"damage":0,"enemies":"3 Darklings","floor":35,"turns":5},{"damage":0,"enemies":"Orb Walker","floor":38,"turns":3},{"damage":11,"enemies":"Sphere and 2 Shapes","floor":39,"turns":4},{"damage":30,"enemies":"Nemesis","floor":40,"turns":7},{"damage":8,"enemies":"Maw","floor":44,"turns":6},{"damage":0,"enemies":"Spire Growth","floor":46,"turns":4},{"damage":0,"enemies":"4 Shapes","floor":47,"turns":3},{"damage":0,"enemies":"3 Darklings","floor":48,"turns":5},{"damage":10,"enemies":"Donu and Deca","floor":50,"turns":7}],"seed_played":"-3996704064573508829","potions_obtained":[{"floor":2,"key":"Block Potion"},{"floor":4,"key":"Ancient Potion"},{"floor":12,"key":"FearPotion"},{"floor":28,"key":"Dexterity Potion"},{"floor":31,"key":"Energy Potion"},{"floor":33,"key":"Energy Potion"},{"floor":39,"key":"SpeedPotion"},{"floor":42,"key":"FocusPotion"},{"floor":42,"key":"GamblersBrew"},{"floor":44,"key":"AttackPotion"},{"floor":47,"key":"Strength Potion"}],"is_trial":false,"path_per_floor":["M","?","?","?","M","?","?","M","?"],"character_chosen":"DEFECT","items_purchased":["Mercury Hourglass","Barrage","Shuriken","BootSequence","Beam Cell+1"],"campfire_rested":5,"item_purchase_floors":[22,22,45,45,45],"current_hp_per_floor":[74,67,60,58,56,56,47,47,47,19,41,41,41,30,52,35,65,65,65,65,67,67,67,69,69,69,69,63,42,19,26,48,25,63,70,70,70,75,64,34,56,56,56,48,48,55,55,62,75,72],"gold":55,"neow_bonus":"TRANSFORM_CARD","is_prod":false,"is_daily":false,"chose_seed":false,"campfire_upgraded":5,"win_rate":0,"timestamp":1552925578,"path_taken":["M","?","?","M","M","R","E","M","T","E","R","M","R","M","R","BOSS","M","?","?","M","$","R","E","R","T","R","M","E","M","?","R","BOSS","M","?","?","?","M","E","R","?","T","M","$","M","M","M","R","BOSS"],"build_version":"2019-01-23","purchased_purges":1,"victory":true,"max_hp_per_floor":[75,75,75,75,75,75,75,75,75,75,75,75,75,75,75,75,75,75,75,75,75,75,75,75,75,75,75,75,75,75,75,75,75,75,75,75,75,75,75,75,75,75,75,75,75,75,75,75,75,75],"card_choices":[{"not_picked":["Barrage","Conserve Battery"],"picked":"Ball Lightning","floor":1},{"not_picked":["Storm","Compile Driver"],"picked":"Darkness","floor":2},{"not_picked":["Rip and Tear","Barrage"],"picked":"Cold Snap","floor":4},{"not_picked":["Hologram","Redo"],"picked":"Loop","floor":5},{"not_picked":["Hologram","Melter"],"picked":"Chill","floor":7},{"not_picked":["Coolheaded","Compile Driver"],"picked":"Sunder","floor":8},{"not_picked":["Darkness","Sunder","Biased Cognition"],"picked":"SKIP","floor":10},{"not_picked":["Darkness","Tempest","Loop"],"picked":"SKIP","floor":12},{"not_picked":["Coolheaded","Cold Snap"],"picked":"Self Repair","floor":14},{"not_picked":["Echo Form","Hyperbeam"],"picked":"Buffer","floor":16},{"not_picked":["Storm","Double Energy"],"picked":"BootSequence","floor":18},{"not_picked":["Barrage","Static Discharge"],"picked":"Hologram","floor":21},{"not_picked":["Redo+1","Beam Cell"],"picked":"Capacitor","floor":24},{"not_picked":["Static Discharge","Rebound"],"picked":"White Noise","floor":28},{"not_picked":["Cold Snap+1","Coolheaded"],"picked":"Amplify","floor":29},{"not_picked":["Turbo","Conserve Battery"],"picked":"Redo+1","floor":30},{"not_picked":["Lockon+1","Steam"],"picked":"Gash+1","floor":31},{"not_picked":["Thunder Strike+1","Buffer"],"picked":"All For One+1","floor":33},{"not_picked":["Steam","Coolheaded+1"],"picked":"Defragment","floor":35},{"not_picked":["PanicButton","Bandage Up"],"picked":"Metamorphosis","floor":36},{"not_picked":["Leap","Turbo"],"picked":"Redo+1","floor":38},{"not_picked":["Genetic Algorithm","Force Field"],"picked":"Chill","floor":39},{"not_picked":["Redo+1","Leap"],"picked":"Fission","floor":40},{"not_picked":["Redo+1","Chaos"],"picked":"Storm+1","floor":41},{"not_picked":["Auto Shields","Reprogram"],"picked":"Ball Lightning+1","floor":44},{"not_picked":["Fusion+1","Rebound+1"],"picked":"Consume+1","floor":46},{"not_picked":["Fission","Rebound+1"],"picked":"Heatsinks+1","floor":47},{"not_picked":["Hologram+1","Rebound+1"],"picked":"Barrage+1","floor":48},{"not_picked":["Hologram","Loop+1"],"picked":"Compile Driver+1","floor":49}],"player_experience":296640,"relics_obtained":[{"floor":7,"key":"DataDisk"},{"floor":9,"key":"Kunai"},{"floor":10,"key":"Dead Branch"},{"floor":24,"key":"Omamori"},{"floor":26,"key":"Sundial"},{"floor":29,"key":"Molten Egg 2"},{"floor":40,"key":"Dream Catcher"},{"floor":43,"key":"Bottled Flame"}],"event_choices":[{"cards_removed":["Strike_B"],"damage_healed":0,"gold_gain":0,"player_choice":"Card Removal","damage_taken":7,"max_hp_gain":0,"max_hp_loss":0,"event_name":"Golden Wing","floor":3,"gold_loss":0},{"damage_healed":0,"gold_gain":0,"player_choice":"Simplicity","damage_taken":0,"max_hp_gain":0,"max_hp_loss":0,"event_name":"Back to Basics","floor":19,"gold_loss":0,"cards_upgraded":["Strike_B","Strike_B","Defend_B","Defend_B","Defend_B","Defend_B"]},{"damage_healed":0,"gold_gain":0,"player_choice":"Gave Potion","damage_taken":0,"relics_obtained":["Smiling Mask"],"max_hp_gain":0,"max_hp_loss":0,"event_name":"WeMeetAgain","floor":20,"gold_loss":0},{"damage_healed":0,"gold_gain":0,"player_choice":"Memory 1","damage_taken":0,"max_hp_gain":0,"max_hp_loss":0,"event_name":"SensoryStone","floor":36,"gold_loss":0},{"damage_healed":0,"gold_gain":0,"cards_transformed":["All For One"],"player_choice":"Transformed","damage_taken":0,"max_hp_gain":0,"max_hp_loss":0,"event_name":"Transmorgrifier","floor":37,"gold_loss":0,"cards_obtained":["Blizzard"]},{"damage_healed":0,"gold_gain":0,"player_choice":"Bought 2 Potions","damage_taken":0,"max_hp_gain":0,"max_hp_loss":0,"event_name":"The Woman in Blue","floor":42,"gold_loss":0}],"is_beta":false,"boss_relics":[{"not_picked":["Eternal Feather","Busted Crown"],"picked":"Cursed Key"},{"not_picked":["Nuclear Battery","Velvet Choker"],"picked":"Fusion Hammer"}],"items_purged_floors":[45],"is_endless":false,"potions_floor_spawned":[2,4,12,28,31,33,39,44,47],"ascension_level":5}