{"gold_per_floor":[110,110,124,49,74,107,107,145,145,145,161,199,218,218,218,218],"floor_reached":16,"playtime":505,"items_purged":[],"score":222,"play_id":"b83ee8bb-d86b-432a-b523-afe4414b30fc","local_time":"20190501232016","is_ascension_mode":true,"campfire_choices":[{"floor":10,"key":"REST"},{"floor":15,"key":"REST"}],"neow_cost":"NONE","seed_source_timestamp":63252625876445,"circlet_count":0,"master_deck":["AscendersBane","Strike_R","Strike_R","Strike_R","Strike_R","Defend_R","Defend_R","Defend_R","Defend_R","Bash+1","Headbutt","Carnage","Armaments","Anger+1","True Grit","Armaments","Metallicize"],"relics":["Burning Blood","Golden Idol","Darkstone Periapt","Ornamental Fan","Kunai","Bottled Lightning"],"potions_floor_usage":[6,13,16],"damage_taken":[{"damage":2,"enemies":"Cultist","floor":1,"turns":4},{"damage":7,"enemies":"Small Slimes","floor":3,"turns":3},{"damage":7,"enemies":"Jaw Worm","floor":5,"turns":3},{"damage":24,"enemies":"Gremlin Nob","floor":6,"turns":4},{"damage":32,"enemies":"Lagavulin","floor":8,"turns":7},{"damage":7,"enemies":"Exordium Wildlife","floor":11,"turns":4},{"damage":32,"enemies":"Gremlin Nob","floor":12,"turns":4},{"damage":4,"enemies":"Exordium Thugs","floor":13,"turns":4},{"damage":52,"enemies":"Slime Boss","floor":16,"turns":5}],"seed_played":"-5534155284996661076","potions_obtained":[{"floor":3,"key":"Ancient Potion"},{"floor":11,"key":"SkillPotion"},{"floor":12,"key":"Strength Potion"}],"is_trial":false,"path_per_floor":["M","?","M","?","M","E","?","E","T","R","M","E","M","?","R","B"],"character_chosen":"IRONCLAD","items_purchased":[],"campfire_rested":2,"item_purchase_floors":[],"current_hp_per_floor":[72,72,71,71,70,52,52,26,26,48,47,21,23,23,45,0],"gold":218,"neow_bonus":"UPGRADE_CARD","is_prod":false,"is_daily":false,"chose_seed":false,"campfire_upgraded":0,"win_rate":0,"timestamp":1556778016,"path_taken":["M","?","M","?","M","E","?","E","T","R","?","E","M","?","R","BOSS"],"build_version":"2019-01-23","purchased_purges":0,"victory":false,"max_hp_per_floor":[75,75,75,75,75,75,75,75,75,75,75,75,75,75,75,75],"card_choices":[{"not_picked":["Heavy Blade","Body Slam"],"picked":"Headbutt","floor":1},{"not_picked":["Fire Breathing","Ghostly Armor"],"picked":"Carnage","floor":3},{"not_picked":["Searing Blow","Uppercut"],"picked":"Armaments","floor":5},{"not_picked":["Entrench","Uppercut"],"picked":"Anger","floor":6},{"not_picked":["Pommel Strike","Wild Strike","Searing Blow"],"picked":"SKIP","floor":8},{"not_picked":["Havoc","Heavy Blade"],"picked":"True Grit","floor":11},{"not_picked":["Anger","Burning Pact","Pommel Strike"],"picked":"SKIP","floor":12},{"not_picked":["Sword Boomerang","Second Wind"],"picked":"Armaments","floor":13}],"player_experience":530095,"relics_obtained":[{"floor":6,"key":"Darkstone Periapt"},{"floor":8,"key":"Ornamental Fan"},{"floor":9,"key":"Kunai"},{"floor":12,"key":"Bottled Lightning"}],"event_choices":[{"damage_healed":0,"gold_gain":0,"player_choice":"Take Wound","damage_taken":0,"relics_obtained":["Golden Idol"],"max_hp_gain":0,"max_hp_loss":0,"event_name":"Golden Idol","floor":2,"gold_loss":0,"cards_obtained":["Injury"]},{"cards_removed":["Injury"],"damage_healed":0,"gold_gain":0,"player_choice":"Card Removal","damage_taken":0,"max_hp_gain":0,"max_hp_loss":0,"event_name":"The Cleric","floor":4,"gold_loss":75},{"damage_healed":0,"gold_gain":0,"player_choice":"Grow","damage_taken":0,"max_hp_gain":0,"max_hp_loss":0,"event_name":"Living Wall","floor":7,"gold_loss":0,"cards_upgraded":["Anger"]},{"damage_healed":0,"gold_gain":0,"cards_transformed":["Strike_R"],"player_choice":"Transformed","damage_taken":0,"max_hp_gain":0,"max_hp_loss":0,"event_name":"Transmorgrifier","floor":14,"gold_loss":0,"cards_obtained":["Metallicize"]}],"is_beta":false,"boss_relics":[],"items_purged_floors":[],"is_endless":false,"potions_floor_spawned":[3,11,12],"killed_by":"Slime Boss","ascension_level":17}