{"gold_per_floor":[114,26,26,41,53,81,81,92,117,133,167,167,194,144,144,249,249,269,280,294,294],"floor_reached":21,"playtime":878,"items_purged":[],"score":281,"play_id":"7f5b5b55-2b92-4338-a83b-8375fe783add","local_time":"20190411162131","is_ascension_mode":true,"campfire_choices":[{"data":"Neutralize","floor":7,"key":"SMITH"},{"data":"Corpse Explosion","floor":12,"key":"SMITH"},{"data":"Accuracy","floor":15,"key":"SMITH"}],"neow_cost":"NONE","seed_source_timestamp":9120558532740,"circlet_count":0,"master_deck":["Defend_G","Defend_G","Defend_G","Defend_G","Defend_G","Strike_G","Strike_G","Strike_G","Survivor","Neutralize+1","Infinite Blades","Underhanded Strike","PiercingWail","Sucker Punch","Backstab","Caltrops","Corpse Explosion+1","Accuracy+1","Unload","Malaise","Crippling Poison","Dash"],"relics":["Ring of the Snake","NeowsBlessing","Vajra","Regal Pillow","Art of War","Lantern","Cursed Key"],"potions_floor_usage":[6,20,20],"damage_taken":[{"damage":0,"enemies":"2 Louse","floor":1,"turns":1},{"damage":0,"enemies":"Cultist","floor":4,"turns":1},{"damage":0,"enemies":"Small Slimes","floor":5,"turns":1},{"damage":17,"enemies":"3 Sentries","floor":6,"turns":7},{"damage":0,"enemies":"2 Fungi Beasts","floor":8,"turns":3},{"damage":0,"enemies":"Blue Slaver","floor":10,"turns":5},{"damage":18,"enemies":"Gremlin Nob","floor":11,"turns":4},{"damage":10,"enemies":"3 Sentries","floor":13,"turns":2},{"damage":11,"enemies":"Hexaghost","floor":16,"turns":8},{"damage":19,"enemies":"2 Thieves","floor":18,"turns":2},{"damage":18,"enemies":"Spheric Guardian","floor":19,"turns":4},{"damage":15,"enemies":"Centurion and Healer","floor":20,"turns":4},{"damage":2,"enemies":"3 Cultists","floor":21,"turns":2}],"seed_played":"-1443449984152540836","potions_obtained":[{"floor":1,"key":"Explosive Potion"},{"floor":6,"key":"Explosive Potion"},{"floor":10,"key":"GhostInAJar"},{"floor":20,"key":"Dexterity Potion"}],"is_trial":false,"path_per_floor":["M","$","?","M","M","E","R","M","T","M","E","R","E","?","R","B",null,"M","M","M","M"],"character_chosen":"THE_SILENT","items_purchased":["Infinite Blades","AttackPotion"],"campfire_rested":0,"item_purchase_floors":[2,2],"current_hp_per_floor":[63,63,63,63,63,46,46,46,46,46,28,28,18,18,18,7,54,35,17,2,0],"gold":294,"neow_bonus":"THREE_ENEMY_KILL","is_prod":false,"is_daily":false,"chose_seed":false,"campfire_upgraded":3,"win_rate":0,"timestamp":1555024891,"path_taken":["M","$","?","?","M","E","R","M","T","M","E","R","E","?","R","BOSS","M","M","M","M"],"build_version":"2019-01-23","purchased_purges":0,"victory":false,"max_hp_per_floor":[70,70,70,70,70,70,70,70,70,70,70,70,70,70,70,70,70,70,70,70,70],"card_choices":[{"not_picked":["Choke","Underhanded Strike","Tactician"],"picked":"SKIP","floor":1},{"not_picked":["Acrobatics","Concentrate"],"picked":"PiercingWail","floor":4},{"not_picked":["Deflect","Quick Slash"],"picked":"Sucker Punch","floor":5},{"not_picked":["Dagger Throw","Riddle With Holes"],"picked":"Backstab","floor":6},{"not_picked":["Blade Dance","Acrobatics"],"picked":"Caltrops","floor":8},{"not_picked":["Finisher","PiercingWail"],"picked":"Corpse Explosion","floor":10},{"not_picked":["Blade Dance","Underhanded Strike"],"picked":"Accuracy","floor":11},{"not_picked":["Blade Dance","Deflect"],"picked":"Unload","floor":13},{"not_picked":["Night Terror","Tools of the Trade"],"picked":"Malaise","floor":16},{"not_picked":["Well Laid Plans","Underhanded Strike+1"],"picked":"Crippling Poison","floor":18},{"not_picked":["Flechettes","Dodge and Roll","Blade Dance"],"picked":"SKIP","floor":19},{"not_picked":["Backstab","Riddle With Holes"],"picked":"Dash","floor":20}],"player_experience":207224,"relics_obtained":[{"floor":6,"key":"Vajra"},{"floor":9,"key":"Regal Pillow"},{"floor":11,"key":"Art of War"},{"floor":13,"key":"Lantern"}],"event_choices":[{"damage_healed":0,"gold_gain":0,"cards_transformed":["Strike_G"],"player_choice":"Transformed","damage_taken":0,"max_hp_gain":0,"max_hp_loss":0,"event_name":"Transmorgrifier","floor":3,"gold_loss":0,"cards_obtained":["Underhanded Strike"]},{"cards_removed":["Strike_G"],"damage_healed":0,"gold_gain":0,"player_choice":"Card Removal","damage_taken":0,"max_hp_gain":0,"max_hp_loss":0,"event_name":"The Cleric","floor":14,"gold_loss":50}],"is_beta":false,"boss_relics":[{"not_picked":["Ectoplasm","Tiny House"],"picked":"Cursed Key"}],"items_purged_floors":[],"is_endless":false,"potions_floor_spawned":[1,6,10,13,16,19,20],"killed_by":"3 Cultists","ascension_level":8}