{"gold_per_floor":[117,117,117,41,51,83,38,38,64,64,92,109,109,109,109,109],"floor_reached":16,"playtime":859,"items_purged":[],"score":138,"play_id":"2eae1bd2-79de-4371-a7bd-56927dd11b25","local_time":"20190423132700","is_ascension_mode":true,"campfire_choices":[{"floor":8,"key":"REST"},{"data":"True Grit","floor":10,"key":"SMITH"},{"data":"Rupture","floor":15,"key":"SMITH"}],"neow_cost":"NONE","seed_source_timestamp":15056119665315,"circlet_count":0,"master_deck":["Strike_R","Strike_R","Strike_R","Strike_R","Strike_R","Defend_R","Defend_R","Defend_R","Defend_R","Bash","Shrug It Off","Sword Boomerang","True Grit+1","Rupture+1","Disarm+1","Armaments+1","Brutality","Burning Pact+1"],"relics":["Burning Blood","Pantograph","Toxic Egg 2","Blood Vial","Oddly Smooth Stone","Golden Idol"],"potions_floor_usage":[11],"damage_taken":[{"damage":9,"enemies":"Small Slimes","floor":1,"turns":5},{"damage":0,"enemies":"2 Louse","floor":5,"turns":4},{"damage":53,"enemies":"3 Sentries","floor":6,"turns":16},{"damage":37,"enemies":"Lagavulin","floor":11,"turns":12},{"damage":0,"enemies":"Jaw Worm","floor":12,"turns":5},{"damage":62,"enemies":"Slime Boss","floor":16,"turns":11}],"seed_played":"5326307243139750342","potions_obtained":[{"floor":6,"key":"Explosive Potion"}],"is_trial":false,"path_per_floor":["M","?","?","$","M","E","$","R","T","R","E","M","?","?","R","B"],"character_chosen":"IRONCLAD","items_purchased":["Sword Boomerang","True Grit","Armaments+1"],"campfire_rested":1,"item_purchase_floors":[4,4,7],"current_hp_per_floor":[77,77,70,70,76,29,29,55,55,55,26,34,34,34,34,0],"gold":109,"neow_bonus":"TEN_PERCENT_HP_BONUS","is_prod":false,"is_daily":false,"chose_seed":false,"campfire_upgraded":2,"win_rate":0,"timestamp":1556018820,"path_taken":["M","?","?","$","M","E","$","R","T","R","E","M","?","?","R","BOSS"],"build_version":"2019-01-23","purchased_purges":0,"victory":false,"max_hp_per_floor":[88,88,88,88,88,88,88,88,88,88,88,88,81,81,81,81],"card_choices":[{"not_picked":["Seeing Red","Flex"],"picked":"Shrug It Off","floor":1},{"not_picked":["Twin Strike","True Grit"],"picked":"Rupture","floor":5},{"not_picked":["Body Slam","Headbutt"],"picked":"Disarm","floor":6},{"not_picked":["Perfected Strike","Flex+1"],"picked":"Brutality","floor":11},{"not_picked":["Havoc+1","Spot Weakness+1"],"picked":"Burning Pact+1","floor":12}],"player_experience":362403,"relics_obtained":[{"floor":6,"key":"Toxic Egg 2"},{"floor":9,"key":"Blood Vial"},{"floor":11,"key":"Oddly Smooth Stone"}],"event_choices":[{"damage_healed":0,"gold_gain":0,"player_choice":"Box","damage_taken":0,"relics_obtained":["Pantograph"],"max_hp_gain":0,"max_hp_loss":0,"event_name":"Big Fish","floor":2,"gold_loss":0,"cards_obtained":["Regret"]},{"cards_removed":["Regret"],"damage_healed":0,"gold_gain":0,"player_choice":"Card Removal","damage_taken":7,"max_hp_gain":0,"max_hp_loss":0,"event_name":"Golden Wing","floor":3,"gold_loss":0},{"damage_healed":0,"gold_gain":0,"player_choice":"Lose Max HP","damage_taken":0,"relics_obtained":["Golden Idol"],"max_hp_gain":0,"max_hp_loss":7,"event_name":"Golden Idol","floor":13,"gold_loss":0},{"damage_healed":0,"gold_gain":0,"player_choice":"Ignored","damage_taken":0,"max_hp_gain":0,"max_hp_loss":0,"event_name":"Liars Game","floor":14,"gold_loss":0}],"is_beta":false,"boss_relics":[],"items_purged_floors":[],"is_endless":false,"potions_floor_spawned":[6],"killed_by":"Slime Boss","ascension_level":6}