{"gold_per_floor":[109,284,284,301,321,321,348,359,385,397,397,412,424,455,455,560,560,577,587,607,706,230,230,255,255,555,555,396,416,444,444,444,541,541,556,570,581,403,416,449,95,125,125,125,144,144,163,197,197,197],"floor_reached":51,"playtime":5973,"items_purged":["Strike_B","Strike_B","Thunder Strike","Defend_B"],"score":939,"play_id":"1d0bd2de-af99-44e5-bb78-1f49b6747908","local_time":"20190205221613","is_ascension_mode":false,"campfire_choices":[{"data":"Zap","floor":6,"key":"SMITH"},{"data":"Blizzard","floor":11,"key":"SMITH"},{"data":"Defragment","floor":15,"key":"SMITH"},{"data":"Glacier","floor":23,"key":"SMITH"},{"data":"Reinforced Body","floor":25,"key":"SMITH"},{"data":"Buffer","floor":32,"key":"SMITH"},{"data":"Enlightenment","floor":46,"key":"SMITH"},{"data":"Capacitor","floor":49,"key":"SMITH"}],"neow_cost":"NONE","seed_source_timestamp":2334190078720696,"circlet_count":0,"master_deck":["Defend_B","Defend_B","Defend_B","Zap+1","Dualcast+1","Cold Snap","Glacier+1","Blizzard+1","Genetic Algorithm","Self Repair","Cold Snap","Chill","Defragment+1","Buffer+1","Self Repair","Hologram","Chill","Hologram","FTL","Buffer","Genetic Algorithm","Go for the Eyes+1","Reinforced Body+1","Self Repair","Chill+1","Strike_R","Echo Form","Cold Snap+1","Hologram+1","Reboot","Capacitor+1","Enlightenment+1","Conserve Battery","Loop+1","Hello World+1","Consume+1"],"relics":["Cracked Core","Lantern","Bag of Preparation","Orichalcum","Orrery","Shuriken","Membership Card","Centennial Puzzle","Old Coin","Bronze Scales","Blood Vial","Velvet Choker","Tiny Chest","Dodecahedron","ClockworkSouvenir","Happy Flower","Dream Catcher","Ornamental Fan","Bottled Tornado","Boot"],"potions_floor_usage":[7,7,24,29,33,40,50,50],"damage_taken":[{"damage":0,"enemies":"Small Slimes","floor":1,"turns":3},{"damage":1,"enemies":"Jaw Worm","floor":4,"turns":2},{"damage":3,"enemies":"2 Louse","floor":5,"turns":3},{"damage":2,"enemies":"3 Sentries","floor":7,"turns":9},{"damage":6,"enemies":"Red Slaver","floor":8,"turns":3},{"damage":3,"enemies":"3 Louse","floor":10,"turns":3},{"damage":2,"enemies":"Looter","floor":12,"turns":5},{"damage":0,"enemies":"Exordium Thugs","floor":13,"turns":4},{"damage":3,"enemies":"Lagavulin","floor":14,"turns":7},{"damage":0,"enemies":"The Guardian","floor":16,"turns":11},{"damage":3,"enemies":"Chosen","floor":18,"turns":6},{"damage":0,"enemies":"Shell Parasite","floor":19,"turns":9},{"damage":0,"enemies":"Centurion and Healer","floor":20,"turns":12},{"damage":2,"enemies":"Gremlin Leader","floor":24,"turns":8},{"damage":0,"enemies":"Snecko","floor":29,"turns":10},{"damage":11,"enemies":"Book of Stabbing","floor":30,"turns":8},{"damage":3,"enemies":"Collector","floor":33,"turns":16},{"damage":0,"enemies":"3 Shapes","floor":35,"turns":6},{"damage":0,"enemies":"3 Darklings","floor":36,"turns":9},{"damage":0,"enemies":"Spire Growth","floor":37,"turns":8},{"damage":0,"enemies":"4 Shapes","floor":39,"turns":7},{"damage":0,"enemies":"Nemesis","floor":40,"turns":11},{"damage":32,"enemies":"Reptomancer","floor":42,"turns":12},{"damage":3,"enemies":"Transient","floor":45,"turns":5},{"damage":0,"enemies":"Maw","floor":47,"turns":11},{"damage":0,"enemies":"Nemesis","floor":48,"turns":12},{"damage":0,"enemies":"Time Eater","floor":50,"turns":16}],"seed_played":"5995867984989736979","potions_obtained":[{"floor":4,"key":"SkillPotion"},{"floor":5,"key":"Explosive Potion"},{"floor":7,"key":"SkillPotion"},{"floor":14,"key":"SneckoOil"},{"floor":18,"key":"FocusPotion"},{"floor":20,"key":"Regen Potion"},{"floor":24,"key":"AttackPotion"},{"floor":33,"key":"FearPotion"},{"floor":36,"key":"Ancient Potion"},{"floor":39,"key":"SkillPotion"},{"floor":42,"key":"AttackPotion"},{"floor":48,"key":"Block Potion"}],"is_trial":false,"path_per_floor":["M","?","?","M","M","R","E","M","T","M","R","M","M","E","R","B",null,"M","M","M","?","$","R","E","R","T","?","$","M","E","?","R","B",null,"M","M","M","$","M","E","$","E","T","T","M","R","M","E","R","B",null],"character_chosen":"DEFECT","items_purchased":["Shuriken","Membership Card","Bronze Scales","Self Repair","Tiny Chest","Reboot","Capacitor","ClockworkSouvenir","Happy Flower","Enlightenment","Conserve Battery"],"campfire_rested":0,"item_purchase_floors":[22,22,28,28,38,38,41,41,41,41,41],"current_hp_per_floor":[75,75,75,74,71,71,69,63,63,60,60,65,72,75,75,75,75,75,75,75,75,75,75,75,75,75,75,75,75,75,75,75,75,75,75,75,75,75,75,75,75,75,75,75,75,75,75,75,75,75],"gold":197,"neow_bonus":"UPGRADE_CARD","is_prod":false,"is_daily":false,"chose_seed":false,"campfire_upgraded":8,"win_rate":0,"timestamp":1549433773,"path_taken":["M","?","?","M","M","R","E","M","T","M","R","?","M","E","R","BOSS","M","M","M","?","$","R","E","R","T","?","$","M","E","?","R","BOSS","M","M","M","$","M","E","$","E","T","?","M","R","M","E","R","BOSS"],"build_version":"2019-01-23","purchased_purges":4,"victory":true,"max_hp_per_floor":[75,75,75,75,75,75,75,75,75,75,75,75,75,75,75,75,75,75,75,75,75,75,75,75,75,75,75,75,75,75,75,75,75,75,75,75,75,75,75,75,75,75,75,75,75,75,75,75,75,75],"card_choices":[{"not_picked":["Rebound","Melter"],"picked":"Cold Snap","floor":1},{"not_picked":["Barrage","Stack"],"picked":"Glacier","floor":4},{"not_picked":["Fusion","Static Discharge","Melter"],"picked":"SKIP","floor":5},{"not_picked":["Reprogram","Hyperbeam"],"picked":"Blizzard","floor":7},{"not_picked":["Consume","Static Discharge"],"picked":"Genetic Algorithm","floor":8},{"not_picked":["Force Field","Rebound"],"picked":"Self Repair","floor":10},{"not_picked":["Stack","Rebound"],"picked":"Cold Snap","floor":12},{"not_picked":["Barrage","Multi-Cast"],"picked":"Chill","floor":13},{"not_picked":["Heatsinks","BootSequence"],"picked":"Defragment","floor":14},{"not_picked":["Hyperbeam","All For One"],"picked":"Buffer","floor":16},{"not_picked":["Barrage","Hologram"],"picked":"Self Repair","floor":17},{"not_picked":["Go for the Eyes","Ball Lightning"],"picked":"Hologram","floor":17},{"not_picked":["Go for the Eyes","Aggregate"],"picked":"Chill","floor":17},{"not_picked":["Darkness","Streamline"],"picked":"Hologram","floor":17},{"not_picked":["Ball Lightning","Redo"],"picked":"FTL","floor":17},{"not_picked":["White Noise","Streamline+1"],"picked":"Buffer","floor":18},{"not_picked":["Lockon+1","Streamline"],"picked":"Genetic Algorithm","floor":19},{"not_picked":["Redo","Cold Snap"],"picked":"Go for the Eyes+1","floor":20},{"not_picked":["Fusion","Amplify"],"picked":"Reinforced Body","floor":24},{"not_picked":["Ball Lightning","Sweeping Beam","Rip and Tear+1"],"picked":"SKIP","floor":29},{"not_picked":["Sweeping Beam","Compile Driver+1"],"picked":"Chill+1","floor":30},{"not_picked":["Fission","Buffer"],"picked":"Echo Form","floor":33},{"not_picked":["White Noise+1","Melter"],"picked":"Cold Snap+1","floor":35},{"not_picked":["Barrage+1","Redo+1"],"picked":"Hologram+1","floor":36},{"not_picked":["Beam Cell","Sunder","Meteor Strike"],"picked":"SKIP","floor":37},{"not_picked":["Coolheaded","White Noise","Steam+1"],"picked":"SKIP","floor":39},{"not_picked":["Redo","Coolheaded","Leap+1"],"picked":"SKIP","floor":40},{"not_picked":["Hello World","Chill"],"picked":"Loop+1","floor":42},{"not_picked":["Static Discharge+1","Compile Driver"],"picked":"Hello World+1","floor":45},{"not_picked":["Steam+1","Reprogram+1","Rebound"],"picked":"SKIP","floor":47},{"not_picked":["Reboot","Auto Shields+1"],"picked":"Consume+1","floor":48}],"player_experience":410050,"relics_obtained":[{"floor":7,"key":"Lantern"},{"floor":9,"key":"Bag of Preparation"},{"floor":14,"key":"Orichalcum"},{"floor":24,"key":"Centennial Puzzle"},{"floor":26,"key":"Old Coin"},{"floor":30,"key":"Blood Vial"},{"floor":40,"key":"Dodecahedron"},{"floor":42,"key":"Dream Catcher"},{"floor":43,"key":"Ornamental Fan"},{"floor":44,"key":"Bottled Tornado"},{"floor":48,"key":"Boot"}],"event_choices":[{"damage_healed":0,"gold_gain":175,"player_choice":"AGREE","damage_taken":0,"max_hp_gain":0,"max_hp_loss":0,"event_name":"Liars Game","floor":2,"gold_loss":0,"cards_obtained":["Doubt"]},{"cards_removed":["Doubt"],"damage_healed":0,"gold_gain":0,"player_choice":"Forget","damage_taken":0,"max_hp_gain":0,"max_hp_loss":0,"event_name":"Living Wall","floor":3,"gold_loss":0},{"damage_healed":0,"gold_gain":99,"player_choice":"Stole From Cult","damage_taken":0,"max_hp_gain":0,"max_hp_loss":0,"event_name":"Nest","floor":21,"gold_loss":0},{"damage_healed":0,"gold_gain":0,"cards_transformed":["Strike_B","Strike_B"],"player_choice":"Became Test Subject","damage_taken":0,"max_hp_gain":0,"max_hp_loss":0,"event_name":"Drug Dealer","floor":27,"gold_loss":0,"cards_obtained":["Thunder Strike","Thunder Strike"]},{"cards_removed":["Thunder Strike"],"damage_healed":0,"gold_gain":0,"player_choice":"Took Card","damage_taken":0,"max_hp_gain":0,"max_hp_loss":0,"event_name":"NoteForYourself","floor":31,"gold_loss":0,"cards_obtained":["Strike_R"]}],"is_beta":false,"boss_relics":[{"not_picked":["Snecko Eye","Busted Crown"],"picked":"Orrery"},{"not_picked":["Empty Cage","Runic Dome"],"picked":"Velvet Choker"}],"items_purged_floors":[22,28,38,41],"is_endless":false,"potions_floor_spawned":[4,5,7,14,18,20,24,33,36,39,42,45,48],"ascension_level":0}