{"gold_per_floor":[116,127,143,47,47,47,147,158,158,333,358,37,2,2,2,99,99,99,23,23,23,23,23,57,57,111,128,70,70,70,82,82,180,180,194,38,38,64,64,64,78,92,92,92,29,41,41,0,0,0],"floor_reached":50,"playtime":1189,"items_purged":["Doubt"],"score":545,"play_id":"ece3a956-e58c-4336-8f2c-673cf6cce6e6","local_time":"20190423220713","is_ascension_mode":true,"campfire_choices":[{"data":"Ball Lightning","floor":6,"key":"SMITH"},{"floor":15,"key":"REST"},{"data":"Rainbow","floor":23,"key":"SMITH"},{"floor":25,"key":"REST"},{"data":"Defragment","floor":29,"key":"SMITH"},{"floor":32,"key":"REST"},{"data":"Metamorphosis","floor":40,"key":"SMITH"},{"floor":44,"key":"REST"},{"floor":49,"key":"REST"}],"neow_cost":"NONE","seed_source_timestamp":518511662757741,"circlet_count":0,"master_deck":["Strike_B","Strike_B","Strike_B","Strike_B","Defend_B","Defend_B+1","Defend_B","Defend_B","Zap","Dualcast","Ball Lightning+1","Coolheaded","Electrodynamics+1","Cold Snap","Electrodynamics+1","Capacitor","Rainbow+1","BootSequence+1","Undo","Defragment+1","Redo","Creative AI","Coolheaded+1","Metamorphosis+1","Parasite","Static Discharge"],"relics":["Cracked Core","NeowsBlessing","Incense Burner","DollysMirror","Art of War","Sozu","The Courier","Darkstone Periapt","Turnip","Anchor","Inserter","Bag of Marbles","War Paint","Red Mask"],"potions_floor_usage":[8,11,16,18],"damage_taken":[{"damage":0,"enemies":"Cultist","floor":1,"turns":1},{"damage":0,"enemies":"Small Slimes","floor":2,"turns":1},{"damage":0,"enemies":"2 Louse","floor":3,"turns":1},{"damage":4,"enemies":"2 Fungi Beasts","floor":8,"turns":2},{"damage":36,"enemies":"3 Sentries","floor":11,"turns":3},{"damage":21,"enemies":"Slime Boss","floor":16,"turns":5},{"damage":0,"enemies":"2 Thieves","floor":18,"turns":1},{"damage":22,"enemies":"Slavers","floor":24,"turns":2},{"damage":10,"enemies":"Shell Parasite","floor":27,"turns":5},{"damage":12,"enemies":"Centurion and Healer","floor":31,"turns":5},{"damage":47,"enemies":"Champ","floor":33,"turns":12},{"damage":0,"enemies":"3 Shapes","floor":35,"turns":3},{"damage":17,"enemies":"Orb Walker","floor":41,"turns":3},{"damage":46,"enemies":"Writhing Mass","floor":42,"turns":7},{"damage":32,"enemies":"Maw","floor":46,"turns":6},{"damage":40,"enemies":"Time Eater","floor":50,"turns":6}],"seed_played":"-6061874817917234184","potions_obtained":[{"floor":1,"key":"Fire Potion"},{"floor":8,"key":"AttackPotion"},{"floor":11,"key":"FocusPotion"}],"is_trial":false,"path_per_floor":["M","M","M","$","?","R","?","M","T","?","E","$","?","?","R","B",null,"M","$","?","?","T","R","E","R","T","M","$","R","?","M","R","B",null,"M","$","?","T","?","R","M","M","T","R","$","M","$","?","R","B"],"character_chosen":"DEFECT","items_purchased":["SmokeBomb","DollysMirror","Capacitor","BootSequence","Defragment","Metamorphosis","Static Discharge"],"campfire_rested":5,"item_purchase_floors":[4,12,12,19,28,36,45],"current_hp_per_floor":[75,75,75,75,75,75,75,71,71,71,35,35,53,46,68,47,75,75,75,75,75,75,75,53,75,75,65,65,65,65,53,75,28,75,75,75,75,75,75,75,58,18,18,42,42,10,10,10,34,0],"gold":0,"neow_bonus":"THREE_ENEMY_KILL","is_prod":false,"is_daily":false,"chose_seed":false,"campfire_upgraded":4,"win_rate":0,"timestamp":1556082433,"path_taken":["M","M","M","$","?","R","?","?","T","?","E","$","?","?","R","BOSS","M","$","?","?","?","R","E","R","T","M","$","R","?","?","R","BOSS","M","$","?","?","?","R","M","?","T","R","?","M","$","?","R","BOSS"],"build_version":"2019-01-23","purchased_purges":1,"victory":false,"max_hp_per_floor":[75,75,75,75,75,75,75,75,75,75,75,75,75,75,75,75,75,75,75,75,75,75,75,75,75,75,75,75,75,75,75,75,75,75,75,75,75,75,75,75,75,81,81,81,81,81,81,81,81,81],"card_choices":[{"not_picked":["Blizzard","Conserve Battery"],"picked":"Ball Lightning","floor":1},{"not_picked":["Gash","Hologram"],"picked":"Coolheaded","floor":2},{"not_picked":["Static Discharge","Streamline"],"picked":"Electrodynamics","floor":3},{"not_picked":["Gash","Sunder"],"picked":"Cold Snap","floor":8},{"not_picked":["Compile Driver","Double Energy","Genetic Algorithm"],"picked":"SKIP","floor":11},{"not_picked":["All For One","Electrodynamics"],"picked":"Rainbow","floor":16},{"not_picked":["Steam Power","White Noise"],"picked":"Undo","floor":24},{"not_picked":["Recycle","FTL","Gash"],"picked":"SKIP","floor":27},{"not_picked":["Go for the Eyes","Gash"],"picked":"Redo","floor":31},{"not_picked":["Fission","Core Surge"],"picked":"Creative AI","floor":33},{"not_picked":["Go for the Eyes+1","Leap"],"picked":"Coolheaded+1","floor":35},{"not_picked":["Streamline+1","Blizzard","Gash+1"],"picked":"SKIP","floor":41},{"not_picked":["Cold Snap","Seek","Go for the Eyes+1"],"picked":"SKIP","floor":42},{"not_picked":["Cold Snap","Streamline","Heatsinks"],"picked":"SKIP","floor":46}],"player_experience":443610,"relics_obtained":[{"floor":11,"key":"Incense Burner"},{"floor":22,"key":"Darkstone Periapt"},{"floor":24,"key":"Turnip"},{"floor":26,"key":"Anchor"},{"floor":38,"key":"Bag of Marbles"},{"floor":43,"key":"War Paint"}],"event_choices":[{"damage_healed":0,"gold_gain":0,"player_choice":"Grow","damage_taken":0,"max_hp_gain":0,"max_hp_loss":0,"event_name":"Living Wall","floor":5,"gold_loss":0,"cards_upgraded":["Electrodynamics"]},{"damage_healed":0,"gold_gain":100,"player_choice":"Pray","damage_taken":0,"max_hp_gain":0,"max_hp_loss":0,"event_name":"Golden Shrine","floor":7,"gold_loss":0},{"damage_healed":0,"gold_gain":175,"player_choice":"AGREE","damage_taken":0,"max_hp_gain":0,"max_hp_loss":0,"event_name":"Liars Game","floor":10,"gold_loss":0,"cards_obtained":["Doubt"]},{"damage_healed":18,"gold_gain":0,"player_choice":"Healed","damage_taken":0,"max_hp_gain":0,"max_hp_loss":0,"event_name":"The Cleric","floor":13,"gold_loss":35},{"damage_healed":0,"gold_gain":0,"player_choice":"Success","damage_taken":7,"relics_obtained":["Art of War"],"max_hp_gain":0,"max_hp_loss":0,"event_name":"Scrap Ooze","floor":14,"gold_loss":0},{"damage_healed":0,"gold_gain":0,"player_choice":"Opened","damage_taken":0,"relics_obtained":["The Courier"],"max_hp_gain":0,"max_hp_loss":0,"event_name":"The Mausoleum","floor":20,"gold_loss":0,"cards_obtained":["Writhe"]},{"damage_healed":0,"gold_gain":0,"player_choice":"Ignored","damage_taken":0,"max_hp_gain":0,"max_hp_loss":0,"event_name":"Beggar","floor":21,"gold_loss":0},{"cards_removed":["Writhe"],"damage_healed":0,"gold_gain":0,"player_choice":"Purged","damage_taken":0,"max_hp_gain":0,"max_hp_loss":0,"event_name":"Purifier","floor":30,"gold_loss":0},{"damage_healed":0,"gold_gain":0,"player_choice":"Ignored","damage_taken":0,"max_hp_gain":0,"max_hp_loss":0,"event_name":"Mysterious Sphere","floor":37,"gold_loss":0},{"damage_healed":0,"gold_gain":0,"player_choice":"Full Heal","damage_taken":0,"max_hp_gain":0,"max_hp_loss":0,"event_name":"Wheel of Change","floor":39,"gold_loss":0},{"damage_healed":0,"gold_gain":0,"player_choice":"Paid","damage_taken":0,"relics_obtained":["Red Mask"],"max_hp_gain":0,"max_hp_loss":0,"event_name":"Tomb of Lord Red Mask","floor":48,"gold_loss":41}],"is_beta":false,"boss_relics":[{"not_picked":["Runic Dome","White Beast Statue"],"picked":"Sozu"},{"not_picked":["Tiny House","Runic Pyramid"],"picked":"Inserter"}],"items_purged_floors":[12],"is_endless":false,"potions_floor_spawned":[1,8,11,24,27,33,42,46],"killed_by":"Time Eater","ascension_level":3}