{"gold_per_floor":[209,9,23,38,49,49,81,101,124,134,134,165,165,177,177,272,272,289,301,301,301,311,311,344,360,360,385,397,416,435,467,467,572,572,590,603,603,617,617,649,649,681,755,755,769,789,352,370,370,370],"floor_reached":51,"playtime":2483,"items_purged":["Pain"],"score":1227,"play_id":"6235c913-a847-4e19-a6b7-fb7bf1379f9b","local_time":"20190403181140","is_ascension_mode":true,"campfire_choices":[{"data":"Noxious Fumes","floor":6.0,"key":"SMITH"},{"data":"Catalyst","floor":11.0,"key":"SMITH"},{"data":"Wraith Form v2","floor":13.0,"key":"SMITH"},{"data":"Glass Knife","floor":15.0,"key":"SMITH"},{"floor":23.0,"key":"REST"},{"floor":32.0,"key":"REST"},{"data":"Catalyst","floor":41,"key":"SMITH"},{"floor":44,"key":"REST"},{"floor":49,"key":"RECALL"}],"neow_cost":"NONE","seed_source_timestamp":0,"circlet_count":0,"master_deck":["Defend_G","Defend_G","Defend_G","Defend_G","Defend_G","Strike_G","Strike_G","Strike_G","Strike_G","Strike_G","Survivor","Neutralize","Flechettes","Poisoned Stab","Noxious Fumes+1","Wraith Form v2+1","Catalyst+1","Crippling Poison","Glass Knife+1","Corpse Explosion","PiercingWail+1","Blur","Noxious Fumes","Prepared+1","Cloak And Dagger","Backflip+1","Catalyst+1","Venomology","Flying Knee+1","Escape Plan+1","Noxious Fumes","Catalyst","Blur","Noxious Fumes","Calculated Gamble","Dodge and Roll+1"],"special_seed":0,"relics":["Ring of the Snake","TwistedFunnel","Lantern","Oddly Smooth Stone","PreservedInsect","Black Star","Art of War","Shuriken","Darkstone Periapt","Question Card","Boot","Blood Vial","Sundial","Juzu Bracelet","Runic Pyramid","WarpedTongs","Bag of Marbles","Bottled Tornado","Molten Egg 2","Bottled Lightning","Blue Candle","Medical Kit"],"potions_floor_usage":[33,40,46,50,50,50],"damage_taken":[{"damage":6.0,"enemies":"Cultist","floor":1.0,"turns":5.0},{"damage":0.0,"enemies":"2 Louse","floor":3.0,"turns":2.0},{"damage":0.0,"enemies":"Jaw Worm","floor":4.0,"turns":4.0},{"damage":16.0,"enemies":"Exordium Wildlife","floor":5.0,"turns":4.0},{"damage":8.0,"enemies":"3 Sentries","floor":7.0,"turns":5.0},{"damage":0.0,"enemies":"Gremlin Gang","floor":8.0,"turns":5.0},{"damage":4.0,"enemies":"Lots of Slimes","floor":10.0,"turns":3.0},{"damage":8.0,"enemies":"Gremlin Nob","floor":12.0,"turns":4.0},{"damage":2.0,"enemies":"Looter","floor":14.0,"turns":3.0},{"damage":0.0,"enemies":"Slime Boss","floor":16.0,"turns":8.0},{"damage":4.0,"enemies":"Shell Parasite","floor":18.0,"turns":3.0},{"damage":16.0,"enemies":"2 Thieves","floor":19.0,"turns":3.0},{"damage":0.0,"enemies":"Centurion and Healer","floor":22.0,"turns":3.0},{"damage":5.0,"enemies":"Book of Stabbing","floor":24.0,"turns":6.0},{"damage":0.0,"enemies":"3 Cultists","floor":25.0,"turns":2.0},{"damage":7.0,"enemies":"Gremlin Leader","floor":27.0,"turns":4.0},{"damage":8.0,"enemies":"Snecko","floor":28.0,"turns":5.0},{"damage":6.0,"enemies":"Chosen and Byrds","floor":29.0,"turns":3.0},{"damage":0.0,"enemies":"Centurion and Healer","floor":30.0,"turns":4.0},{"damage":4.0,"enemies":"Book of Stabbing","floor":31.0,"turns":5.0},{"damage":44,"enemies":"Collector","floor":33,"turns":6},{"damage":0,"enemies":"Orb Walker","floor":35,"turns":4},{"damage":3,"enemies":"3 Darklings","floor":36,"turns":3},{"damage":0,"enemies":"Jaw Worm Horde","floor":38,"turns":2},{"damage":0,"enemies":"Reptomancer","floor":40,"turns":4},{"damage":4,"enemies":"Nemesis","floor":42,"turns":5},{"damage":8,"enemies":"Spire Growth","floor":45,"turns":4},{"damage":1,"enemies":"4 Shapes","floor":46,"turns":4},{"damage":0,"enemies":"Sphere and 2 Shapes","floor":48,"turns":4},{"damage":8,"enemies":"Time Eater","floor":50,"turns":7}],"seed_played":"774742550512070898","potions_obtained":[{"floor":1.0,"key":"AttackPotion"},{"floor":4.0,"key":"SpeedPotion"},{"floor":8.0,"key":"PowerPotion"},{"floor":14.0,"key":"SmokeBomb"},{"floor":16.0,"key":"Weak Potion"},{"floor":19.0,"key":"Swift Potion"},{"floor":24.0,"key":"Weak Potion"},{"floor":25.0,"key":"SpeedPotion"},{"floor":30.0,"key":"LiquidBronze"},{"floor":33,"key":"AttackPotion"},{"floor":36,"key":"Ancient Potion"}],"is_trial":false,"path_per_floor":["M","$","M","M","M","R","E","M","T","M","R","E","R","M","R","B",null,"M","M","?","?","M","R","E","M","T","E","M","M","M","E","R","B",null,"M","M","?","M","?","E","R","E","T","R","M","M","$","M","R","B",null],"character_chosen":"THE_SILENT","items_purchased":["TwistedFunnel","Medical Kit","Noxious Fumes","Calculated Gamble"],"campfire_rested":3,"item_purchase_floors":[2,47,47,47],"current_hp_per_floor":[57,57,57,57,41,41,33,33,33,29,29,21,21,19,19,19,57,53,37,24,24,24,46,41,41,41,34,28,24,26,24,46,4,57,59,58,64,66,66,68,68,66,66,81,73,74,74,76,76,70],"gold":370,"neow_bonus":"HUNDRED_GOLD","is_prod":false,"is_daily":false,"chose_seed":false,"campfire_upgraded":5,"win_rate":0,"timestamp":1554340300,"path_taken":["M","$","M","M","M","R","E","M","T","M","R","E","R","?","R","BOSS","M","M","?","?","?","R","E","?","T","E","M","M","M","E","R","BOSS","M","M","?","M","?","E","R","E","T","R","M","M","$","M","R","BOSS"],"build_version":"2019-01-23","purchased_purges":1,"victory":true,"max_hp_per_floor":[70,70,70,70,70,70,70,70,70,70,70,70,70,70,70,70,70,70,70,75,75,75,75,75,75,75,75,75,75,75,75,75,75,75,75,75,81,81,81,81,81,81,81,81,81,81,81,81,81,81],"card_choices":[{"not_picked":["Prepared","Outmaneuver"],"picked":"Flechettes","floor":1.0},{"not_picked":["Outmaneuver","Distraction","Flechettes"],"picked":"SKIP","floor":3.0},{"not_picked":["All Out Attack","Calculated Gamble"],"picked":"Poisoned Stab","floor":4.0},{"not_picked":["Flechettes","Poisoned Stab"],"picked":"Noxious Fumes","floor":5.0},{"not_picked":["Slice","Concentrate"],"picked":"Wraith Form v2","floor":7.0},{"not_picked":["Concentrate","Riddle With Holes"],"picked":"Catalyst","floor":8.0},{"not_picked":["Eviscerate","Well Laid Plans"],"picked":"Crippling Poison","floor":10.0},{"not_picked":["Storm of Steel","Slice"],"picked":"Glass Knife","floor":12.0},{"not_picked":["Bane","Dodge and Roll","Underhanded Strike"],"picked":"SKIP","floor":14.0},{"not_picked":["Unload","Night Terror"],"picked":"Corpse Explosion","floor":16.0},{"not_picked":["Blur+1","Deflect"],"picked":"PiercingWail+1","floor":18.0},{"not_picked":["Sucker Punch+1","Bane"],"picked":"Blur","floor":19.0},{"not_picked":["Concentrate","Bane","Bouncing Flask"],"picked":"SKIP","floor":22.0},{"not_picked":["Tactician","Masterful Stab","Finisher"],"picked":"SKIP","floor":24.0},{"not_picked":["Dodge and Roll","Acrobatics+1"],"picked":"Noxious Fumes","floor":25.0},{"not_picked":["Terror","Reflex+1","Dagger Throw"],"picked":"Prepared+1","floor":27.0},{"not_picked":["Flying Knee+1","Concentrate","Masterful Stab"],"picked":"Cloak And Dagger","floor":28.0},{"not_picked":["Underhanded Strike","Sucker Punch","Blade Dance","Dagger Spray"],"picked":"SKIP","floor":29.0},{"not_picked":["Eviscerate","Dagger Throw","PiercingWail+1"],"picked":"Backflip+1","floor":30.0},{"not_picked":["Glass Knife","PiercingWail","Footwork"],"picked":"Catalyst","floor":31.0},{"not_picked":["Glass Knife","Grand Finale","Envenom"],"picked":"Venomology","floor":33},{"not_picked":["Riddle With Holes","Flying Knee+1","Prepared","Bane"],"picked":"SKIP","floor":35},{"not_picked":["Dagger Spray","Expertise","Accuracy"],"picked":"Flying Knee+1","floor":36},{"not_picked":["Deadly Poison+1","Reflex","Underhanded Strike+1","Sucker Punch+1"],"picked":"SKIP","floor":38},{"not_picked":["Predator","Glass Knife","Acrobatics+1"],"picked":"Escape Plan+1","floor":40},{"not_picked":["Poisoned Stab","Slice+1","Flechettes+1"],"picked":"Noxious Fumes","floor":42},{"not_picked":["Leg Sweep","Tactician","Quick Slash+1"],"picked":"Catalyst","floor":45},{"not_picked":["Tactician","Infinite Blades","Quick Slash+1"],"picked":"Blur","floor":46},{"not_picked":["Flying Knee+1","Outmaneuver","Poisoned Stab+1"],"picked":"Dodge and Roll+1","floor":48}],"player_experience":140301,"relics_obtained":[{"floor":7.0,"key":"Lantern"},{"floor":9.0,"key":"Oddly Smooth Stone"},{"floor":12.0,"key":"PreservedInsect"},{"floor":24.0,"key":"Shuriken"},{"floor":24.0,"key":"Darkstone Periapt"},{"floor":26.0,"key":"Question Card"},{"floor":27.0,"key":"Boot"},{"floor":27.0,"key":"Blood Vial"},{"floor":31.0,"key":"Sundial"},{"floor":31.0,"key":"Juzu Bracelet"},{"floor":40,"key":"Bag of Marbles"},{"floor":40,"key":"Bottled Tornado"},{"floor":42,"key":"Molten Egg 2"},{"floor":42,"key":"Bottled Lightning"},{"floor":43,"key":"Blue Candle"}],"event_choices":[{"damage_healed":0.0,"max_hp_gain":5.0,"max_hp_loss":0.0,"gold_gain":0.0,"event_name":"Forgotten Altar","player_choice":"Shed Blood","floor":20.0,"gold_loss":0.0,"damage_taken":18.0},{"damage_healed":0.0,"max_hp_gain":0.0,"max_hp_loss":0.0,"gold_gain":0.0,"event_name":"The Mausoleum","player_choice":"Opened","floor":21.0,"gold_loss":0.0,"damage_taken":0.0,"relics_obtained":["Art of War"]},{"damage_healed":0,"gold_gain":0,"player_choice":"Rummage","damage_taken":0,"relics_obtained":["WarpedTongs"],"max_hp_gain":0,"max_hp_loss":0,"event_name":"Accursed Blacksmith","floor":37,"gold_loss":0,"cards_obtained":["Pain"]},{"damage_healed":0,"gold_gain":0,"player_choice":"Ignored","damage_taken":0,"max_hp_gain":0,"max_hp_loss":0,"event_name":"Tomb of Lord Red Mask","floor":39,"gold_loss":0}],"is_beta":false,"boss_relics":[{"not_picked":["Coffee Dripper","Orrery"],"picked":"Black Star"},{"not_picked":["HoveringKite","Eternal Feather"],"picked":"Runic Pyramid"}],"items_purged_floors":[47],"is_endless":false,"potions_floor_spawned":[1,4,8,14,16,19,24,25,28,30,33,36,46,48],"ascension_level":7}