{"gold_per_floor":[115,132,307,307,322,356,356,382,466,466,483,499,525,541,541,541],"floor_reached":16,"playtime":762,"items_purged":[],"score":153,"play_id":"acb10d98-45aa-41c2-af3b-27e0b78206ba","local_time":"20190408105608","is_ascension_mode":true,"campfire_choices":[{"floor":7,"key":"REST"},{"floor":10,"key":"REST"},{"floor":15,"key":"REST"}],"neow_cost":"PERCENT_DAMAGE","seed_source_timestamp":101355305895917,"circlet_count":0,"master_deck":["Strike_R","Strike_R","Strike_R","Strike_R","Strike_R","Defend_R","Defend_R","Defend_R","Defend_R+1","Bash+1","Twin Strike","Whirlwind","Doubt","Battle Trance","Flex","Blood for Blood","Inflame"],"relics":["Burning Blood","Sundial","Anchor","Tiny Chest","WingedGreaves"],"potions_floor_usage":[6,13,13],"damage_taken":[{"damage":2,"enemies":"Small Slimes","floor":1,"turns":4},{"damage":1,"enemies":"2 Louse","floor":2,"turns":2},{"damage":0,"enemies":"Cultist","floor":5,"turns":3},{"damage":46,"enemies":"Lagavulin","floor":6,"turns":7},{"damage":44,"enemies":"3 Sentries","floor":8,"turns":8},{"damage":3,"enemies":"Red Slaver","floor":11,"turns":3},{"damage":0,"enemies":"Gremlin Gang","floor":12,"turns":1},{"damage":62,"enemies":"Lagavulin","floor":13,"turns":7},{"damage":1,"enemies":"2 Fungi Beasts","floor":14,"turns":3},{"damage":59,"enemies":"Hexaghost","floor":16,"turns":9}],"seed_played":"1504393256769576264","potions_obtained":[{"floor":1,"key":"Weak Potion"},{"floor":5,"key":"FairyPotion"},{"floor":8,"key":"Ancient Potion"},{"floor":11,"key":"Weak Potion"},{"floor":12,"key":"Regen Potion"}],"is_trial":false,"path_per_floor":["M","M","?","?","M","E","R","E","T","R","M","M","E","M","R","B"],"character_chosen":"IRONCLAD","items_purchased":[],"campfire_rested":3,"item_purchase_floors":[],"current_hp_per_floor":[76,81,81,62,68,28,56,18,18,46,49,55,14,19,47,0],"gold":541,"neow_bonus":"TWENTY_PERCENT_HP_BONUS","is_prod":false,"is_daily":false,"chose_seed":false,"campfire_upgraded":0,"win_rate":0,"timestamp":1554713768,"path_taken":["M","M","?","?","M","E","R","E","T","R","M","M","E","M","R","BOSS"],"build_version":"2019-01-23","purchased_purges":0,"victory":false,"max_hp_per_floor":[96,96,96,96,96,96,96,96,96,96,96,96,96,96,96,96],"card_choices":[{"not_picked":["Flex","Perfected Strike"],"picked":"Twin Strike","floor":1},{"not_picked":["Ghostly Armor","Hemokinesis"],"picked":"Whirlwind","floor":2},{"not_picked":["Rage","Thunderclap","Headbutt"],"picked":"SKIP","floor":5},{"not_picked":["Headbutt","Perfected Strike"],"picked":"Battle Trance","floor":6},{"not_picked":["Rage","True Grit","Armaments"],"picked":"SKIP","floor":8},{"not_picked":["Shockwave","Combust"],"picked":"Flex","floor":11},{"not_picked":["Second Wind","Clothesline","Iron Wave"],"picked":"SKIP","floor":12},{"not_picked":["Bludgeon","Clothesline"],"picked":"Blood for Blood","floor":13},{"not_picked":["Rupture","Dual Wield"],"picked":"Inflame","floor":14}],"player_experience":322277,"relics_obtained":[{"floor":6,"key":"Sundial"},{"floor":8,"key":"Anchor"},{"floor":9,"key":"Tiny Chest"},{"floor":13,"key":"WingedGreaves"}],"event_choices":[{"damage_healed":0,"gold_gain":175,"player_choice":"AGREE","damage_taken":0,"max_hp_gain":0,"max_hp_loss":0,"event_name":"Liars Game","floor":3,"gold_loss":0,"cards_obtained":["Doubt"]},{"damage_healed":0,"gold_gain":0,"player_choice":"Entered Light","damage_taken":19,"max_hp_gain":0,"max_hp_loss":0,"event_name":"Shining Light","floor":4,"gold_loss":0,"cards_upgraded":["Bash","Defend_R"]}],"is_beta":false,"boss_relics":[],"items_purged_floors":[],"is_endless":false,"potions_floor_spawned":[1,5,8,11,12],"killed_by":"Hexaghost","ascension_level":1}