{"gold_per_floor":[19,32,51,51,64,64,77,91,91,91,124,137,180,215,215,335,335,354,368,418,432,445,486,507,507,507,507,520,543,568,581,581,700,700,713,713,301,634,634,634,665,681,705,723,723,36,36,136,136,136],"floor_reached":51,"playtime":2678,"items_purged":["Strike_R","Strike_R"],"score":863,"play_id":"6c0f8c26-2522-4dfe-bf7f-0cd033855ba1","local_time":"20190104163700","is_ascension_mode":false,"campfire_choices":[{"data":"Bash","floor":6,"key":"SMITH"},{"data":"Clothesline","floor":10,"key":"SMITH"},{"floor":15,"key":"REST"},{"floor":25,"key":"REST"},{"data":"Barricade","floor":27,"key":"SMITH"},{"floor":32,"key":"REST"},{"data":"Double Tap","floor":40,"key":"SMITH"},{"data":"Limit Break","floor":47,"key":"SMITH"},{"data":"Demon Form","floor":49,"key":"SMITH"}],"neow_cost":"NO_GOLD","seed_source_timestamp":188907999607308,"circlet_count":0,"master_deck":["Strike_R","Strike_R","Defend_R","Defend_R","Defend_R","Defend_R","Bash+1","Demon Form+1","Clothesline+1","Cleave","Shrug It Off","Offering","Impervious","Iron Wave+1","Shrug It Off","Cleave+1","Flame Barrier","Barricade+1","Shrug It Off+1","Flame Barrier","True Grit+1","Shockwave","Double Tap+1","Fire Breathing","Inflame","Metallicize","Iron Wave+1","Inflame","Fire Breathing","Limit Break+1","Fire Breathing","Corruption","Rupture","Dark Embrace","Rupture","Corruption","Berserk","Rupture","Feel No Pain","Inflame","Fire Breathing","Fire Breathing"],"relics":["Burning Blood","Kunai","The Courier","Ornamental Fan","Odd Mushroom","Philosopher\u0027s Stone","Mummified Hand","Gambling Chip","Busted Crown","Bag of Preparation","Membership Card","Pen Nib","Art of War","HandDrill","Oddly Smooth Stone","Ice Cream"],"potions_floor_usage":[8,13,14,16,22,22,23,31,44,50,50,50],"damage_taken":[{"damage":6,"enemies":"Cultist","floor":1,"turns":3},{"damage":14,"enemies":"Jaw Worm","floor":2,"turns":4},{"damage":1,"enemies":"2 Louse","floor":3,"turns":2},{"damage":7,"enemies":"2 Fungi Beasts","floor":5,"turns":3},{"damage":19,"enemies":"Exordium Thugs","floor":7,"turns":5},{"damage":11,"enemies":"Large Slime","floor":8,"turns":4},{"damage":20,"enemies":"Gremlin Nob","floor":11,"turns":5},{"damage":3,"enemies":"2 Fungi Beasts","floor":12,"turns":4},{"damage":6,"enemies":"Lagavulin","floor":13,"turns":7},{"damage":15,"enemies":"The Mushroom Lair","floor":14,"turns":5},{"damage":21,"enemies":"Slime Boss","floor":16,"turns":8},{"damage":31,"enemies":"Spheric Guardian","floor":18,"turns":5},{"damage":11,"enemies":"Chosen","floor":19,"turns":5},{"damage":13,"enemies":"3 Cultists","floor":21,"turns":7},{"damage":8,"enemies":"Snake Plant","floor":22,"turns":5},{"damage":25,"enemies":"Slavers","floor":23,"turns":5},{"damage":17,"enemies":"Chosen and Byrds","floor":24,"turns":7},{"damage":9,"enemies":"Sentry and Sphere","floor":28,"turns":5},{"damage":16,"enemies":"Centurion and Healer","floor":29,"turns":7},{"damage":0,"enemies":"Snecko","floor":30,"turns":6},{"damage":0,"enemies":"Snake Plant","floor":31,"turns":7},{"damage":16,"enemies":"Collector","floor":33,"turns":12},{"damage":0,"enemies":"Orb Walker","floor":35,"turns":3},{"damage":0,"enemies":"Reptomancer","floor":41,"turns":7},{"damage":0,"enemies":"3 Shapes","floor":42,"turns":4},{"damage":0,"enemies":"Transient","floor":44,"turns":5},{"damage":16,"enemies":"Mind Bloom Boss Battle","floor":48,"turns":7},{"damage":81,"enemies":"Awakened One","floor":50,"turns":6}],"seed_played":"7716506489850705978","potions_obtained":[{"floor":2,"key":"SkillPotion"},{"floor":8,"key":"Explosive Potion"},{"floor":11,"key":"SteroidPotion"},{"floor":12,"key":"PowerPotion"},{"floor":16,"key":"Weak Potion"},{"floor":19,"key":"LiquidBronze"},{"floor":21,"key":"SkillPotion"},{"floor":28,"key":"Strength Potion"},{"floor":29,"key":"Block Potion"},{"floor":31,"key":"Regen Potion"},{"floor":42,"key":"Fire Potion"},{"floor":44,"key":"PowerPotion"}],"is_trial":false,"path_per_floor":["M","M","M","?","M","R","M","M","T","R","E","M","E","?","R","B",null,"M","M","?","M","M","E","M","R","T","R","M","M","M","M","R","B",null,"M","?","$","?","?","R","E","M","T","M","?","$","R","?","R","B",null],"character_chosen":"IRONCLAD","items_purchased":["Bag of Preparation","Membership Card","Fire Breathing","Inflame","Metallicize","Fire Breathing","Limit Break","Fire Breathing","Corruption","Rupture","Dark Embrace","Rupture","HandDrill","Oddly Smooth Stone","Corruption","Berserk","Rupture","Feel No Pain","Inflame","Fire Breathing","Fire Breathing"],"campfire_rested":3,"item_purchase_floors":[37,37,37,37,37,46,46,46,46,46,46,46,46,46,46,46,46,46,46,46,46],"current_hp_per_floor":[80,72,77,57,56,56,43,38,38,38,24,27,27,18,42,27,80,55,50,50,43,41,22,11,35,35,35,32,22,28,34,58,48,80,80,80,80,80,80,80,80,80,80,80,80,80,80,70,70,10],"gold":136,"neow_bonus":"THREE_RARE_CARDS","is_prod":false,"is_daily":false,"chose_seed":false,"campfire_upgraded":6,"win_rate":0,"timestamp":1546648620,"path_taken":["M","M","?","?","M","R","M","M","T","R","E","M","E","?","R","BOSS","M","M","?","M","M","E","M","R","T","R","?","M","M","M","R","BOSS","M","?","$","?","?","R","E","?","T","M","?","$","R","?","R","BOSS"],"build_version":"2019-01-03v4","purchased_purges":2,"victory":true,"max_hp_per_floor":[80,80,80,80,80,80,80,80,80,80,80,80,80,80,80,80,80,80,80,80,80,80,80,80,80,80,80,80,80,80,80,80,80,80,80,80,80,80,80,80,80,80,80,80,80,80,80,80,80,80],"card_choices":[{"not_picked":["Double Tap","Brutality"],"picked":"Demon Form","floor":0},{"not_picked":["Iron Wave","Feel No Pain","Thunderclap"],"picked":"SKIP","floor":1},{"not_picked":["Body Slam","Sword Boomerang"],"picked":"Clothesline","floor":2},{"not_picked":["Flex","Clash"],"picked":"Cleave","floor":3},{"not_picked":["Anger","Iron Wave","Clothesline"],"picked":"SKIP","floor":5},{"not_picked":["Fiend Fire","Body Slam"],"picked":"Shrug It Off","floor":7},{"not_picked":["Flex","Clash","Wild Strike"],"picked":"SKIP","floor":8},{"not_picked":["Twin Strike","Sentinel"],"picked":"Offering","floor":11},{"not_picked":["Headbutt","Sever Soul","Iron Wave"],"picked":"SKIP","floor":12},{"not_picked":["Perfected Strike","Havoc"],"picked":"Impervious","floor":13},{"not_picked":["Shrug It Off","Sword Boomerang"],"picked":"Iron Wave+1","floor":18},{"not_picked":["Thunderclap+1","Twin Strike"],"picked":"Shrug It Off","floor":19},{"not_picked":["Combust+1","Cleave","Twin Strike"],"picked":"SKIP","floor":21},{"not_picked":["Infernal Blade","Inflame"],"picked":"Cleave+1","floor":22},{"not_picked":["Cleave","Wild Strike"],"picked":"Flame Barrier","floor":23},{"not_picked":["Warcry","Havoc"],"picked":"Barricade","floor":24},{"not_picked":["Reckless Charge","Ghostly Armor"],"picked":"Shrug It Off+1","floor":28},{"not_picked":["Wild Strike","Uppercut"],"picked":"Flame Barrier","floor":29},{"not_picked":["Heavy Blade","Headbutt"],"picked":"True Grit+1","floor":30},{"not_picked":["Iron Wave","True Grit+1"],"picked":"Shockwave","floor":31},{"not_picked":["Berserk","Impervious"],"picked":"Double Tap","floor":33},{"not_picked":["Wild Strike"],"picked":"SKIP","floor":35},{"not_picked":[],"picked":"Iron Wave+1","floor":41},{"not_picked":["Anger+1"],"picked":"SKIP","floor":42},{"not_picked":[],"picked":"Inflame","floor":44}],"player_experience":355331,"relics_obtained":[{"floor":9,"key":"Kunai"},{"floor":11,"key":"The Courier"},{"floor":13,"key":"Ornamental Fan"},{"floor":14,"key":"Odd Mushroom"},{"floor":23,"key":"Mummified Hand"},{"floor":26,"key":"Gambling Chip"},{"floor":41,"key":"Pen Nib"},{"floor":43,"key":"Art of War"},{"floor":48,"key":"Ice Cream"}],"event_choices":[{"damage_healed":0,"gold_gain":0,"player_choice":"Take Damage","damage_taken":20,"relics_obtained":["Golden Idol"],"max_hp_gain":0,"max_hp_loss":0,"event_name":"Golden Idol","floor":4,"gold_loss":0},{"damage_healed":0,"gold_gain":0,"player_choice":"Fought Mushrooms","damage_taken":0,"max_hp_gain":0,"max_hp_loss":0,"event_name":"Mushrooms","floor":14,"gold_loss":0},{"damage_healed":0,"gold_gain":100,"player_choice":"Bet on Murderer","damage_taken":0,"max_hp_gain":0,"max_hp_loss":0,"event_name":"The Joust","floor":20,"gold_loss":50},{"cards_removed":["Strike_R"],"damage_healed":0,"gold_gain":0,"player_choice":"Removed Attack","damage_taken":0,"max_hp_gain":0,"max_hp_loss":0,"event_name":"Falling","floor":36,"gold_loss":0},{"damage_healed":0,"gold_gain":333,"player_choice":"Gave Idol","damage_taken":0,"max_hp_gain":0,"max_hp_loss":0,"event_name":"The Moai Head","floor":38,"relics_lost":["Golden Idol"],"gold_loss":0},{"damage_healed":0,"gold_gain":0,"player_choice":"0 cards matched","damage_taken":0,"max_hp_gain":0,"max_hp_loss":0,"event_name":"Match and Keep!","floor":39,"gold_loss":0,"cards_obtained":[]},{"damage_healed":0,"gold_gain":0,"player_choice":"Ignored","damage_taken":0,"max_hp_gain":0,"max_hp_loss":0,"event_name":"Tomb of Lord Red Mask","floor":45,"gold_loss":0},{"damage_healed":0,"gold_gain":0,"player_choice":"Fight","damage_taken":0,"max_hp_gain":0,"max_hp_loss":0,"event_name":"MindBloom","floor":48,"gold_loss":0}],"is_beta":false,"boss_relics":[{"not_picked":["Eternal Feather","Ectoplasm"],"picked":"Philosopher\u0027s Stone"},{"not_picked":["Coffee Dripper","Runic Cube"],"picked":"Busted Crown"}],"items_purged_floors":[37,46],"is_endless":false,"potions_floor_spawned":[2,8,11,12,16,19,21,28,29,31,42,44],"ascension_level":0}