{"gold_per_floor":[214,228,8,18,18,52,52,66,66,85,85,60,75,87,87,183,183,199,215,140,157,61,61,91,91,115,115,15,27,54,54,54,54],"floor_reached":33,"playtime":1957,"items_purged":["Strike_R"],"score":318,"play_id":"7a4e5bc9-f774-4f20-88b4-f40429bb6341","local_time":"20190318115146","is_ascension_mode":true,"campfire_choices":[{"data":"1","floor":7,"key":"LIFT"},{"data":"2","floor":11,"key":"LIFT"},{"data":"3","floor":15,"key":"LIFT"},{"floor":23,"key":"REST"},{"floor":25,"key":"REST"},{"floor":32,"key":"REST"}],"neow_cost":"NONE","seed_source_timestamp":397526628315336,"circlet_count":0,"master_deck":["Defend_R","Defend_R","Defend_R","Defend_R","Bash","True Grit","Shockwave","Offering","Inflame","Anger","Impervious","Spot Weakness","Seeing Red","Shrug It Off","Pummel","Clothesline","Demon Form","Battle Trance","Shrug It Off","Armaments","True Grit+1","Heavy Blade","Heavy Blade","Ghostly Armor","Spot Weakness"],"relics":["Burning Blood","Girya","Magic Flower","Empty Cage","Turnip","Red Skull","Vajra"],"potions_floor_usage":[16,24,24,31,33],"damage_taken":[{"damage":4,"enemies":"2 Louse","floor":1,"turns":4},{"damage":2,"enemies":"Small Slimes","floor":2,"turns":4},{"damage":8,"enemies":"Jaw Worm","floor":4,"turns":3},{"damage":27,"enemies":"Lagavulin","floor":6,"turns":5},{"damage":14,"enemies":"Exordium Wildlife","floor":8,"turns":4},{"damage":11,"enemies":"Blue Slaver","floor":10,"turns":3},{"damage":6,"enemies":"3 Louse","floor":13,"turns":2},{"damage":9,"enemies":"Looter","floor":14,"turns":2},{"damage":33,"enemies":"Hexaghost","floor":16,"turns":8},{"damage":22,"enemies":"Spheric Guardian","floor":18,"turns":4},{"damage":48,"enemies":"3 Byrds","floor":19,"turns":6},{"damage":24,"enemies":"Centurion and Healer","floor":21,"turns":5},{"damage":51,"enemies":"Book of Stabbing","floor":24,"turns":8},{"damage":19,"enemies":"Snecko","floor":29,"turns":4},{"damage":33,"enemies":"Slavers","floor":30,"turns":6},{"damage":10,"enemies":"Shelled Parasite and Fungi","floor":31,"turns":2},{"damage":46,"enemies":"Collector","floor":33,"turns":10}],"seed_played":"7237150975388268804","potions_obtained":[{"floor":1,"key":"Dexterity Potion"},{"floor":2,"key":"Regen Potion"},{"floor":10,"key":"EssenceOfSteel"},{"floor":16,"key":"Regen Potion"},{"floor":21,"key":"BloodPotion"},{"floor":24,"key":"Dexterity Potion"}],"is_trial":false,"path_per_floor":["M","M","$","M","?","E","R","M","T","M","R","$","M","M","R","B",null,"M","M","?","M","$","R","E","R","T","?","$","M","E","M","R","B"],"character_chosen":"IRONCLAD","items_purchased":["Offering","Inflame","Shrug It Off","SmokeBomb","Heavy Blade"],"campfire_rested":3,"item_purchase_floors":[3,3,12,22,28],"current_hp_per_floor":[80,80,80,78,78,57,57,49,49,47,47,47,50,50,50,50,80,67,28,28,13,13,37,31,55,55,55,55,45,21,20,44,0],"gold":54,"neow_bonus":"HUNDRED_GOLD","is_prod":false,"is_daily":false,"chose_seed":false,"campfire_upgraded":0,"win_rate":0,"timestamp":1552931506,"path_taken":["M","M","$","M","?","E","R","M","T","M","R","$","M","M","R","BOSS","M","M","?","M","$","R","E","R","T","?","?","M","E","M","R","BOSS"],"build_version":"2019-01-23","purchased_purges":1,"victory":false,"max_hp_per_floor":[80,80,80,80,80,80,80,80,80,80,80,80,80,80,80,80,80,80,80,80,80,80,80,80,80,80,80,80,80,80,80,80,80],"card_choices":[{"not_picked":["Fire Breathing","Searing Blow"],"picked":"True Grit","floor":1},{"not_picked":["Uppercut","Iron Wave"],"picked":"Shockwave","floor":2},{"not_picked":["Perfected Strike","Infernal Blade"],"picked":"Anger","floor":4},{"not_picked":["Rampage","Evolve"],"picked":"Spot Weakness","floor":6},{"not_picked":["Flex","Havoc"],"picked":"Seeing Red","floor":8},{"not_picked":["Thunderclap","Flex","True Grit"],"picked":"SKIP","floor":10},{"not_picked":["Sword Boomerang","Twin Strike"],"picked":"Pummel","floor":13},{"not_picked":["Anger","Cleave"],"picked":"Clothesline","floor":14},{"not_picked":["Bludgeon","Berserk"],"picked":"Demon Form","floor":16},{"not_picked":["Rage+1","Corruption"],"picked":"Battle Trance","floor":18},{"not_picked":["Disarm+1","Anger"],"picked":"Shrug It Off","floor":19},{"not_picked":["Burning Pact","Flex+1"],"picked":"Armaments","floor":21},{"not_picked":["Sword Boomerang","Flex"],"picked":"True Grit+1","floor":24},{"not_picked":["Flame Barrier","Body Slam+1"],"picked":"Ghostly Armor","floor":29},{"not_picked":["Clothesline","Bloodletting"],"picked":"Spot Weakness","floor":30}],"player_experience":249960,"relics_obtained":[{"floor":6,"key":"Girya"},{"floor":9,"key":"Magic Flower"},{"floor":24,"key":"Turnip"},{"floor":26,"key":"Red Skull"},{"floor":30,"key":"Vajra"}],"event_choices":[{"damage_healed":0,"gold_gain":0,"cards_transformed":["Strike_R"],"player_choice":"Change","damage_taken":0,"max_hp_gain":0,"max_hp_loss":0,"event_name":"Living Wall","floor":5,"gold_loss":0,"cards_obtained":["Impervious"]},{"cards_removed":["Strike_R"],"damage_healed":0,"gold_gain":0,"player_choice":"Gave Gold","damage_taken":0,"max_hp_gain":0,"max_hp_loss":0,"event_name":"Beggar","floor":20,"gold_loss":75},{"damage_healed":0,"gold_gain":0,"player_choice":"Read","damage_taken":0,"max_hp_gain":0,"max_hp_loss":0,"event_name":"The Library","floor":27,"gold_loss":0,"cards_obtained":["Heavy Blade"]}],"is_beta":false,"boss_relics":[{"not_picked":["Calling Bell","Ectoplasm"],"picked":"Empty Cage"}],"items_purged_floors":[28],"is_endless":false,"potions_floor_spawned":[1,2,10,13,16,21,24,31],"killed_by":"Collector","ascension_level":2}