{"gold_per_floor":[110,121,132,142,190,190,203,230,230,230,195,195,195,225,225,327,327,338,352,101,114,114,144,156,168,207,219,231,260,286,213,225,338,350,374,434,456,468,50,50,61,80,80,98,98,131,131,81,81,81],"floor_reached":50,"playtime":3668,"items_purged":["Strike_R","Strike_R"],"score":577,"play_id":"b1f945f3-0af2-4cf4-b493-4c19b7d8640b","local_time":"20190421181243","is_ascension_mode":true,"campfire_choices":[{"floor":6,"key":"DIG"},{"floor":10,"key":"DIG"},{"floor":12,"key":"DIG"},{"floor":15,"key":"DIG"},{"floor":24,"key":"DIG"},{"floor":28,"key":"DIG"},{"data":"Demon Form","floor":32,"key":"SMITH"},{"floor":40,"key":"DIG"},{"floor":45,"key":"DIG"},{"floor":49,"key":"REST"}],"neow_cost":"TEN_PERCENT_HP_LOSS","seed_source_timestamp":0,"circlet_count":0,"master_deck":["Strike_R","Strike_R","Strike_R","Defend_R","Defend_R","Defend_R+1","Defend_R","Bash","Uppercut","Whirlwind","Thunderclap","Flame Barrier","Seeing Red+1","Demon Form+1","Armaments","Disarm","Sword Boomerang+1","Impervious","Cleave+1","Disarm","Battle Trance","Twin Strike","Feed"],"special_seed":0,"relics":["Burning Blood","Shovel","Juzu Bracelet","Bronze Scales","Oddly Smooth Stone","Darkstone Periapt","War Paint","Blood Vial","Smiling Mask","Bottled Flame","Black Star","Chemical X","Bag of Preparation","MawBank","Torii","Vajra","Self Forming Clay","Art of War","Girya","Fusion Hammer","Calipers","Bag of Marbles","StoneCalendar","Happy Flower","Toxic Egg 2","PreservedInsect","Ornamental Fan","Kunai"],"potions_floor_usage":[4,8,23,35,36,41,47,50],"damage_taken":[{"damage":6.0,"enemies":"Cultist","floor":1.0,"turns":3.0},{"damage":11,"enemies":"Jaw Worm","floor":2,"turns":5},{"damage":5,"enemies":"Small Slimes","floor":3,"turns":4},{"damage":10,"enemies":"Exordium Wildlife","floor":4,"turns":2},{"damage":22,"enemies":"Exordium Thugs","floor":7,"turns":4},{"damage":21,"enemies":"Gremlin Nob","floor":8,"turns":4},{"damage":18,"enemies":"3 Sentries","floor":14,"turns":4},{"damage":38,"enemies":"The Guardian","floor":16,"turns":16},{"damage":34,"enemies":"2 Thieves","floor":18,"turns":4},{"damage":0,"enemies":"3 Byrds","floor":19,"turns":4},{"damage":29,"enemies":"Shelled Parasite and Fungi","floor":21,"turns":6},{"damage":33,"enemies":"Slavers","floor":23,"turns":3},{"damage":0,"enemies":"3 Cultists","floor":29,"turns":2},{"damage":0,"enemies":"Centurion and Healer","floor":30,"turns":3},{"damage":36,"enemies":"Collector","floor":33,"turns":6},{"damage":19,"enemies":"Orb Walker","floor":35,"turns":3},{"damage":10,"enemies":"2 Orb Walkers","floor":36,"turns":3},{"damage":24,"enemies":"3 Darklings","floor":37,"turns":3},{"damage":6,"enemies":"Jaw Worm Horde","floor":41,"turns":4},{"damage":19,"enemies":"Maw","floor":42,"turns":6},{"damage":0,"enemies":"3 Darklings","floor":44,"turns":1},{"damage":18,"enemies":"Giant Head","floor":46,"turns":7},{"damage":0,"enemies":"Sphere and 2 Shapes","floor":47,"turns":1},{"damage":76,"enemies":"Donu and Deca","floor":50,"turns":8}],"seed_played":"-3474033686662965046","potions_obtained":[{"floor":1,"key":"Ancient Potion"},{"floor":2,"key":"Explosive Potion"},{"floor":3,"key":"SteroidPotion"},{"floor":14,"key":"BloodPotion"},{"floor":19,"key":"FearPotion"},{"floor":23,"key":"Swift Potion"},{"floor":33,"key":"PowerPotion"},{"floor":37,"key":"Block Potion"},{"floor":42,"key":"SmokeBomb"},{"floor":46,"key":"PowerPotion"}],"is_trial":false,"path_per_floor":["M","M","M","M","T","R","M","E","T","R","?","R","?","E","R","B",null,"M","M","$","M","?","E","R","$","T","T","R","M","M","?","R","B",null,"M","?","M","?","$","R","M","M","T","M","R","E","M","$","R","B"],"character_chosen":"IRONCLAD","items_purchased":["Chemical X","Bag of Marbles","StoneCalendar"],"campfire_rested":1,"item_purchase_floors":[20,39,39],"current_hp_per_floor":[72,67,68,64,64,64,48,33,33,33,51,51,56,46,46,16,77,49,57,57,36,61,43,43,43,43,43,43,51,59,59,59,31,77,64,62,46,46,46,46,48,37,37,45,45,35,43,43,66,0],"gold":81,"neow_bonus":"ONE_RARE_RELIC","is_prod":false,"is_daily":false,"chose_seed":false,"campfire_upgraded":1,"win_rate":0,"timestamp":1555866763,"path_taken":["M","?","M","M","?","R","M","E","T","R","?","R","?","E","R","BOSS","M","M","$","M","?","E","R","$","T","?","R","M","M","?","R","BOSS","M","?","M","?","$","R","M","M","T","M","R","E","M","$","R","BOSS"],"build_version":"2019-01-23","purchased_purges":2,"victory":false,"max_hp_per_floor":[72,72,72,72,72,72,72,72,72,72,72,72,77,77,77,77,77,77,77,77,77,77,77,77,77,77,77,77,77,77,77,77,77,77,77,77,77,77,77,77,77,77,77,77,77,77,77,77,77,77],"card_choices":[{"not_picked":["Perfected Strike","Headbutt","Anger"],"picked":"SKIP","floor":1},{"not_picked":["Anger","Twin Strike"],"picked":"Uppercut","floor":2},{"not_picked":["Perfected Strike","Shrug It Off"],"picked":"Whirlwind","floor":3},{"not_picked":["Sentinel","Clothesline"],"picked":"Thunderclap","floor":4},{"not_picked":["Rage","Combust"],"picked":"Flame Barrier","floor":7},{"not_picked":["Thunderclap","Fire Breathing"],"picked":"Seeing Red","floor":8},{"not_picked":["Thunderclap","Flex","Entrench"],"picked":"SKIP","floor":14},{"not_picked":["Double Tap","Dark Embrace"],"picked":"Demon Form","floor":16},{"not_picked":["Rampage","Second Wind"],"picked":"Armaments","floor":18},{"not_picked":["Spot Weakness+1","Wild Strike"],"picked":"Disarm","floor":19},{"not_picked":["Cleave","Blood for Blood+1","Pommel Strike"],"picked":"SKIP","floor":21},{"not_picked":["Headbutt","Exhume","Searing Blow"],"picked":"SKIP","floor":23},{"not_picked":["Cleave","Havoc","Perfected Strike+1"],"picked":"SKIP","floor":29},{"not_picked":["Searing Blow","Armaments"],"picked":"Sword Boomerang+1","floor":30},{"not_picked":["Brutality","Bludgeon"],"picked":"Impervious","floor":33},{"not_picked":["Perfected Strike","Warcry"],"picked":"Cleave+1","floor":35},{"not_picked":["Flame Barrier","Rampage"],"picked":"Disarm","floor":36},{"not_picked":["Flex","Warcry"],"picked":"Battle Trance","floor":37},{"not_picked":["Flex","Carnage+1"],"picked":"Twin Strike","floor":41},{"not_picked":["Pommel Strike+1","Havoc+1","Headbutt+1"],"picked":"SKIP","floor":42},{"not_picked":["Headbutt","Warcry+1","Flex+1"],"picked":"SKIP","floor":44},{"not_picked":["Ghostly Armor+1","Sever Soul"],"picked":"Feed","floor":46}],"player_experience":1808644,"relics_obtained":[{"floor":5,"key":"Juzu Bracelet"},{"floor":6,"key":"Bronze Scales"},{"floor":8,"key":"Oddly Smooth Stone"},{"floor":9,"key":"Darkstone Periapt"},{"floor":10,"key":"War Paint"},{"floor":12,"key":"Blood Vial"},{"floor":14,"key":"Smiling Mask"},{"floor":15,"key":"Bottled Flame"},{"floor":23,"key":"Bag of Preparation"},{"floor":23,"key":"MawBank"},{"floor":24,"key":"Torii"},{"floor":26,"key":"Vajra"},{"floor":27,"key":"Self Forming Clay"},{"floor":28,"key":"Art of War"},{"floor":36,"key":"Calipers"},{"floor":40,"key":"Happy Flower"},{"floor":43,"key":"Toxic Egg 2"},{"floor":45,"key":"PreservedInsect"},{"floor":46,"key":"Ornamental Fan"},{"floor":46,"key":"Kunai"}],"event_choices":[{"damage_healed":18,"gold_gain":0,"player_choice":"Healed","damage_taken":0,"max_hp_gain":0,"max_hp_loss":0,"event_name":"The Cleric","floor":11,"gold_loss":35},{"damage_healed":0,"gold_gain":0,"player_choice":"Donut","damage_taken":0,"max_hp_gain":5,"max_hp_loss":0,"event_name":"Big Fish","floor":13,"gold_loss":0},{"damage_healed":25,"gold_gain":0,"player_choice":"Heal","damage_taken":0,"max_hp_gain":0,"max_hp_loss":0,"event_name":"The Library","floor":22,"gold_loss":0},{"damage_healed":0,"gold_gain":0,"player_choice":"Obtained Relic","damage_taken":0,"relics_obtained":["Girya"],"max_hp_gain":0,"max_hp_loss":0,"event_name":"Addict","floor":31,"gold_loss":85},{"damage_healed":0,"gold_gain":0,"player_choice":"Fight","damage_taken":0,"max_hp_gain":0,"max_hp_loss":0,"event_name":"Mysterious Sphere","floor":36,"gold_loss":0},{"damage_healed":0,"gold_gain":0,"player_choice":"Ignored","damage_taken":0,"max_hp_gain":0,"max_hp_loss":0,"event_name":"NoteForYourself","floor":38,"gold_loss":0}],"is_beta":false,"boss_relics":[{"not_picked":["Eternal Feather","Orrery"],"picked":"Black Star"},{"not_picked":["Cursed Key","Mark of Pain"],"picked":"Fusion Hammer"}],"items_purged_floors":[20,48],"is_endless":false,"potions_floor_spawned":[1,2,3,14,19,23,29,33,37,42,46,47],"killed_by":"Donu and Deca","ascension_level":1}