{"gold_per_floor":[11,28,41,56,56,56,74,74,74,74,149,149,166,193,193,268,268,286,301,301,147,147,147,158,158,158,88,114,114,127,147,147,226,226,244,259,274,288,304,304],"floor_reached":40,"playtime":1893,"items_purged":["Body Slam"],"score":743,"play_id":"f2a92c77-13b2-4852-9ed1-cf902d0bb3e3","local_time":"20190506110935","is_ascension_mode":true,"campfire_choices":[{"data":"Cleave","floor":6.0,"key":"SMITH"},{"data":"Perfected Strike","floor":8.0,"key":"SMITH"},{"data":"1","floor":10.0,"key":"LIFT"},{"data":"2","floor":15.0,"key":"LIFT"},{"data":"3","floor":23.0,"key":"LIFT"},{"data":"Shockwave","floor":25.0,"key":"SMITH"},{"data":"Uppercut","floor":29.0,"key":"SMITH"},{"floor":32.0,"key":"REST"}],"neow_cost":"NO_GOLD","seed_source_timestamp":37239412709836,"circlet_count":0,"master_deck":["AscendersBane","Strike_R+1","Strike_R+1","Strike_R+1","Strike_R+1","Defend_R+1","Defend_R+1","Defend_R+1","Bash","Cleave+1","Pommel Strike","Perfected Strike+1","Disarm","Shockwave+1","Perfected Strike","Limit Break","Headbutt+1","Bloodletting+1","Pummel","Flex+1","Metallicize+1","Uppercut+1","Pommel Strike","Dropkick","Offering","Disarm","Heavy Blade"],"special_seed":0,"relics":["Burning Blood","Girya","Frozen Egg 2","Sozu","Shovel","Busted Crown"],"potions_floor_usage":[],"damage_taken":[{"damage":12.0,"enemies":"Small Slimes","floor":1.0,"turns":5.0},{"damage":6.0,"enemies":"2 Louse","floor":2.0,"turns":2.0},{"damage":1.0,"enemies":"Cultist","floor":3.0,"turns":3.0},{"damage":13.0,"enemies":"Exordium Wildlife","floor":4.0,"turns":3.0},{"damage":15.0,"enemies":"Looter","floor":7.0,"turns":3.0},{"damage":4.0,"enemies":"Red Slaver","floor":13.0,"turns":3.0},{"damage":0.0,"enemies":"Lagavulin","floor":14.0,"turns":3.0},{"damage":37.0,"enemies":"Hexaghost","floor":16.0,"turns":8.0},{"damage":3.0,"enemies":"Chosen","floor":18.0,"turns":3.0},{"damage":11.0,"enemies":"Spheric Guardian","floor":19.0,"turns":3.0},{"damage":8.0,"enemies":"Snecko","floor":24.0,"turns":3.0},{"damage":31.0,"enemies":"Gremlin Leader","floor":28.0,"turns":2.0},{"damage":6.0,"enemies":"3 Cultists","floor":30.0,"turns":3.0},{"damage":8.0,"enemies":"Cultist and Chosen","floor":31.0,"turns":3.0},{"damage":27.0,"enemies":"Collector","floor":33.0,"turns":6.0},{"damage":26.0,"enemies":"3 Darklings","floor":35.0,"turns":3.0},{"damage":24.0,"enemies":"3 Shapes","floor":36.0,"turns":4.0},{"damage":0.0,"enemies":"Transient","floor":37.0,"turns":5.0},{"damage":18.0,"enemies":"3 Darklings","floor":38.0,"turns":5.0},{"damage":14.0,"enemies":"Spire Growth","floor":39.0,"turns":3.0},{"damage":33,"enemies":"Nemesis","floor":40,"turns":2}],"seed_played":"-9089162182924744285","potions_obtained":[{"floor":3.0,"key":"SteroidPotion"},{"floor":4.0,"key":"Dexterity Potion"},{"floor":13.0,"key":"SkillPotion"},{"floor":16.0,"key":"BloodPotion"}],"is_trial":false,"path_per_floor":["M","M","M","M","?","R","M","R","T","R","?","?","M","E","R","B",null,"M","M","?","$","?","R","M","R","T","$","E","R","M","M","R","B",null,"M","M","M","M","M","E"],"character_chosen":"IRONCLAD","items_purchased":["Pummel","Metallicize+1"],"campfire_rested":1,"item_purchase_floors":[21,27],"current_hp_per_floor":[62,62,67,60,65,65,56,56,56,56,45,45,47,53,53,22,66,69,64,64,64,64,64,62,62,62,62,37,37,37,35,59,38,70,50,32,38,26,18,0],"gold":304,"neow_bonus":"REMOVE_TWO","is_prod":false,"is_daily":false,"chose_seed":false,"campfire_upgraded":4,"win_rate":0,"timestamp":1557108575,"path_taken":["M","M","M","M","?","R","M","R","T","R","?","?","?","E","R","BOSS","M","M","?","$","?","R","M","R","T","?","E","R","?","M","R","BOSS","M","M","M","M","?","E"],"build_version":"2019-01-23","purchased_purges":1,"victory":false,"max_hp_per_floor":[75,75,75,75,80,80,80,80,80,80,80,80,80,80,80,80,80,80,80,80,80,80,80,80,80,80,80,80,80,80,80,80,80,80,80,80,80,80,80,80],"card_choices":[{"not_picked":["Havoc","Shrug It Off"],"picked":"Cleave","floor":1.0},{"not_picked":["Seeing Red","Heavy Blade"],"picked":"Pommel Strike","floor":2.0},{"not_picked":["Havoc","Armaments"],"picked":"Perfected Strike","floor":3.0},{"not_picked":["Infernal Blade","Burning Pact"],"picked":"Disarm","floor":4.0},{"not_picked":["Flex","Wild Strike"],"picked":"Shockwave","floor":7.0},{"not_picked":["Battle Trance","Iron Wave"],"picked":"Perfected Strike","floor":13.0},{"not_picked":["Dual Wield","Warcry"],"picked":"Body Slam","floor":14.0},{"not_picked":["Brutality+1","Dark Embrace+1"],"picked":"Limit Break","floor":16.0},{"not_picked":["Havoc","Wild Strike+1"],"picked":"Headbutt+1","floor":18.0},{"not_picked":["Hemokinesis","Warcry"],"picked":"Bloodletting+1","floor":19.0},{"not_picked":["Armaments+1","Body Slam+1"],"picked":"Flex+1","floor":24.0},{"not_picked":["Exhume","Brutality+1"],"picked":"Uppercut","floor":28.0},{"not_picked":["Rupture+1","Iron Wave"],"picked":"Pommel Strike","floor":30.0},{"not_picked":["Body Slam","Cleave"],"picked":"Dropkick","floor":31.0},{"not_picked":["Reaper","Impervious"],"picked":"Offering","floor":33.0},{"not_picked":[],"picked":"Disarm","floor":35.0},{"not_picked":["Body Slam+1"],"picked":"SKIP","floor":36.0},{"not_picked":["Feel No Pain+1"],"picked":"SKIP","floor":37.0},{"not_picked":[],"picked":"Heavy Blade","floor":38.0},{"not_picked":["Anger+1"],"picked":"SKIP","floor":39.0}],"player_experience":527420,"relics_obtained":[{"floor":9.0,"key":"Girya"},{"floor":14.0,"key":"Frozen Egg 2"},{"floor":28.0,"key":"Shovel"}],"event_choices":[{"damage_healed":0.0,"max_hp_gain":5.0,"max_hp_loss":0.0,"gold_gain":0.0,"event_name":"Big Fish","player_choice":"Donut","floor":5.0,"gold_loss":0.0,"damage_taken":0.0},{"damage_healed":0.0,"max_hp_gain":0.0,"max_hp_loss":0.0,"gold_gain":75.0,"event_name":"World of Goop","player_choice":"Gather Gold","floor":11.0,"gold_loss":0.0,"damage_taken":11.0},{"damage_healed":0.0,"max_hp_gain":0.0,"max_hp_loss":0.0,"gold_gain":0.0,"event_name":"The Woman in Blue","player_choice":"Bought 0 Potions","floor":12.0,"gold_loss":0.0,"damage_taken":0.0},{"damage_healed":0.0,"max_hp_gain":0.0,"max_hp_loss":0.0,"gold_gain":0.0,"event_name":"Back to Basics","player_choice":"Simplicity","floor":20.0,"gold_loss":0.0,"damage_taken":0.0,"cards_upgraded":["Strike_R","Strike_R","Strike_R","Strike_R","Defend_R","Defend_R","Defend_R"]},{"damage_healed":0.0,"max_hp_gain":0.0,"max_hp_loss":0.0,"gold_gain":0.0,"event_name":"Beggar","player_choice":"Ignored","floor":22.0,"gold_loss":0.0,"damage_taken":0.0}],"is_beta":false,"boss_relics":[{"not_picked":["Astrolabe","Runic Pyramid"],"picked":"Sozu"},{"not_picked":["Velvet Choker","Mark of Pain"],"picked":"Busted Crown"}],"items_purged_floors":[21],"is_endless":false,"potions_floor_spawned":[3,4,13,16,19,24,30,35,36,37],"killed_by":"Nemesis","ascension_level":14}