{"path_per_floor":["M","M","?","$","M","R","E","M","T","?","?","M","M"],"character_chosen":"THE_SILENT","items_purchased":["Backflip","Noxious Fumes"],"gold_per_floor":[114,131,131,28,41,41,70,86,113,113,113,130,142],"floor_reached":14,"campfire_rested":0,"playtime":1399,"current_hp_per_floor":[70,69,55,55,55,55,34,34,34,34,27,16,7],"items_purged":[],"gold":142,"play_id":"487aa47a-517b-4c9d-ab06-1ac43398ad62","is_prod":false,"is_daily":false,"is_ascension_mode":false,"campfire_upgraded":1,"path_taken":["M","M","?","$","M","R","E","M","T","?","?","?","M","?"],"build_version":"2018-01-25-PROD3","purchased_purges":0,"victory":false,"master_deck":["Defend_G","Defend_G+1","Defend_G+1","Strike_G","Strike_G","Strike_G","Strike_G","Strike_G","Survivor","Neutralize","Well Laid Plans","Footwork","Backflip","Noxious Fumes+1","Sucker Punch","Flechettes","Dagger Throw","Burst","After Image","Poisoned Stab"],"max_hp_per_floor":[70,70,70,70,70,70,70,70,70,70,70,70,70],"relics":["Ring of the Snake","Pen Nib","Vajra"],"card_choices":[{"not_picked":["Calculated Gamble","Outmaneuver"],"picked":"Well Laid Plans"},{"not_picked":["Leg Sweep","Quick Slash"],"picked":"Footwork"},{"not_picked":["All Out Attack","Backflip"],"picked":"Sucker Punch"},{"not_picked":["Eviscerate","Dodge and Roll"],"picked":"Flechettes"},{"not_picked":["Sucker Punch","Eviscerate"],"picked":"Dagger Throw"},{"not_picked":["Sucker Punch","Outmaneuver"],"picked":"After Image"},{"not_picked":["Acrobatics","Dagger Spray"],"picked":"Poisoned Stab"}],"player_experience":13118,"potions_floor_usage":[],"damage_taken":[{"damage":0,"enemies":"Cultist","floor":1,"turns":5},{"damage":1,"enemies":"Jaw Worm","floor":2,"turns":6},{"damage":0,"enemies":"Blue Slaver","floor":5,"turns":5},{"damage":21,"enemies":"Gremlin Nob","floor":7,"turns":6},{"damage":0,"enemies":"Large Slime","floor":8,"turns":7},{"damage":11,"enemies":"Gremlin Gang","floor":12,"turns":6},{"damage":9,"enemies":"2 Fungi Beasts","floor":13,"turns":5},{"damage":10,"enemies":"Lagavulin Event","floor":14,"turns":2}],"event_choices":[{"event_name":"Shining Light","player_choice":"Entered Light","floor":3,"damage_taken":0},{"event_name":"Living Wall","player_choice":"Change","floor":10,"damage_taken":0},{"event_name":"Golden Wing","player_choice":"Card Removal","floor":11,"damage_taken":0},{"event_name":"Dead Adventurer","player_choice":"Searched \u00271\u0027 times","floor":14,"damage_taken":0}],"boss_relics":[],"potions_floor_spawned":[1,2,8,13],"seed_played":"4058573379848999937","killed_by":"Lagavulin Event","ascension_level":0,"is_trial":false}