{"gold_per_floor":[119,134,134,145,145,179,179,70,93,93,110,120,52,77,77,154,154,174,185,197,197,20,20,48,48,48,63,63,97,97,97,97,97],"floor_reached":33,"playtime":1543,"items_purged":["Strike_G","Pain"],"score":513,"play_id":"b538f56c-c0ea-4083-b391-c97ab02efdb6","local_time":"20190503131123","is_ascension_mode":true,"campfire_choices":[{"floor":10,"key":"REST"},{"floor":15,"key":"REST"},{"floor":23,"key":"REST"},{"floor":25,"key":"REST"},{"floor":28,"key":"REST"},{"floor":30,"key":"REST"},{"floor":32,"key":"REST"}],"neow_cost":"NONE","seed_source_timestamp":1733986207871127,"circlet_count":0,"master_deck":["AscendersBane","Defend_G","Defend_G","Defend_G+1","Defend_G","Defend_G","Strike_G","Strike_G","Strike_G+1","Survivor","Neutralize","Deadly Poison","Endless Agony","Dagger Spray","All Out Attack","Noxious Fumes","Footwork","Footwork","Corpse Explosion","Corpse Explosion","Backflip","Escape Plan+1"],"relics":["Ring of the Serpent","Centennial Puzzle","Orichalcum","Vajra","WarpedTongs","Bottled Flame","Matryoshka","Strawberry"],"potions_floor_usage":[6,14,14,18,24,24,29,29],"damage_taken":[{"damage":0,"enemies":"2 Louse","floor":1,"turns":2},{"damage":1,"enemies":"Jaw Worm","floor":2,"turns":4},{"damage":0,"enemies":"Cultist","floor":4,"turns":3},{"damage":27,"enemies":"3 Sentries","floor":6,"turns":6},{"damage":4,"enemies":"Lots of Slimes","floor":11,"turns":2},{"damage":5,"enemies":"Gremlin Gang","floor":12,"turns":2},{"damage":2,"enemies":"Gremlin Nob","floor":14,"turns":3},{"damage":26,"enemies":"Hexaghost","floor":16,"turns":9},{"damage":21,"enemies":"2 Thieves","floor":18,"turns":3},{"damage":3,"enemies":"Shell Parasite","floor":19,"turns":8},{"damage":5,"enemies":"Cultist and Chosen","floor":20,"turns":5},{"damage":30,"enemies":"Book of Stabbing","floor":24,"turns":7},{"damage":7,"enemies":"Snecko","floor":27,"turns":6},{"damage":48,"enemies":"Gremlin Leader","floor":29,"turns":6},{"damage":59,"enemies":"Collector","floor":33,"turns":6}],"seed_played":"2742808235572216867","potions_obtained":[{"floor":1,"key":"SkillPotion"},{"floor":2,"key":"Strength Potion"},{"floor":4,"key":"Poison Potion"},{"floor":11,"key":"SteroidPotion"},{"floor":16,"key":"Energy Potion"},{"floor":20,"key":"LiquidBronze"},{"floor":24,"key":"SkillPotion"},{"floor":27,"key":"Block Potion"}],"is_trial":false,"path_per_floor":["M","M","?","M","?","E","?","$","T","R","M","M","$","E","R","B",null,"M","M","M","?","$","R","E","R","T","M","R","E","R","$","R","B"],"character_chosen":"THE_SILENT","items_purchased":["Footwork","Footwork","GhostInAJar"],"campfire_rested":7,"item_purchase_floors":[8,13,22],"current_hp_per_floor":[59,58,51,51,56,29,8,8,8,29,25,20,20,18,39,13,57,36,33,28,28,28,49,19,40,40,33,54,13,36,36,59,0],"gold":97,"neow_bonus":"THREE_CARDS","is_prod":false,"is_daily":false,"chose_seed":false,"campfire_upgraded":0,"win_rate":0,"timestamp":1556914283,"path_taken":["M","M","?","M","?","E","?","$","T","R","?","?","?","E","R","BOSS","M","M","?","?","?","R","E","R","T","M","R","E","R","?","R","BOSS"],"build_version":"2019-01-23","purchased_purges":2,"victory":false,"max_hp_per_floor":[66,66,66,66,71,71,71,71,71,71,71,71,71,71,71,71,71,71,71,71,71,71,71,71,71,71,71,71,78,78,78,78,78],"card_choices":[{"not_picked":["Finisher","Riddle With Holes"],"picked":"Deadly Poison","floor":0},{"not_picked":["Choke","Well Laid Plans"],"picked":"Endless Agony","floor":1},{"not_picked":["Prepared","Underhanded Strike"],"picked":"Dagger Spray","floor":2},{"not_picked":["Bane","Dagger Spray"],"picked":"All Out Attack","floor":4},{"not_picked":["Dash","Grand Finale"],"picked":"Noxious Fumes","floor":6},{"not_picked":["Slice","Cloak And Dagger","Outmaneuver"],"picked":"SKIP","floor":11},{"not_picked":["Deflect","Accuracy","Bane"],"picked":"SKIP","floor":12},{"not_picked":["Phantasmal Killer","Prepared"],"picked":"Corpse Explosion","floor":14},{"not_picked":["Venomology","Grand Finale"],"picked":"Corpse Explosion","floor":16},{"not_picked":["Masterful Stab","Blade Dance"],"picked":"Backflip","floor":18},{"not_picked":["Underhanded Strike","Riddle With Holes","Prepared"],"picked":"SKIP","floor":19},{"not_picked":["Dagger Spray","Prepared"],"picked":"Escape Plan+1","floor":20},{"not_picked":["Tactician","Doppelganger","Accuracy"],"picked":"SKIP","floor":24},{"not_picked":["Cloak And Dagger","Heel Hook+1","Skewer"],"picked":"SKIP","floor":27},{"not_picked":["Caltrops","Acrobatics","Expertise"],"picked":"SKIP","floor":29}],"player_experience":387228,"relics_obtained":[{"floor":6,"key":"Centennial Puzzle"},{"floor":9,"key":"Orichalcum"},{"floor":14,"key":"Vajra"},{"floor":24,"key":"Bottled Flame"},{"floor":26,"key":"Matryoshka"},{"floor":29,"key":"Strawberry"}],"event_choices":[{"cards_removed":["Strike_G"],"damage_healed":0,"gold_gain":0,"player_choice":"Card Removal","damage_taken":7,"max_hp_gain":0,"max_hp_loss":0,"event_name":"Golden Wing","floor":3,"gold_loss":0},{"damage_healed":0,"gold_gain":0,"player_choice":"Donut","damage_taken":0,"max_hp_gain":5,"max_hp_loss":0,"event_name":"Big Fish","floor":5,"gold_loss":0},{"damage_healed":0,"gold_gain":0,"player_choice":"Entered Light","damage_taken":21,"max_hp_gain":0,"max_hp_loss":0,"event_name":"Shining Light","floor":7,"gold_loss":0,"cards_upgraded":["Defend_G","Strike_G"]},{"damage_healed":0,"gold_gain":0,"player_choice":"Rummage","damage_taken":0,"relics_obtained":["WarpedTongs"],"max_hp_gain":0,"max_hp_loss":0,"event_name":"Accursed Blacksmith","floor":21,"gold_loss":0,"cards_obtained":["Pain"]}],"is_beta":false,"boss_relics":[{"not_picked":["Orrery","White Beast Statue"],"picked":"Ring of the Serpent"}],"items_purged_floors":[8,22],"is_endless":false,"potions_floor_spawned":[1,2,4,11,16,20,24,27],"killed_by":"Collector","ascension_level":15}