{"gold_per_floor":[219,29,29,48,63,63,93,93,120,146,146,163,198,213,213,316,316,332,186,186,220,220,250,250,282,328,340,190,216,216,235,235,331,331,344,344,359,428,428,460,460,460,460,485,485,511,27,47,47,47],"floor_reached":51,"playtime":2134,"items_purged":["Strike_R","Strike_R+1","Strike_R+1"],"score":1148,"play_id":"a64364c4-499b-413a-b3b2-949c1fb61041","local_time":"20190413005325","is_ascension_mode":true,"campfire_choices":[{"data":"Inflame","floor":6,"key":"SMITH"},{"data":"Heavy Blade","floor":8,"key":"SMITH"},{"data":"Offering","floor":15,"key":"SMITH"},{"floor":24,"key":"REST"},{"data":"Berserk","floor":30,"key":"SMITH"},{"data":"Pummel","floor":32,"key":"SMITH"},{"data":"Inflame","floor":41,"key":"SMITH"},{"data":"Bash","floor":45,"key":"SMITH"},{"data":"Shrug It Off","floor":49,"key":"SMITH"}],"neow_cost":"NONE","seed_source_timestamp":39202408181804,"circlet_count":0,"master_deck":["Strike_R+1","Strike_R+1","Defend_R+1","Defend_R+1","Defend_R+1","Bash+1","Inflame+1","Pommel Strike","Shrug It Off+1","Twin Strike","Heavy Blade+1","Shrug It Off+1","Inflame+1","Offering+1","Berserk+1","Pummel+1","Flex+1","Flex+1","Double Tap+1","Twin Strike+1","Shrug It Off+1","Shrug It Off+1"],"relics":["Black Blood","Pen Nib","Potion Belt","Ancient Tea Set","Meat on the Bone","Strawberry","Gremlin Horn","Black Star","Red Mask","Bottled Tornado","War Paint","Toxic Egg 2","Bronze Scales","Bag of Preparation","Frozen Egg 2","Paper Frog","Kunai","Lantern","Dream Catcher","Molten Egg 2","Oddly Smooth Stone","Shuriken","PreservedInsect","Orichalcum","Omamori","Happy Flower","Toy Ornithopter"],"potions_floor_usage":[7,10,16,16,16,21,21,23,27,29,29,50],"damage_taken":[{"damage":4,"enemies":"Small Slimes","floor":1,"turns":4},{"damage":6,"enemies":"Cultist","floor":4,"turns":4},{"damage":0,"enemies":"2 Louse","floor":5,"turns":3},{"damage":32,"enemies":"Gremlin Nob","floor":7,"turns":4},{"damage":22,"enemies":"Lagavulin","floor":10,"turns":5},{"damage":8,"enemies":"Blue Slaver","floor":12,"turns":3},{"damage":16,"enemies":"Gremlin Nob","floor":13,"turns":3},{"damage":9,"enemies":"Looter","floor":14,"turns":3},{"damage":25,"enemies":"The Guardian","floor":16,"turns":7},{"damage":37,"enemies":"2 Thieves","floor":18,"turns":3},{"damage":21,"enemies":"Masked Bandits","floor":21,"turns":3},{"damage":55,"enemies":"Slavers","floor":23,"turns":5},{"damage":11,"enemies":"Gremlin Leader","floor":25,"turns":2},{"damage":13,"enemies":"Shell Parasite","floor":27,"turns":4},{"damage":37,"enemies":"Slavers","floor":29,"turns":3},{"damage":0,"enemies":"Snake Plant","floor":31,"turns":1},{"damage":34,"enemies":"Champ","floor":33,"turns":5},{"damage":10,"enemies":"3 Shapes","floor":35,"turns":2},{"damage":6,"enemies":"Orb Walker","floor":37,"turns":2},{"damage":7,"enemies":"Giant Head","floor":40,"turns":4},{"damage":6,"enemies":"Reptomancer","floor":44,"turns":2},{"damage":6,"enemies":"Giant Head","floor":46,"turns":3},{"damage":6,"enemies":"Spire Growth","floor":48,"turns":2},{"damage":68,"enemies":"Time Eater","floor":50,"turns":8}],"seed_played":"-8606664118383797284","potions_obtained":[{"floor":5,"key":"Swift Potion"},{"floor":7,"key":"Energy Potion"},{"floor":13,"key":"EntropicBrew"},{"floor":14,"key":"FairyPotion"},{"floor":16,"key":"Strength Potion"},{"floor":18,"key":"BloodPotion"},{"floor":21,"key":"SpeedPotion"},{"floor":27,"key":"Regen Potion"},{"floor":37,"key":"Regen Potion"},{"floor":40,"key":"Block Potion"},{"floor":46,"key":"SkillPotion"}],"is_trial":false,"path_per_floor":["M","$","?","M","M","R","E","R","T","E","?","M","E","M","R","B",null,"M","$","?","?","?","E","R","E","T","M","$","E","R","M","R","B",null,"M","?","M","T","?","E","R","T","T","E","R","E","$","M","R","B",null],"character_chosen":"IRONCLAD","items_purchased":["Pen Nib","Pommel Strike","Pummel","Flex+1","Happy Flower","Toy Ornithopter"],"campfire_rested":1,"item_purchase_floors":[2,2,19,28,47,47],"current_hp_per_floor":[80,80,72,72,78,78,52,52,52,36,40,50,52,61,61,54,87,56,56,85,70,70,33,59,54,54,55,55,53,53,59,59,43,87,87,87,87,87,83,83,83,83,83,83,83,83,83,83,83,42],"gold":47,"neow_bonus":"HUNDRED_GOLD","is_prod":false,"is_daily":false,"chose_seed":false,"campfire_upgraded":8,"win_rate":0,"timestamp":1555109605,"path_taken":["M","$","?","M","?","R","E","R","T","E","?","M","E","M","R","BOSS","M","$","?","?","?","E","R","E","T","M","$","E","R","M","R","BOSS","M","?","?","?","?","E","R","?","T","E","R","E","$","M","R","BOSS"],"build_version":"2019-01-23","purchased_purges":3,"victory":true,"max_hp_per_floor":[80,80,80,80,80,80,80,80,80,80,87,87,87,87,87,87,87,87,87,87,87,87,87,87,87,87,87,87,87,87,87,87,87,87,87,87,87,87,83,83,83,83,83,83,83,83,83,83,83,83],"card_choices":[{"not_picked":["Havoc","Flex"],"picked":"Inflame","floor":1},{"not_picked":["Twin Strike","Hemokinesis"],"picked":"Shrug It Off","floor":4},{"not_picked":["Havoc","Iron Wave"],"picked":"Twin Strike","floor":5},{"not_picked":["Shrug It Off","Wild Strike"],"picked":"Heavy Blade","floor":7},{"not_picked":["Warcry","Wild Strike"],"picked":"Shrug It Off","floor":10},{"not_picked":["Clothesline","True Grit"],"picked":"Inflame","floor":12},{"not_picked":["Shrug It Off","Spot Weakness"],"picked":"Offering","floor":13},{"not_picked":["Heavy Blade","Thunderclap","Cleave"],"picked":"SKIP","floor":14},{"not_picked":["Fiend Fire","Brutality"],"picked":"Berserk","floor":16},{"not_picked":["Headbutt","Perfected Strike","Armaments"],"picked":"SKIP","floor":18},{"not_picked":["Burning Pact","Clash"],"picked":"Flex","floor":21},{"not_picked":["Sentinel","Fire Breathing","Armaments"],"picked":"SKIP","floor":23},{"not_picked":["Heavy Blade","Perfected Strike","Anger"],"picked":"SKIP","floor":25},{"not_picked":["Clash+1","Thunderclap","Rupture"],"picked":"SKIP","floor":27},{"not_picked":["Uppercut","Warcry+1"],"picked":"Double Tap+1","floor":29},{"not_picked":["Intimidate+1","Cleave"],"picked":"Twin Strike+1","floor":31},{"not_picked":["Pommel Strike","Carnage+1"],"picked":"Shrug It Off+1","floor":35},{"not_picked":["Pommel Strike","Uppercut+1","Warcry+1"],"picked":"SKIP","floor":37},{"not_picked":["Clash+1","Havoc+1","Burning Pact+1"],"picked":"SKIP","floor":40},{"not_picked":["Perfected Strike+1","Sword Boomerang+1","Uppercut+1"],"picked":"SKIP","floor":44},{"not_picked":["Sentinel+1","Carnage+1","Barricade+1"],"picked":"SKIP","floor":46},{"not_picked":["Bloodletting+1","Warcry+1"],"picked":"Shrug It Off+1","floor":48}],"player_experience":358324,"relics_obtained":[{"floor":7,"key":"Potion Belt"},{"floor":9,"key":"Ancient Tea Set"},{"floor":10,"key":"Meat on the Bone"},{"floor":13,"key":"Gremlin Horn"},{"floor":21,"key":"Red Mask"},{"floor":23,"key":"Bottled Tornado"},{"floor":23,"key":"War Paint"},{"floor":25,"key":"Toxic Egg 2"},{"floor":25,"key":"Bronze Scales"},{"floor":26,"key":"Bag of Preparation"},{"floor":29,"key":"Frozen Egg 2"},{"floor":29,"key":"Paper Frog"},{"floor":38,"key":"Kunai"},{"floor":40,"key":"Lantern"},{"floor":40,"key":"Dream Catcher"},{"floor":42,"key":"Molten Egg 2"},{"floor":43,"key":"Oddly Smooth Stone"},{"floor":44,"key":"Shuriken"},{"floor":44,"key":"PreservedInsect"},{"floor":46,"key":"Orichalcum"},{"floor":46,"key":"Omamori"}],"event_choices":[{"damage_healed":0,"gold_gain":0,"player_choice":"Damaged","damage_taken":8,"max_hp_gain":0,"max_hp_loss":0,"event_name":"Wheel of Change","floor":3,"gold_loss":0},{"damage_healed":0,"gold_gain":0,"player_choice":"Success","damage_taken":3,"relics_obtained":["Strawberry"],"max_hp_gain":0,"max_hp_loss":0,"event_name":"Scrap Ooze","floor":11,"gold_loss":0},{"damage_healed":29,"gold_gain":0,"player_choice":"Heal","damage_taken":0,"max_hp_gain":0,"max_hp_loss":0,"event_name":"The Library","floor":20,"gold_loss":0},{"damage_healed":0,"gold_gain":0,"player_choice":"Fought Bandits","damage_taken":0,"max_hp_gain":0,"max_hp_loss":0,"event_name":"Masked Bandits","floor":21,"gold_loss":0},{"damage_healed":0,"gold_gain":0,"player_choice":"Simplicity","damage_taken":0,"max_hp_gain":0,"max_hp_loss":0,"event_name":"Back to Basics","floor":22,"gold_loss":0,"cards_upgraded":["Strike_R","Strike_R","Strike_R","Strike_R","Defend_R","Defend_R","Defend_R","Defend_R"]},{"cards_removed":["Defend_R"],"damage_healed":0,"gold_gain":0,"player_choice":"Offered Basic","damage_taken":0,"max_hp_gain":0,"max_hp_loss":0,"event_name":"Bonfire Elementals","floor":36,"gold_loss":0},{"damage_healed":0,"gold_gain":0,"player_choice":"Max HP","damage_taken":0,"max_hp_gain":0,"max_hp_loss":4,"event_name":"Winding Halls","floor":39,"gold_loss":0}],"is_beta":false,"boss_relics":[{"not_picked":["Runic Pyramid","Astrolabe"],"picked":"Black Star"},{"not_picked":["Calling Bell","Cursed Key"],"picked":"Black Blood"}],"items_purged_floors":[19,28,47],"is_endless":false,"potions_floor_spawned":[5,7,13,14,16,18,21,27,37,40,46],"ascension_level":4}