{"gold_per_floor":[12,22,36,49,60,94,94,124,173,217,329,352,364,390,402,510,522,550,562,574,600,499,530,530,530],"floor_reached":25,"playtime":971,"items_purged":[],"score":353,"play_id":"eb5e1140-cfae-4b6c-80db-d23b1b908350","local_time":"20190402134122","is_ascension_mode":true,"campfire_choices":[{"data":"Perfected Strike","floor":7,"key":"SMITH"},{"data":"Flame Barrier","floor":13,"key":"SMITH"},{"data":"Bash","floor":15,"key":"SMITH"},{"data":"Limit Break","floor":24,"key":"SMITH"}],"neow_cost":"NO_GOLD","seed_source_timestamp":240594650893707,"circlet_count":0,"master_deck":["Strike_R","Strike_R","Strike_R","Strike_R","Strike_R","Defend_R","Defend_R","Defend_R","Defend_R","Bash+1","Inflame","Perfected Strike+1","Headbutt","Carnage","Flame Barrier+1","Anger","Twin Strike","Limit Break+1","Headbutt+1","Inflame","Feed"],"relics":["Burning Blood","Oddly Smooth Stone","Blue Candle","MawBank","The Courier","Mark of Pain","Nilry\u0027s Codex","Blood Vial"],"potions_floor_usage":[8,12],"damage_taken":[{"damage":8,"enemies":"Jaw Worm","floor":1,"turns":4},{"damage":1,"enemies":"Cultist","floor":2,"turns":4},{"damage":0,"enemies":"2 Louse","floor":3,"turns":2},{"damage":9,"enemies":"2 Fungi Beasts","floor":4,"turns":4},{"damage":18,"enemies":"Red Slaver","floor":5,"turns":3},{"damage":35,"enemies":"Lagavulin","floor":6,"turns":7},{"damage":30,"enemies":"3 Sentries","floor":8,"turns":6},{"damage":16,"enemies":"Gremlin Nob","floor":10,"turns":3},{"damage":8,"enemies":"3 Louse","floor":12,"turns":5},{"damage":8,"enemies":"Blue Slaver","floor":14,"turns":3},{"damage":8,"enemies":"Slime Boss","floor":16,"turns":7},{"damage":5,"enemies":"Spheric Guardian","floor":18,"turns":3},{"damage":27,"enemies":"2 Thieves","floor":21,"turns":4},{"damage":52,"enemies":"Slavers","floor":23,"turns":5},{"damage":35,"enemies":"Book of Stabbing","floor":25,"turns":3}],"seed_played":"6177249385646937775","potions_obtained":[{"floor":1,"key":"SpeedPotion"},{"floor":4,"key":"SpeedPotion"},{"floor":5,"key":"Regen Potion"},{"floor":10,"key":"Swift Potion"},{"floor":21,"key":"Fire Potion"}],"is_trial":false,"path_per_floor":["M","M","M","M","M","E","R","E","T","E","?","M","R","M","R","B",null,"M","?","?","M","$","E","R","E"],"character_chosen":"IRONCLAD","items_purchased":["Inflame","Feed"],"campfire_rested":0,"item_purchase_floors":[22,22],"current_hp_per_floor":[86,91,96,93,81,52,52,43,43,33,33,31,31,29,29,27,79,80,64,96,75,75,32,32,0],"gold":530,"neow_bonus":"TWENTY_PERCENT_HP_BONUS","is_prod":false,"is_daily":false,"chose_seed":false,"campfire_upgraded":4,"win_rate":0,"timestamp":1554237682,"path_taken":["M","M","M","M","M","E","R","E","T","E","?","M","R","?","R","BOSS","M","?","?","?","$","E","R","E"],"build_version":"2019-01-23","purchased_purges":0,"victory":false,"max_hp_per_floor":[96,96,96,96,96,96,96,96,96,96,96,96,96,96,96,96,96,96,96,96,96,96,99,99,99],"card_choices":[{"not_picked":["Burning Pact","True Grit"],"picked":"Inflame","floor":1},{"not_picked":["Havoc","Bloodletting"],"picked":"Perfected Strike","floor":2},{"not_picked":["Sword Boomerang","True Grit"],"picked":"Headbutt","floor":3},{"not_picked":["Hemokinesis","Clothesline","Havoc"],"picked":"SKIP","floor":4},{"not_picked":["Whirlwind","Power Through"],"picked":"Carnage","floor":5},{"not_picked":["Seeing Red","Brutality"],"picked":"Flame Barrier","floor":6},{"not_picked":["Iron Wave","Twin Strike"],"picked":"Anger","floor":8},{"not_picked":["Hemokinesis","Ghostly Armor"],"picked":"Twin Strike","floor":10},{"not_picked":["Warcry","Rampage","Reckless Charge"],"picked":"SKIP","floor":12},{"not_picked":["Flex","Anger","Sentinel"],"picked":"SKIP","floor":14},{"not_picked":["Dark Embrace","Juggernaut"],"picked":"Limit Break","floor":16},{"not_picked":["Sword Boomerang+1","Flex"],"picked":"Feel No Pain+1","floor":18},{"not_picked":["Pummel","True Grit"],"picked":"Headbutt+1","floor":21},{"not_picked":["Brutality","Ghostly Armor","Warcry"],"picked":"SKIP","floor":23}],"player_experience":129349,"relics_obtained":[{"floor":6,"key":"Oddly Smooth Stone"},{"floor":8,"key":"Blue Candle"},{"floor":9,"key":"MawBank"},{"floor":10,"key":"The Courier"},{"floor":19,"key":"Nilry\u0027s Codex"},{"floor":23,"key":"Blood Vial"}],"event_choices":[{"damage_healed":0,"gold_gain":100,"player_choice":"Pray","damage_taken":0,"max_hp_gain":0,"max_hp_loss":0,"event_name":"Golden Shrine","floor":11,"gold_loss":0},{"damage_healed":0,"gold_gain":0,"player_choice":"Obtained Book","damage_taken":16,"max_hp_gain":0,"max_hp_loss":0,"event_name":"Cursed Tome","floor":19,"gold_loss":0},{"cards_removed":["Feel No Pain"],"damage_healed":32,"gold_gain":0,"player_choice":"Offered Uncommon","damage_taken":0,"max_hp_gain":0,"max_hp_loss":0,"event_name":"Bonfire Elementals","floor":20,"gold_loss":0}],"is_beta":false,"boss_relics":[{"not_picked":["Snecko Eye","Empty Cage"],"picked":"Mark of Pain"}],"items_purged_floors":[],"is_endless":false,"potions_floor_spawned":[1,4,5,10,21],"killed_by":"Book of Stabbing","ascension_level":7}