{"gold_per_floor":[111,111,286,286,286,286,329,329,354,354,372,372],"floor_reached":12,"playtime":858,"items_purged":[],"score":130,"play_id":"787706a5-b3e0-4c20-b3b2-29f2e23a9fbd","local_time":"20190405232628","daily_mods":["Heirloom","DeadlyEvents"],"is_ascension_mode":true,"campfire_choices":[{"data":"Bash","floor":6,"key":"SMITH"},{"data":"1","floor":8,"key":"LIFT"},{"data":"2","floor":10,"key":"LIFT"}],"neow_cost":"","seed_source_timestamp":1234615523426400,"circlet_count":0,"master_deck":["Strike_R","Strike_R","Strike_R","Strike_R","Strike_R","Defend_R","Defend_R","Defend_R","Defend_R","Bash+1","Regret","Doubt","Iron Wave","Iron Wave"],"relics":["Burning Blood","Prayer Wheel","Boot","Golden Idol","Paper Frog","Girya","Oddly Smooth Stone"],"potions_floor_usage":[12],"damage_taken":[{"damage":5,"enemies":"2 Louse","floor":1,"turns":3},{"damage":41,"enemies":"Gremlin Nob","floor":7,"turns":5},{"damage":2,"enemies":"Small Slimes","floor":11,"turns":3},{"damage":22,"enemies":"Lagavulin","floor":12,"turns":5}],"seed_played":"-705356948714755183","potions_obtained":[{"floor":11,"key":"SteroidPotion"}],"is_trial":true,"path_per_floor":["M","?","?","?","T","R","E","R","T","R","M","E"],"character_chosen":"IRONCLAD","items_purchased":[],"campfire_rested":0,"item_purchase_floors":[],"current_hp_per_floor":[80,80,80,60,60,60,25,25,25,25,29,7],"gold":372,"neow_bonus":"","is_prod":false,"is_daily":false,"chose_seed":false,"campfire_upgraded":1,"win_rate":0.0,"timestamp":1554499588,"path_taken":["M","?","?","?","?","R","E","R","T","R","M","?"],"build_version":"2019-01-23","purchased_purges":0,"victory":false,"max_hp_per_floor":[80,80,80,80,80,80,80,80,80,80,80,80],"card_choices":[{"not_picked":["Anger","Clash","Havoc"],"picked":"SKIP","floor":1},{"not_picked":["Uppercut","Headbutt","Carnage"],"picked":"SKIP","floor":1},{"not_picked":["Infernal Blade","Anger"],"picked":"Iron Wave","floor":7},{"not_picked":["Whirlwind","Clothesline"],"picked":"Iron Wave","floor":11},{"not_picked":["Fire Breathing","Flex","Feel No Pain"],"picked":"SKIP","floor":11}],"player_experience":113984,"relics_obtained":[{"floor":5,"key":"Paper Frog"},{"floor":7,"key":"Girya"},{"floor":9,"key":"Oddly Smooth Stone"}],"event_choices":[{"damage_healed":0,"gold_gain":0,"player_choice":"Box","damage_taken":0,"relics_obtained":["Boot"],"max_hp_gain":0,"max_hp_loss":0,"event_name":"Big Fish","floor":2,"gold_loss":0,"cards_obtained":["Regret"]},{"damage_healed":0,"gold_gain":175,"player_choice":"AGREE","damage_taken":0,"max_hp_gain":0,"max_hp_loss":0,"event_name":"Liars Game","floor":3,"gold_loss":0,"cards_obtained":["Doubt"]},{"damage_healed":0,"gold_gain":0,"player_choice":"Take Damage","damage_taken":20,"relics_obtained":["Golden Idol"],"max_hp_gain":0,"max_hp_loss":0,"event_name":"Golden Idol","floor":4,"gold_loss":0}],"is_beta":false,"boss_relics":[],"items_purged_floors":[],"is_endless":true,"potions_floor_spawned":[11],"killed_by":"Lagavulin","ascension_level":1}