{"gold_per_floor":[116,127,137,14,34,59,78,78,78,78],"floor_reached":10,"playtime":514,"items_purged":["Normality"],"score":123,"play_id":"0a32f9f1-bb1c-4a84-81eb-d638a33c0bf1","local_time":"20190328155328","is_ascension_mode":true,"campfire_choices":[],"neow_cost":"CURSE","seed_source_timestamp":1460083738466903,"circlet_count":0,"master_deck":["AscendersBane","Strike_B","Strike_B","Strike_B","Strike_B","Defend_B","Defend_B","Defend_B","Defend_B","Zap","Dualcast","Tempest","Coolheaded","Double Energy+1","Gash","Doom and Gloom","Streamline","Steam"],"relics":["Cracked Core","Mango","Juzu Bracelet","Orichalcum"],"potions_floor_usage":[7,10],"damage_taken":[{"damage":9,"enemies":"Jaw Worm","floor":1,"turns":3},{"damage":1,"enemies":"Cultist","floor":2,"turns":4},{"damage":6,"enemies":"2 Louse","floor":3,"turns":2},{"damage":7,"enemies":"2 Fungi Beasts","floor":5,"turns":3},{"damage":21,"enemies":"3 Sentries","floor":6,"turns":5},{"damage":31,"enemies":"Exordium Thugs","floor":7,"turns":4},{"damage":4,"enemies":"Lots of Slimes","floor":10,"turns":1}],"seed_played":"3748526215894543764","potions_obtained":[{"floor":1,"key":"SkillPotion"},{"floor":2,"key":"SteroidPotion"},{"floor":7,"key":"Poison Potion"}],"is_trial":false,"path_per_floor":["M","M","M","$","M","E","M","?","T","M"],"character_chosen":"DEFECT","items_purchased":["Gash"],"campfire_rested":0,"item_purchase_floors":[4],"current_hp_per_floor":[69,68,62,62,55,34,3,3,3,0],"gold":78,"neow_bonus":"ONE_RARE_RELIC","is_prod":false,"is_daily":false,"chose_seed":false,"campfire_upgraded":0,"win_rate":0,"timestamp":1553788408,"path_taken":["M","M","M","$","M","E","M","?","T","M"],"build_version":"2019-01-23","purchased_purges":1,"victory":false,"max_hp_per_floor":[85,85,85,85,85,85,85,85,85,85],"card_choices":[{"not_picked":["Barrage","Scrape"],"picked":"Tempest","floor":1},{"not_picked":["Barrage","Sweeping Beam"],"picked":"Coolheaded","floor":2},{"not_picked":["Conserve Battery","Turbo"],"picked":"Double Energy","floor":3},{"not_picked":["Hologram","Rip and Tear"],"picked":"Doom and Gloom","floor":5},{"not_picked":["Heatsinks","Rebound"],"picked":"Streamline","floor":6},{"not_picked":["Doom and Gloom","Skim"],"picked":"Steam","floor":7}],"player_experience":1657648,"relics_obtained":[{"floor":6,"key":"Juzu Bracelet"},{"floor":9,"key":"Orichalcum"}],"event_choices":[{"damage_healed":0,"gold_gain":0,"player_choice":"Forge","damage_taken":0,"max_hp_gain":0,"max_hp_loss":0,"event_name":"Accursed Blacksmith","floor":8,"gold_loss":0,"cards_upgraded":["Double Energy"]}],"is_beta":false,"boss_relics":[],"items_purged_floors":[4],"is_endless":false,"potions_floor_spawned":[1,2,5,7],"killed_by":"Lots of Slimes","ascension_level":15}