{"gold_per_floor":[112,123,1,1,1,1,1,18,18,47,47,74,74,102,102,206,206,221,146,146,246,97,97,13,32,32,32,45,75,87,32,32,32],"floor_reached":33,"playtime":1242,"items_purged":["Strike_G","Strike_G+1"],"score":365,"play_id":"25e66a1e-e63b-49da-b439-7bc0b62b3641","local_time":"20190411133739","is_ascension_mode":true,"campfire_choices":[{"data":"Survivor","floor":6,"key":"SMITH"},{"data":"A Thousand Cuts","floor":11,"key":"SMITH"},{"data":"Poisoned Stab","floor":13,"key":"SMITH"},{"data":"Dodge and Roll","floor":15,"key":"SMITH"},{"data":"Die Die Die","floor":23,"key":"SMITH"},{"floor":27,"key":"REST"},{"floor":30,"key":"REST"},{"data":"Noxious Fumes","floor":32,"key":"SMITH"}],"neow_cost":"NONE","seed_source_timestamp":13811540256577,"circlet_count":0,"master_deck":["Defend_G+1","Defend_G+1","Defend_G+1","Defend_G+1","Strike_G+1","Strike_G+1","Strike_G+1","Survivor+1","Neutralize+1","Well Laid Plans","Poisoned Stab+1","Dagger Spray+1","A Thousand Cuts+1","Blur","Dodge and Roll+1","Die Die Die+1","Flying Knee","Caltrops","Cloak And Dagger","Noxious Fumes+1","Backflip","Crippling Poison+1","Footwork+1","Deadly Poison","Footwork"],"relics":["Ring of the Snake","Whetstone","Bottled Flame","Happy Flower","Bronze Scales","Smiling Mask","Snecko Eye","Mercury Hourglass","MawBank"],"potions_floor_usage":[16,29,29],"damage_taken":[{"damage":0,"enemies":"Jaw Worm","floor":1,"turns":4},{"damage":0,"enemies":"Small Slimes","floor":2,"turns":3},{"damage":0,"enemies":"Cultist","floor":8,"turns":3},{"damage":10,"enemies":"3 Sentries","floor":10,"turns":7},{"damage":0,"enemies":"Lagavulin","floor":14,"turns":7},{"damage":19,"enemies":"Hexaghost","floor":16,"turns":10},{"damage":0,"enemies":"3 Byrds","floor":18,"turns":2},{"damage":17,"enemies":"Shell Parasite","floor":25,"turns":7},{"damage":18,"enemies":"Snake Plant","floor":28,"turns":3},{"damage":18,"enemies":"Book of Stabbing","floor":29,"turns":4},{"damage":52,"enemies":"Collector","floor":33,"turns":5}],"seed_played":"1850559192522247118","potions_obtained":[{"floor":10,"key":"Energy Potion"},{"floor":14,"key":"EssenceOfSteel"},{"floor":16,"key":"EssenceOfSteel"},{"floor":25,"key":"FearPotion"}],"is_trial":false,"path_per_floor":["M","M","$","?","?","R","$","M","T","E","R","T","R","E","R","B",null,"M","?","?","?","$","R","$","M","T","R","M","E","R","$","R","B"],"character_chosen":"THE_SILENT","items_purchased":["Dagger Spray","Caltrops","Cloak And Dagger","Noxious Fumes","Backflip","Footwork"],"campfire_rested":2,"item_purchase_floors":[3,22,22,24,24,31],"current_hp_per_floor":[70,70,70,70,70,70,70,70,70,60,60,60,60,60,60,41,63,63,63,63,63,63,63,63,46,46,67,49,31,52,52,52,0],"gold":32,"neow_bonus":"RANDOM_COMMON_RELIC","is_prod":false,"is_daily":false,"chose_seed":false,"campfire_upgraded":6,"win_rate":0,"timestamp":1554982659,"path_taken":["M","M","$","?","?","R","$","?","T","E","R","?","R","E","R","BOSS","M","?","?","?","$","R","$","M","T","R","M","E","R","$","R","BOSS"],"build_version":"2019-01-23","purchased_purges":2,"victory":false,"max_hp_per_floor":[70,70,70,70,70,70,70,70,70,70,70,70,70,70,70,70,70,70,70,70,70,70,70,70,70,70,70,70,70,70,70,70,70],"card_choices":[{"not_picked":["Slice","Bane"],"picked":"Well Laid Plans","floor":1},{"not_picked":["Outmaneuver","Underhanded Strike"],"picked":"Poisoned Stab","floor":2},{"not_picked":["Bane","Outmaneuver"],"picked":"A Thousand Cuts","floor":8},{"not_picked":["Malaise","Setup"],"picked":"Blur","floor":10},{"not_picked":["Calculated Gamble","Flying Knee"],"picked":"Dodge and Roll","floor":14},{"not_picked":["Venomology","Storm of Steel"],"picked":"Die Die Die","floor":16},{"not_picked":["Sucker Punch","Terror"],"picked":"Flying Knee","floor":18},{"not_picked":["All Out Attack","Slice"],"picked":"Crippling Poison+1","floor":25},{"not_picked":["Underhanded Strike","Outmaneuver"],"picked":"Footwork+1","floor":28},{"not_picked":["Dagger Spray","Distraction+1"],"picked":"Deadly Poison","floor":29}],"player_experience":292581,"relics_obtained":[{"floor":9,"key":"Bottled Flame"},{"floor":10,"key":"Happy Flower"},{"floor":12,"key":"Bronze Scales"},{"floor":14,"key":"Smiling Mask"},{"floor":26,"key":"Mercury Hourglass"},{"floor":29,"key":"MawBank"}],"event_choices":[{"damage_healed":0,"gold_gain":0,"player_choice":"Leave","damage_taken":0,"max_hp_gain":0,"max_hp_loss":0,"event_name":"The Cleric","floor":4,"gold_loss":0},{"damage_healed":0,"gold_gain":0,"player_choice":"Upgraded","damage_taken":0,"max_hp_gain":0,"max_hp_loss":0,"event_name":"Upgrade Shrine","floor":5,"gold_loss":0,"cards_upgraded":["Dagger Spray"]},{"cards_removed":["Defend_G"],"damage_healed":0,"gold_gain":0,"player_choice":"Gave Gold","damage_taken":0,"max_hp_gain":0,"max_hp_loss":0,"event_name":"Beggar","floor":19,"gold_loss":75},{"damage_healed":0,"gold_gain":0,"player_choice":"Simplicity","damage_taken":0,"max_hp_gain":0,"max_hp_loss":0,"event_name":"Back to Basics","floor":20,"gold_loss":0,"cards_upgraded":["Defend_G","Defend_G","Defend_G","Defend_G","Strike_G","Strike_G","Strike_G"]},{"damage_healed":0,"gold_gain":100,"player_choice":"Pray","damage_taken":0,"max_hp_gain":0,"max_hp_loss":0,"event_name":"Golden Shrine","floor":21,"gold_loss":0}],"is_beta":false,"boss_relics":[{"not_picked":["Pandora\u0027s Box","Busted Crown"],"picked":"Snecko Eye"}],"items_purged_floors":[3,22],"is_endless":false,"potions_floor_spawned":[10,14,16,25,28],"killed_by":"Collector","ascension_level":5}