{"gold_per_floor":[114,128,128,144,44,44,87,106,132,167,192,192,207,207,207,207],"floor_reached":16,"playtime":624,"items_purged":["Strike_R"],"score":240,"play_id":"756923f9-6cae-4cfb-aebc-d450cd58d0c4","local_time":"20190503234654","is_ascension_mode":true,"campfire_choices":[{"data":"Feed","floor":6,"key":"SMITH"},{"data":"Heavy Blade","floor":12,"key":"SMITH"},{"floor":15,"key":"REST"}],"neow_cost":"NONE","seed_source_timestamp":344981752843300,"circlet_count":0,"master_deck":["AscendersBane","Strike_R","Strike_R","Strike_R","Strike_R","Defend_R","Defend_R","Defend_R","Defend_R","Bash","Feed+1","Power Through","Heavy Blade+1","Shrug It Off","Warcry","Shockwave","Ghostly Armor","Metallicize","Pain","Pummel"],"relics":["Burning Blood","Golden Idol","Dream Catcher","Strawberry","Red Skull","WarpedTongs"],"potions_floor_usage":[7,11],"damage_taken":[{"damage":5,"enemies":"Cultist","floor":1,"turns":4},{"damage":12,"enemies":"Jaw Worm","floor":2,"turns":2},{"damage":4,"enemies":"2 Louse","floor":4,"turns":5},{"damage":8,"enemies":"Gremlin Nob","floor":7,"turns":3},{"damage":50,"enemies":"Gremlin Gang","floor":8,"turns":11},{"damage":34,"enemies":"3 Sentries","floor":10,"turns":11},{"damage":0,"enemies":"Exordium Thugs","floor":11,"turns":4},{"damage":8,"enemies":"Looter","floor":13,"turns":3},{"damage":74,"enemies":"Hexaghost","floor":16,"turns":14}],"seed_played":"-7399723915641362606","potions_obtained":[{"floor":4,"key":"SteroidPotion"},{"floor":8,"key":"Ancient Potion"},{"floor":11,"key":"Fruit Juice"}],"is_trial":false,"path_per_floor":["M","M","?","M","$","R","E","M","T","E","M","R","M","?","R","B"],"character_chosen":"IRONCLAD","items_purchased":["Shrug It Off"],"campfire_rested":1,"item_purchase_floors":[5],"current_hp_per_floor":[72,69,69,74,74,74,76,36,43,19,34,34,36,36,69,0],"gold":207,"neow_bonus":"ONE_RANDOM_RARE_CARD","is_prod":false,"is_daily":false,"chose_seed":false,"campfire_upgraded":2,"win_rate":0,"timestamp":1556920014,"path_taken":["M","?","?","M","$","R","E","M","T","E","M","R","M","?","R","BOSS"],"build_version":"2019-01-23","purchased_purges":1,"victory":false,"max_hp_per_floor":[78,81,75,78,78,78,82,86,93,97,106,106,110,110,110,110],"card_choices":[{"not_picked":["Wild Strike","Iron Wave"],"picked":"Power Through","floor":1},{"not_picked":["Body Slam","Anger","Wild Strike"],"picked":"SKIP","floor":2},{"not_picked":["Headbutt","Bloodletting"],"picked":"Heavy Blade","floor":4},{"not_picked":["Warcry","Body Slam","Anger"],"picked":"SKIP","floor":7},{"not_picked":["Warcry","Body Slam","Anger"],"picked":"SKIP","floor":7},{"not_picked":["Body Slam","Anger"],"picked":"Warcry","floor":7},{"not_picked":["Intimidate","Cleave"],"picked":"Shockwave","floor":8},{"not_picked":["Clothesline","Pummel"],"picked":"Ghostly Armor","floor":10},{"not_picked":["Flex","Anger"],"picked":"Metallicize","floor":11},{"not_picked":["Corruption","Anger","Iron Wave"],"picked":"SKIP","floor":13},{"not_picked":["Havoc","Power Through"],"picked":"Pummel","floor":15}],"player_experience":1050731,"relics_obtained":[{"floor":7,"key":"Dream Catcher"},{"floor":9,"key":"Strawberry"},{"floor":10,"key":"Red Skull"}],"event_choices":[{"damage_healed":0,"gold_gain":0,"player_choice":"Lose Max HP","damage_taken":0,"relics_obtained":["Golden Idol"],"max_hp_gain":0,"max_hp_loss":6,"event_name":"Golden Idol","floor":3,"gold_loss":0},{"damage_healed":0,"gold_gain":0,"player_choice":"Rummage","damage_taken":0,"relics_obtained":["WarpedTongs"],"max_hp_gain":0,"max_hp_loss":0,"event_name":"Accursed Blacksmith","floor":14,"gold_loss":0,"cards_obtained":["Pain"]}],"is_beta":false,"boss_relics":[],"items_purged_floors":[5],"is_endless":false,"potions_floor_spawned":[4,8,11],"killed_by":"Hexaghost","ascension_level":14}