{"gold_per_floor":[117,117,117,131,150,180,180,197,265,279,279,298,298,316,316,417,417,428,397,125,125,22,22,38,38],"floor_reached":25,"playtime":1646,"items_purged":[],"score":205,"play_id":"a00c5eb9-c7f5-466e-a005-8188477bcca6","local_time":"20190309111414","is_ascension_mode":false,"campfire_choices":[{"floor":7,"key":"REST"},{"floor":11,"key":"REST"},{"floor":15,"key":"REST"},{"floor":23,"key":"REST"}],"neow_cost":"NONE","seed_source_timestamp":437458494759373,"circlet_count":0,"master_deck":["Strike_B","Strike_B","Strike_B","Defend_B","Defend_B","Defend_B","Defend_B","Zap","Dualcast","Undo","Auto Shields","Hologram","Go for the Eyes","Hologram","Redo+1","Double Energy","Rebound+1","Creative AI","Self Repair","Steam","Apotheosis","Loop","Necronomicurse","Capacitor","Melter+1","Defragment"],"relics":["Cracked Core","NeowsBlessing","WingedGreaves","Smiling Mask","Molten Egg 2","Eternal Feather","Necronomicon"],"potions_floor_usage":[6,6,16,18,19,25],"damage_taken":[{"damage":0,"enemies":"2 Louse","floor":1,"turns":1},{"damage":0,"enemies":"Small Slimes","floor":4,"turns":1},{"damage":0,"enemies":"Cultist","floor":5,"turns":1},{"damage":46,"enemies":"Gremlin Nob","floor":6,"turns":7},{"damage":4,"enemies":"2 Fungi Beasts","floor":8,"turns":3},{"damage":20,"enemies":"3 Louse","floor":10,"turns":5},{"damage":11,"enemies":"Blue Slaver","floor":12,"turns":4},{"damage":0,"enemies":"2 Fungi Beasts","floor":14,"turns":3},{"damage":33,"enemies":"Slime Boss","floor":16,"turns":10},{"damage":19,"enemies":"3 Byrds","floor":18,"turns":6},{"damage":29,"enemies":"2 Thieves","floor":19,"turns":5},{"damage":35,"enemies":"Shelled Parasite and Fungi","floor":24,"turns":8},{"damage":34,"enemies":"Gremlin Leader","floor":25,"turns":4}],"seed_played":"-8013854050304840626","potions_obtained":[{"floor":1,"key":"Dexterity Potion"},{"floor":5,"key":"Swift Potion"},{"floor":6,"key":"Dexterity Potion"},{"floor":10,"key":"Swift Potion"},{"floor":12,"key":"Energy Potion"},{"floor":18,"key":"SneckoOil"}],"is_trial":false,"path_per_floor":["M","?","?","M","M","E","R","M","T","M","R","M","?","M","R","B",null,"M","M","$","?","$","R","M","E"],"character_chosen":"DEFECT","items_purchased":["Apotheosis","Loop","Capacitor","Melter+1"],"campfire_rested":4,"item_purchase_floors":[20,20,22,22],"current_hp_per_floor":[75,63,63,63,63,17,39,35,35,15,37,26,26,26,48,15,75,56,34,34,18,18,55,30,0],"gold":38,"neow_bonus":"THREE_ENEMY_KILL","is_prod":false,"is_daily":false,"chose_seed":false,"campfire_upgraded":0,"win_rate":0.0,"timestamp":1552097654,"path_taken":["M","?","?","M","?","E","R","M","T","M","R","M","?","M","R","BOSS","M","M","$","?","$","R","M","E"],"build_version":"2019-01-23","purchased_purges":0,"victory":false,"max_hp_per_floor":[75,75,75,75,75,75,75,75,75,75,75,75,75,75,75,75,75,75,75,75,75,75,75,75,75],"card_choices":[{"not_picked":["Static Discharge","Tempest"],"picked":"Undo","floor":1},{"not_picked":["Sweeping Beam","Go for the Eyes"],"picked":"Auto Shields","floor":4},{"not_picked":["Beam Cell","Darkness"],"picked":"Hologram","floor":5},{"not_picked":["Rebound","Biased Cognition"],"picked":"Go for the Eyes","floor":6},{"not_picked":["Undo","Conserve Battery"],"picked":"Hologram","floor":8},{"not_picked":["Stack","Steam"],"picked":"Redo","floor":10},{"not_picked":["Fusion","Barrage+1"],"picked":"Double Energy","floor":12},{"not_picked":["Reinforced Body","Double Energy"],"picked":"Rebound+1","floor":14},{"not_picked":["Buffer","Biased Cognition"],"picked":"Creative AI","floor":16},{"not_picked":["Genetic Algorithm","Go for the Eyes+1"],"picked":"Self Repair","floor":18},{"not_picked":["Barrage+1","Ball Lightning+1"],"picked":"Steam","floor":19},{"not_picked":["Rebound+1","Hologram+1"],"picked":"Defragment","floor":24}],"player_experience":48724,"relics_obtained":[{"floor":6,"key":"Smiling Mask"},{"floor":9,"key":"Molten Egg 2"},{"floor":21,"key":"Necronomicon"}],"event_choices":[{"damage_healed":0,"gold_gain":0,"player_choice":"Success","damage_taken":12,"relics_obtained":["WingedGreaves"],"max_hp_gain":0,"max_hp_loss":0,"event_name":"Scrap Ooze","floor":2,"gold_loss":0},{"cards_removed":["Strike_B"],"damage_healed":0,"gold_gain":0,"player_choice":"Purged","damage_taken":0,"max_hp_gain":0,"max_hp_loss":0,"event_name":"Purifier","floor":3,"gold_loss":0},{"damage_healed":0,"gold_gain":0,"player_choice":"Grow","damage_taken":0,"max_hp_gain":0,"max_hp_loss":0,"event_name":"Living Wall","floor":13,"gold_loss":0,"cards_upgraded":["Redo"]},{"damage_healed":0,"gold_gain":0,"player_choice":"Obtained Book","damage_taken":16,"max_hp_gain":0,"max_hp_loss":0,"event_name":"Cursed Tome","floor":21,"gold_loss":0}],"is_beta":false,"boss_relics":[{"not_picked":["Fusion Hammer","Empty Cage"],"picked":"Eternal Feather"}],"items_purged_floors":[],"is_endless":false,"potions_floor_spawned":[1,5,6,10,12,18],"killed_by":"Gremlin Leader","ascension_level":0}