{"gold_per_floor":[113,26,26,26,44,72,72,107,107,107,126,155,167,180,180,285,285,303,303,14,14,14,14],"floor_reached":23,"playtime":947,"items_purged":[],"score":238,"play_id":"d171a3e1-df43-481c-8841-6658eb13ce04","local_time":"20190321172008","is_ascension_mode":true,"campfire_choices":[{"floor":7,"key":"REST"},{"data":"Feel No Pain","floor":10,"key":"SMITH"},{"floor":15,"key":"REST"}],"neow_cost":"NONE","seed_source_timestamp":150816344475115,"circlet_count":0,"master_deck":["Strike_R","Defend_R","Defend_R","Defend_R+1","Defend_R","Bash","Clothesline","Inflame","Perfected Strike","Feel No Pain+1","Rampage","Seeing Red","Havoc","Blood for Blood","Shrug It Off","Armaments","Demon Form","Demon Form+1","Feed+1","Dark Embrace+1","Shrug It Off","Sentinel","Good Instincts","Writhe"],"relics":["Burning Blood","Pantograph","Red Skull","Mercury Hourglass","Bronze Scales","Astrolabe","Regal Pillow","MutagenicStrength","Self Forming Clay"],"potions_floor_usage":[6,23,23,23],"damage_taken":[{"damage":9,"enemies":"Jaw Worm","floor":1,"turns":5},{"damage":3,"enemies":"2 Louse","floor":5,"turns":4},{"damage":41,"enemies":"Gremlin Nob","floor":6,"turns":5},{"damage":35,"enemies":"Lagavulin","floor":8,"turns":5},{"damage":0,"enemies":"Small Slimes","floor":11,"turns":2},{"damage":12,"enemies":"3 Sentries","floor":12,"turns":6},{"damage":7,"enemies":"Looter","floor":13,"turns":2},{"damage":18,"enemies":"Exordium Thugs","floor":14,"turns":3},{"damage":54,"enemies":"The Guardian","floor":16,"turns":9},{"damage":13,"enemies":"3 Byrds","floor":18,"turns":2},{"damage":83,"enemies":"Book of Stabbing","floor":23,"turns":10}],"seed_played":"-1483204869892414510","potions_obtained":[{"floor":1,"key":"BloodPotion"},{"floor":6,"key":"Block Potion"},{"floor":13,"key":"Swift Potion"},{"floor":14,"key":"Explosive Potion"}],"is_trial":false,"path_per_floor":["M","$","?","?","M","E","R","E","T","R","M","E","M","M","R","B",null,"M","?","$","?","?","E"],"character_chosen":"IRONCLAD","items_purchased":["Inflame","Perfected Strike","Sentinel","Good Instincts","Regal Pillow"],"campfire_rested":2,"item_purchase_floors":[2,2,20,20,20],"current_hp_per_floor":[77,77,82,65,68,41,66,37,37,37,43,37,36,24,49,26,85,78,78,78,78,78,0],"gold":14,"neow_bonus":"TRANSFORM_CARD","is_prod":false,"is_daily":false,"chose_seed":false,"campfire_upgraded":1,"win_rate":0,"timestamp":1553210408,"path_taken":["M","$","?","?","M","E","R","E","T","R","M","E","M","M","R","BOSS","M","?","$","?","?","E"],"build_version":"2019-01-23","purchased_purges":0,"victory":false,"max_hp_per_floor":[80,80,85,85,85,85,85,85,85,85,85,85,85,85,85,85,85,85,85,85,85,85,85],"card_choices":[{"not_picked":["Twin Strike","Sword Boomerang"],"picked":"Clothesline","floor":1},{"not_picked":["Pommel Strike","True Grit"],"picked":"Feel No Pain","floor":5},{"not_picked":["Reckless Charge","Sword Boomerang"],"picked":"Rampage","floor":6},{"not_picked":["Bloodletting","Armaments"],"picked":"Seeing Red","floor":8},{"not_picked":["Thunderclap","Dropkick"],"picked":"Havoc","floor":11},{"not_picked":["Rupture","Sword Boomerang"],"picked":"Blood for Blood","floor":12},{"not_picked":["Anger","Pommel Strike"],"picked":"Shrug It Off","floor":13},{"not_picked":["Immolate","Bloodletting"],"picked":"Armaments","floor":14},{"not_picked":["Reaper","Dark Embrace"],"picked":"Demon Form","floor":16},{"not_picked":["Dropkick+1","Warcry"],"picked":"Shrug It Off","floor":18}],"player_experience":311864,"relics_obtained":[{"floor":6,"key":"Pantograph"},{"floor":8,"key":"Red Skull"},{"floor":9,"key":"Mercury Hourglass"},{"floor":12,"key":"Bronze Scales"}],"event_choices":[{"damage_healed":0,"gold_gain":0,"player_choice":"Donut","damage_taken":0,"max_hp_gain":5,"max_hp_loss":0,"event_name":"Big Fish","floor":3,"gold_loss":0},{"damage_healed":0,"gold_gain":0,"player_choice":"Entered Light","damage_taken":17,"max_hp_gain":0,"max_hp_loss":0,"event_name":"Shining Light","floor":4,"gold_loss":0,"cards_upgraded":["Dual Wield","Defend_R"]},{"cards_removed":["Strike_R"],"damage_healed":0,"gold_gain":0,"player_choice":"Elegance","damage_taken":0,"max_hp_gain":0,"max_hp_loss":0,"event_name":"Back to Basics","floor":19,"gold_loss":0},{"damage_healed":0,"gold_gain":0,"player_choice":"Inject Mutagens","damage_taken":0,"relics_obtained":["MutagenicStrength"],"max_hp_gain":0,"max_hp_loss":0,"event_name":"Drug Dealer","floor":21,"gold_loss":0},{"damage_healed":0,"gold_gain":0,"player_choice":"Opened","damage_taken":0,"relics_obtained":["Self Forming Clay"],"max_hp_gain":0,"max_hp_loss":0,"event_name":"The Mausoleum","floor":22,"gold_loss":0,"cards_obtained":["Writhe"]}],"is_beta":false,"boss_relics":[{"not_picked":["Runic Dome","Philosopher\u0027s Stone"],"picked":"Astrolabe"}],"items_purged_floors":[],"is_endless":false,"potions_floor_spawned":[1,6,13,14,18],"killed_by":"Book of Stabbing","ascension_level":3}