{"gold_per_floor":[116,116,135,135,135,163,178,21,21,21,21,39,39,49,49,152,152,170,70,70,70,89,117,127,145,170,170,170,170,190,65,65,65],"floor_reached":33,"playtime":1492,"items_purged":["Strike_G","Strike_G","Decay"],"score":292,"play_id":"ee109c40-3f88-40aa-ac86-c2bf74d76894","local_time":"20190327135331","is_ascension_mode":true,"campfire_choices":[{"data":"Footwork","floor":10,"key":"SMITH"},{"floor":13,"key":"REST"},{"data":"Deadly Poison","floor":15,"key":"SMITH"},{"floor":29,"key":"REST"},{"floor":32,"key":"REST"}],"neow_cost":"NONE","seed_source_timestamp":14333377124169,"circlet_count":0,"master_deck":["Defend_G","Defend_G","Defend_G","Defend_G","Strike_G","Survivor","Neutralize+1","Deadly Poison","Die Die Die","Escape Plan","Footwork+1","Deadly Poison+1","Poisoned Stab","Concentrate+1","Dodge and Roll+1","Die Die Die+1","Quick Slash+1","Footwork+1","Bane","Poisoned Stab","Noxious Fumes","Quick Slash+1","PiercingWail+1"],"relics":["Ring of the Snake","Unceasing Top","Shuriken","Question Card","Astrolabe","Boot","Oddly Smooth Stone"],"potions_floor_usage":[18,23,24,25,33],"damage_taken":[{"damage":0,"enemies":"Jaw Worm","floor":1,"turns":4},{"damage":0,"enemies":"Small Slimes","floor":3,"turns":3},{"damage":19,"enemies":"Lagavulin","floor":6,"turns":8},{"damage":0,"enemies":"Cultist","floor":7,"turns":3},{"damage":11,"enemies":"Looter","floor":12,"turns":4},{"damage":1,"enemies":"Exordium Wildlife","floor":14,"turns":3},{"damage":1,"enemies":"The Guardian","floor":16,"turns":9},{"damage":12,"enemies":"2 Thieves","floor":18,"turns":3},{"damage":15,"enemies":"3 Byrds","floor":22,"turns":5},{"damage":37,"enemies":"Gremlin Leader","floor":23,"turns":9},{"damage":0,"enemies":"Centurion and Healer","floor":24,"turns":6},{"damage":0,"enemies":"3 Cultists","floor":25,"turns":2},{"damage":17,"enemies":"Shelled Parasite and Fungi","floor":30,"turns":6},{"damage":31,"enemies":"Collector","floor":33,"turns":3}],"seed_played":"-3276428153742263629","potions_obtained":[{"floor":12,"key":"SteroidPotion"},{"floor":14,"key":"Block Potion"},{"floor":16,"key":"SpeedPotion"},{"floor":22,"key":"SteroidPotion"},{"floor":30,"key":"Strength Potion"}],"is_trial":false,"path_per_floor":["M","?","M","?","?","E","M","$","T","R","?","M","R","M","R","B",null,"M","$","?","$","M","E","M","M","T","?","?","R","M","$","R","B"],"character_chosen":"THE_SILENT","items_purchased":["Footwork","Deadly Poison"],"campfire_rested":3,"item_purchase_floors":[8,8],"current_hp_per_floor":[70,63,63,63,63,44,44,44,44,44,44,33,54,53,53,52,70,58,58,58,58,43,6,6,6,6,6,6,27,10,10,31,0],"gold":65,"neow_bonus":"UPGRADE_CARD","is_prod":false,"is_daily":false,"chose_seed":false,"campfire_upgraded":2,"win_rate":0,"timestamp":1553691211,"path_taken":["M","?","M","?","?","E","?","$","T","R","?","M","R","M","R","BOSS","M","$","?","$","M","E","M","?","T","?","?","R","M","$","R","BOSS"],"build_version":"2019-01-23","purchased_purges":3,"victory":false,"max_hp_per_floor":[70,70,70,70,70,70,70,70,70,70,70,70,70,70,70,70,70,70,70,70,70,70,70,70,70,70,70,70,70,70,70,70,70],"card_choices":[{"not_picked":["Sucker Punch","Caltrops"],"picked":"Deadly Poison","floor":1},{"not_picked":["Slice","Setup","Reflex"],"picked":"SKIP","floor":3},{"not_picked":["Cloak And Dagger","PiercingWail"],"picked":"Die Die Die","floor":6},{"not_picked":["Masterful Stab","Prepared"],"picked":"Escape Plan","floor":7},{"not_picked":["Dagger Spray","Riddle With Holes","Deadly Poison"],"picked":"Poisoned Stab","floor":12},{"not_picked":["Masterful Stab","Heel Hook","Deflect","Expertise"],"picked":"SKIP","floor":14},{"not_picked":["Night Terror","Grand Finale","Wraith Form v2"],"picked":"Doppelganger","floor":16},{"not_picked":["Sucker Punch","Outmaneuver","Slice+1"],"picked":"Quick Slash+1","floor":18},{"not_picked":["Terror","Cloak And Dagger","Sucker Punch"],"picked":"Bane","floor":22},{"not_picked":["Underhanded Strike+1","Finisher","Reflex"],"picked":"Poisoned Stab","floor":23},{"not_picked":["Riddle With Holes+1","Eviscerate+1","Sucker Punch"],"picked":"Noxious Fumes","floor":24},{"not_picked":["Slice","Flechettes+1","Blade Dance+1"],"picked":"Quick Slash+1","floor":25},{"not_picked":["Bullet Time","Slice","Escape Plan"],"picked":"PiercingWail+1","floor":30}],"player_experience":199779,"relics_obtained":[{"floor":6,"key":"Shuriken"},{"floor":9,"key":"Question Card"},{"floor":23,"key":"Boot"},{"floor":26,"key":"Oddly Smooth Stone"}],"event_choices":[{"damage_healed":0,"gold_gain":0,"player_choice":"Success","damage_taken":7,"relics_obtained":["Unceasing Top"],"max_hp_gain":0,"max_hp_loss":0,"event_name":"Scrap Ooze","floor":2,"gold_loss":0},{"damage_healed":0,"gold_gain":0,"player_choice":"Ignored","damage_taken":0,"max_hp_gain":0,"max_hp_loss":0,"event_name":"Golden Idol","floor":4,"gold_loss":0},{"cards_removed":["Strike_G"],"damage_healed":0,"gold_gain":0,"player_choice":"Purged","damage_taken":0,"max_hp_gain":0,"max_hp_loss":0,"event_name":"Purifier","floor":5,"gold_loss":0},{"damage_healed":0,"gold_gain":0,"player_choice":"Leave","damage_taken":0,"max_hp_gain":0,"max_hp_loss":0,"event_name":"The Cleric","floor":11,"gold_loss":0},{"damage_healed":0,"gold_gain":0,"player_choice":"Copied","damage_taken":0,"max_hp_gain":0,"max_hp_loss":0,"event_name":"Duplicator","floor":20,"gold_loss":0,"cards_obtained":["Footwork"]},{"damage_healed":0,"gold_gain":0,"player_choice":"Smashed Altar","damage_taken":0,"max_hp_gain":0,"max_hp_loss":0,"event_name":"Forgotten Altar","floor":27,"gold_loss":0,"cards_obtained":["Decay"]},{"damage_healed":0,"gold_gain":0,"player_choice":"Ignored","damage_taken":0,"max_hp_gain":0,"max_hp_loss":0,"event_name":"Cursed Tome","floor":28,"gold_loss":0}],"is_beta":false,"boss_relics":[{"not_picked":["Black Star","Runic Pyramid"],"picked":"Astrolabe"}],"items_purged_floors":[8,19,31],"is_endless":false,"potions_floor_spawned":[12,14,16,22,30],"killed_by":"Collector","ascension_level":2}