{"gold_per_floor":[110,122,136,151,169,169,204,218,218,249,249,265,297,312,312,413,413,426,439,453,66,84,84,184,217,270,289,289,306,306,46,46,143,143,153,173,273,284,284,314,48,62,62,62,73,23,33,45,45,45],"floor_reached":50,"playtime":2512,"items_purged":["Eviscerate","Choke","Pain"],"score":925,"play_id":"2bdbcda8-3950-492a-b423-c7cfff42a0f7","local_time":"20190424212336","is_ascension_mode":true,"campfire_choices":[{"data":"Envenom","floor":6.0,"key":"SMITH"},{"floor":11.0,"key":"REST"},{"data":"Survivor","floor":15.0,"key":"SMITH"},{"data":"Envenom","floor":23.0,"key":"SMITH"},{"data":"After Image","floor":28.0,"key":"SMITH"},{"data":"Infinite Blades","floor":30.0,"key":"SMITH"},{"floor":32.0,"key":"REST"},{"floor":49.0,"key":"RECALL"}],"neow_cost":"NONE","seed_source_timestamp":0,"circlet_count":0,"master_deck":["AscendersBane","Survivor+1","Neutralize+1","Poisoned Stab","Dagger Throw","Poisoned Stab","Envenom+1","Endless Agony","Dagger Spray","Deflect+1","Cloak And Dagger+1","Backflip+1","Envenom+1","Adrenaline+1","Deadly Poison+1","Endless Agony","Phantasmal Killer+1","Glass Knife","After Image+1","All Out Attack","Bane","Dodge and Roll+1","Infinite Blades+1","PiercingWail+1","Dodge and Roll+1","Dodge and Roll+1","PiercingWail+1","Finisher","Sadistic Nature","Caltrops","Bullet Time+1","Blade Dance+1","PiercingWail+1","After Image+1","Caltrops+1","Cloak And Dagger+1","Noxious Fumes+1","Night Terror+1"],"special_seed":0,"relics":["Ring of the Snake","Blue Candle","Toxic Egg 2","Regal Pillow","Shuriken","Pandora\u0027s Box","Meat on the Bone","Mango","Ninja Scroll","Smiling Mask","Cursed Key","Du-Vu Doll","Frozen Egg 2","DollysMirror","Ginger"],"potions_floor_usage":[50],"damage_taken":[{"damage":0.0,"enemies":"2 Louse","floor":1.0,"turns":3.0},{"damage":1.0,"enemies":"Jaw Worm","floor":2.0,"turns":5.0},{"damage":0.0,"enemies":"Small Slimes","floor":3.0,"turns":3.0},{"damage":9.0,"enemies":"Red Slaver","floor":4.0,"turns":4.0},{"damage":6.0,"enemies":"Looter","floor":5.0,"turns":3.0},{"damage":12.0,"enemies":"Gremlin Nob","floor":7.0,"turns":3.0},{"damage":10.0,"enemies":"Lots of Slimes","floor":8.0,"turns":2.0},{"damage":12.0,"enemies":"Lagavulin","floor":10.0,"turns":6.0},{"damage":0.0,"enemies":"2 Fungi Beasts","floor":12.0,"turns":3.0},{"damage":12.0,"enemies":"Gremlin Nob","floor":13.0,"turns":3.0},{"damage":0.0,"enemies":"Exordium Wildlife","floor":14.0,"turns":3.0},{"damage":32.0,"enemies":"Slime Boss","floor":16.0,"turns":8.0},{"damage":0.0,"enemies":"Spheric Guardian","floor":18.0,"turns":2.0},{"damage":11.0,"enemies":"2 Thieves","floor":19.0,"turns":4.0},{"damage":11.0,"enemies":"Shelled Parasite and Fungi","floor":20.0,"turns":4.0},{"damage":7.0,"enemies":"Centurion and Healer","floor":22.0,"turns":4.0},{"damage":2.0,"enemies":"Colosseum Slavers","floor":24.0,"turns":3.0},{"damage":21.0,"enemies":"Colosseum Nobs","floor":24.0,"turns":4.0},{"damage":15.0,"enemies":"Slavers","floor":25.0,"turns":4.0},{"damage":0.0,"enemies":"Chosen and Byrds","floor":27.0,"turns":4.0},{"damage":5.0,"enemies":"Sentry and Sphere","floor":29.0,"turns":5.0},{"damage":57.0,"enemies":"Automaton","floor":33.0,"turns":7.0},{"damage":0.0,"enemies":"3 Shapes","floor":35.0,"turns":3.0},{"damage":2.0,"enemies":"Orb Walker","floor":36.0,"turns":4.0},{"damage":0.0,"enemies":"Mind Bloom Boss Battle","floor":37.0,"turns":2.0},{"damage":11.0,"enemies":"Jaw Worm Horde","floor":38.0,"turns":3.0},{"damage":0.0,"enemies":"Giant Head","floor":40.0,"turns":5.0},{"damage":24.0,"enemies":"Writhing Mass","floor":42.0,"turns":5.0},{"damage":0.0,"enemies":"3 Darklings","floor":45.0,"turns":4.0},{"damage":12.0,"enemies":"4 Shapes","floor":47.0,"turns":5.0},{"damage":0.0,"enemies":"Maw","floor":48.0,"turns":5.0},{"damage":53,"enemies":"Awakened One","floor":50,"turns":2}],"seed_played":"1698773887662160469","potions_obtained":[{"floor":4.0,"key":"SpeedPotion"},{"floor":5.0,"key":"GamblersBrew"},{"floor":8.0,"key":"Block Potion"},{"floor":10.0,"key":"LiquidBronze"},{"floor":12.0,"key":"Poison Potion"},{"floor":14.0,"key":"SteroidPotion"},{"floor":16.0,"key":"FairyPotion"},{"floor":24.0,"key":"SmokeBomb"},{"floor":25.0,"key":"Energy Potion"},{"floor":27.0,"key":"Fire Potion"},{"floor":33.0,"key":"PowerPotion"},{"floor":37.0,"key":"Fruit Juice"},{"floor":47.0,"key":"SteroidPotion"},{"floor":48.0,"key":"Poison Potion"}],"is_trial":false,"path_per_floor":["M","M","M","M","M","R","E","M","T","E","R","M","E","M","R","B",null,"M","M","M","$","M","R","?","E","T","M","R","M","R","$","R","B",null,"M","M","?","M","?","E","$","M","T","?","M","$","M","M","R","B"],"character_chosen":"THE_SILENT","items_purchased":["Meat on the Bone","Dodge and Roll+1","Sadistic Nature","Caltrops","DollysMirror","Caltrops+1"],"campfire_rested":2,"item_purchase_floors":[21,21,31,31,41,41],"current_hp_per_floor":[63,62,62,53,47,47,35,25,25,13,49,49,37,37,37,5,54,54,43,32,32,37,37,52,49,49,49,49,44,44,44,84,39,73,73,71,71,65,65,65,65,53,53,53,53,53,53,53,53,0],"gold":45,"neow_bonus":"UPGRADE_CARD","is_prod":false,"is_daily":false,"chose_seed":false,"campfire_upgraded":5,"win_rate":0,"timestamp":1556166216,"path_taken":["M","M","M","M","M","R","E","M","T","E","R","M","E","M","R","BOSS","M","M","M","$","M","R","?","E","T","M","R","M","R","$","R","BOSS","M","M","?","M","?","E","$","M","T","?","M","$","M","M","R","BOSS"],"build_version":"2019-01-23","purchased_purges":3,"victory":false,"max_hp_per_floor":[70,70,70,70,70,70,70,70,70,70,70,70,70,70,70,70,70,70,70,70,70,70,70,84,84,84,84,84,84,84,84,84,84,84,84,84,84,89,89,89,89,89,89,89,89,89,89,89,89,89],"card_choices":[{"not_picked":["Acrobatics","Outmaneuver"],"picked":"Poisoned Stab","floor":1.0},{"not_picked":["Quick Slash","Deflect"],"picked":"Dagger Throw","floor":2.0},{"not_picked":["Flying Knee","Dodge and Roll"],"picked":"Poisoned Stab","floor":3.0},{"not_picked":["Backflip","Underhanded Strike"],"picked":"Envenom","floor":4.0},{"not_picked":["Poisoned Stab","Deadly Poison"],"picked":"Endless Agony","floor":5.0},{"not_picked":["Predator","Blade Dance"],"picked":"Dagger Spray","floor":7.0},{"not_picked":["Riddle With Holes","Flechettes","Deflect"],"picked":"SKIP","floor":8.0},{"not_picked":["Terror+1","Slice"],"picked":"Deflect+1","floor":10.0},{"not_picked":["Distraction+1","Deadly Poison+1"],"picked":"Cloak And Dagger+1","floor":12.0},{"not_picked":["Catalyst+1","Doppelganger+1"],"picked":"Backflip+1","floor":13.0},{"not_picked":["Underhanded Strike","Quick Slash","Skewer"],"picked":"SKIP","floor":14.0},{"not_picked":["A Thousand Cuts","Wraith Form v2"],"picked":"Envenom","floor":16.0},{"not_picked":["Slice","Flying Knee+1"],"picked":"Dodge and Roll+1","floor":18.0},{"not_picked":["Acrobatics+1","Terror+1"],"picked":"Infinite Blades","floor":19.0},{"not_picked":["Prepared+1","Slice"],"picked":"PiercingWail+1","floor":20.0},{"not_picked":["Deadly Poison+1","Dagger Throw","Underhanded Strike"],"picked":"SKIP","floor":22.0},{"not_picked":["Burst+1","Sucker Punch"],"picked":"Dodge and Roll+1","floor":24.0},{"not_picked":["Acrobatics+1","Underhanded Strike"],"picked":"PiercingWail+1","floor":25.0},{"not_picked":["Skewer","Poisoned Stab"],"picked":"Finisher","floor":27.0},{"not_picked":["Underhanded Strike","Prepared+1","Eviscerate"],"picked":"SKIP","floor":29.0},{"not_picked":["Doppelganger+1","Night Terror+1"],"picked":"Bullet Time+1","floor":33.0},{"not_picked":["Calculated Gamble+1","PiercingWail+1"],"picked":"Blade Dance+1","floor":35.0},{"not_picked":["Deadly Poison+1","Calculated Gamble+1","Reflex+1"],"picked":"SKIP","floor":36.0},{"not_picked":["Prepared+1","Poisoned Stab"],"picked":"PiercingWail+1","floor":37.0},{"not_picked":["Poisoned Stab+1","Distraction+1","Flechettes+1"],"picked":"SKIP","floor":38.0},{"not_picked":["Predator","Prepared+1","Riddle With Holes+1"],"picked":"SKIP","floor":40.0},{"not_picked":["Quick Slash","Bane"],"picked":"Cloak And Dagger+1","floor":42.0},{"not_picked":["Caltrops+1","Skewer"],"picked":"Noxious Fumes+1","floor":45.0},{"not_picked":["Quick Slash","PiercingWail+1"],"picked":"Night Terror+1","floor":47.0},{"not_picked":["Sucker Punch+1","Underhanded Strike","All Out Attack+1"],"picked":"SKIP","floor":48.0}],"player_experience":302815,"relics_obtained":[{"floor":7.0,"key":"Blue Candle"},{"floor":9.0,"key":"Toxic Egg 2"},{"floor":10.0,"key":"Regal Pillow"},{"floor":13.0,"key":"Shuriken"},{"floor":24.0,"key":"Mango"},{"floor":24.0,"key":"Ninja Scroll"},{"floor":25.0,"key":"Smiling Mask"},{"floor":37.0,"key":"Du-Vu Doll"},{"floor":40.0,"key":"Frozen Egg 2"},{"floor":43.0,"key":"Ginger"}],"event_choices":[{"damage_healed":0.0,"max_hp_gain":0.0,"max_hp_loss":0.0,"gold_gain":0.0,"event_name":"Colosseum","player_choice":"Fight","floor":24.0,"gold_loss":0.0,"damage_taken":0.0},{"damage_healed":0.0,"max_hp_gain":0.0,"max_hp_loss":0.0,"gold_gain":0.0,"event_name":"Colosseum","player_choice":"Fought Nobs","floor":24.0,"gold_loss":0.0,"damage_taken":0.0},{"damage_healed":0.0,"max_hp_gain":0.0,"max_hp_loss":0.0,"gold_gain":0.0,"event_name":"MindBloom","player_choice":"Fight","floor":37.0,"gold_loss":0.0,"damage_taken":0.0},{"damage_healed":0.0,"max_hp_gain":0.0,"max_hp_loss":0.0,"gold_gain":0.0,"event_name":"Tomb of Lord Red Mask","player_choice":"Ignored","floor":39.0,"gold_loss":0.0,"damage_taken":0.0},{"damage_healed":0.0,"max_hp_gain":0.0,"max_hp_loss":0.0,"gold_gain":0.0,"event_name":"The Woman in Blue","player_choice":"Bought 0 Potions","floor":44.0,"gold_loss":0.0,"damage_taken":0.0}],"is_beta":false,"boss_relics":[{"not_picked":["Empty Cage","White Beast Statue"],"picked":"Pandora\u0027s Box"},{"not_picked":["Busted Crown","Black Star"],"picked":"Cursed Key"}],"items_purged_floors":[21,31,46],"is_endless":false,"potions_floor_spawned":[4,5,8,10,12,14,16,24,24,25,27,33,35,37,47,48],"killed_by":"Awakened One","ascension_level":12}