{"gold_per_floor":[117,136,136,201,201,201,16,50,50,50,50,84,107,148,148,237,237,257,257,257,269,4,4,29,67,67,85,110,130,168,184,184,184],"floor_reached":33,"playtime":1488,"items_purged":["Injury","Writhe"],"score":632,"play_id":"e3572c04-3777-4f55-a3b3-cc2c3ba0b0ee","local_time":"20190430160125","is_ascension_mode":true,"campfire_choices":[{"data":"Blood for Blood","floor":6.0,"key":"SMITH"},{"floor":10.0,"key":"REST"},{"data":"Defend_R","floor":15.0,"key":"SMITH"},{"data":"Fiend Fire","floor":23.0,"key":"SMITH"},{"floor":32,"key":"REST"}],"neow_cost":"NONE","seed_source_timestamp":0,"circlet_count":0,"master_deck":["AscendersBane","Strike_R+1","Strike_R+1","Strike_R+1","Strike_R+1","Strike_R+1","Defend_R+1","Defend_R+1","Defend_R+1","Defend_R+1","Bash+1","Shrug It Off","Blood for Blood+1","Cleave+1","Feed","Headbutt","Dual Wield","Battle Trance","Fiend Fire+1","Anger","Havoc+1","Sentinel+1","Seeing Red","Metallicize","Battle Trance","Shrug It Off"],"special_seed":0,"relics":["Burning Blood","Golden Idol","FossilizedHelix","Turnip","Dream Catcher","Letter Opener","Velvet Choker","MawBank","Membership Card","Art of War","Ornamental Fan","Vajra"],"potions_floor_usage":[30],"damage_taken":[{"damage":7.0,"enemies":"Jaw Worm","floor":1.0,"turns":3.0},{"damage":9.0,"enemies":"2 Louse","floor":2.0,"turns":3.0},{"damage":35.0,"enemies":"Lagavulin","floor":8.0,"turns":5.0},{"damage":32.0,"enemies":"3 Sentries","floor":12.0,"turns":8.0},{"damage":0.0,"enemies":"Cultist","floor":13.0,"turns":4.0},{"damage":16.0,"enemies":"Gremlin Nob","floor":14.0,"turns":4.0},{"damage":33.0,"enemies":"Slime Boss","floor":16.0,"turns":12.0},{"damage":6.0,"enemies":"Shell Parasite","floor":18.0,"turns":4.0},{"damage":0.0,"enemies":"Chosen","floor":24.0,"turns":2.0},{"damage":0.0,"enemies":"Gremlin Leader","floor":25.0,"turns":5.0},{"damage":0.0,"enemies":"Snake Plant","floor":27.0,"turns":2.0},{"damage":29.0,"enemies":"Chosen and Byrds","floor":28.0,"turns":7.0},{"damage":24,"enemies":"Cultist and Chosen","floor":29,"turns":7},{"damage":18,"enemies":"Book of Stabbing","floor":30,"turns":4},{"damage":0,"enemies":"Centurion and Healer","floor":31,"turns":7},{"damage":107,"enemies":"Collector","floor":33,"turns":9}],"seed_played":"-4121195437258759522","potions_obtained":[{"floor":2.0,"key":"Ancient Potion"},{"floor":8.0,"key":"EntropicBrew"},{"floor":16.0,"key":"Regen Potion"},{"floor":27.0,"key":"Poison Potion"},{"floor":28.0,"key":"SteroidPotion"}],"is_trial":false,"path_per_floor":["M","M","?","?","?","R","$","E","T","R","?","E","M","E","R","B",null,"M","?","?","?","$","R","M","E","T","M","M","M","E","M","R","B"],"character_chosen":"IRONCLAD","items_purchased":["Cleave","PowerPotion","Membership Card"],"campfire_rested":2,"item_purchase_floors":[7,7,22],"current_hp_per_floor":[74,71,71,71,71,71,71,42,42,66,66,43,52,45,45,21,76,88,88,88,88,88,88,94,94,94,94,71,56,44,53,83,0],"gold":184,"neow_bonus":"TEN_PERCENT_HP_BONUS","is_prod":false,"is_daily":false,"chose_seed":false,"campfire_upgraded":3,"win_rate":0,"timestamp":1556665285,"path_taken":["M","M","?","?","?","R","$","E","T","R","?","E","?","E","R","BOSS","M","?","?","?","$","R","M","E","T","M","?","M","E","M","R","BOSS"],"build_version":"2019-01-23","purchased_purges":2,"victory":false,"max_hp_per_floor":[82,82,82,82,82,82,82,82,82,82,82,85,88,91,91,94,94,94,94,94,94,94,94,94,94,94,94,94,97,97,100,100,100],"card_choices":[{"not_picked":["Headbutt","Iron Wave"],"picked":"Shrug It Off","floor":1.0},{"not_picked":["Sever Soul","Evolve"],"picked":"Blood for Blood","floor":2.0},{"not_picked":["Armaments","True Grit"],"picked":"Feed","floor":8.0},{"not_picked":["Rupture","Wild Strike"],"picked":"Headbutt","floor":12.0},{"not_picked":["Carnage","Thunderclap"],"picked":"Dual Wield","floor":13.0},{"not_picked":["Rage","Dropkick"],"picked":"Battle Trance","floor":14.0},{"not_picked":["Berserk","Bludgeon"],"picked":"Fiend Fire","floor":16.0},{"not_picked":["Ghostly Armor","Second Wind"],"picked":"Anger","floor":18.0},{"not_picked":["Reckless Charge","Uppercut"],"picked":"Havoc+1","floor":24.0},{"not_picked":["Ghostly Armor","Flex"],"picked":"Sentinel+1","floor":25.0},{"not_picked":["Wild Strike","Headbutt","Clothesline"],"picked":"SKIP","floor":27.0},{"not_picked":["Entrench","Clothesline"],"picked":"Seeing Red","floor":28.0},{"not_picked":["Pommel Strike","Bludgeon"],"picked":"Metallicize","floor":29},{"not_picked":["Flex","Thunderclap"],"picked":"Battle Trance","floor":30},{"not_picked":["Clothesline","Iron Wave","Wild Strike"],"picked":"SKIP","floor":31},{"not_picked":["Evolve","Perfected Strike"],"picked":"Shrug It Off","floor":32}],"player_experience":512728,"relics_obtained":[{"floor":8.0,"key":"FossilizedHelix"},{"floor":9.0,"key":"Turnip"},{"floor":12.0,"key":"Dream Catcher"},{"floor":14.0,"key":"Letter Opener"},{"floor":25.0,"key":"Art of War"},{"floor":26.0,"key":"Ornamental Fan"},{"floor":30,"key":"Vajra"}],"event_choices":[{"damage_healed":0.0,"max_hp_gain":0.0,"max_hp_loss":0.0,"gold_gain":0.0,"event_name":"Living Wall","player_choice":"Grow","floor":3.0,"gold_loss":0.0,"damage_taken":0.0,"cards_upgraded":["Bash"]},{"damage_healed":0.0,"max_hp_gain":0.0,"max_hp_loss":0.0,"gold_gain":65.0,"event_name":"Golden Wing","player_choice":"Gained Gold","floor":4.0,"gold_loss":0.0,"damage_taken":0.0},{"damage_healed":0.0,"max_hp_gain":0.0,"max_hp_loss":0.0,"gold_gain":0.0,"event_name":"Golden Idol","player_choice":"Take Wound","floor":5.0,"gold_loss":0.0,"damage_taken":0.0,"relics_obtained":["Golden Idol"],"cards_obtained":["Injury"]},{"damage_healed":0.0,"max_hp_gain":0.0,"max_hp_loss":0.0,"gold_gain":0.0,"event_name":"Upgrade Shrine","player_choice":"Upgraded","floor":11.0,"gold_loss":0.0,"damage_taken":0.0,"cards_upgraded":["Cleave"]},{"damage_healed":0.0,"max_hp_gain":0.0,"max_hp_loss":0.0,"gold_gain":0.0,"event_name":"Back to Basics","player_choice":"Simplicity","floor":19.0,"gold_loss":0.0,"damage_taken":0.0,"cards_upgraded":["Strike_R","Strike_R","Strike_R","Strike_R","Strike_R","Defend_R","Defend_R","Defend_R"]},{"damage_healed":0.0,"max_hp_gain":0.0,"max_hp_loss":0.0,"gold_gain":0.0,"event_name":"The Mausoleum","player_choice":"Opened","floor":20.0,"gold_loss":0.0,"damage_taken":0.0,"relics_obtained":["MawBank"],"cards_obtained":["Writhe"]},{"damage_healed":0.0,"max_hp_gain":0.0,"max_hp_loss":0.0,"gold_gain":0.0,"event_name":"Vampires","player_choice":"Ignored","floor":21.0,"gold_loss":0.0,"damage_taken":0.0}],"is_beta":false,"boss_relics":[{"not_picked":["Ectoplasm","Sozu"],"picked":"Velvet Choker"}],"items_purged_floors":[7,22],"is_endless":false,"potions_floor_spawned":[2,8,12,16,27,28,29],"killed_by":"Collector","ascension_level":17}