{"gold_per_floor":[115,115,115,75,0,0,20,20,20,20,54,54,54,89,89,213,213,233,257,27,50,50,50,73,73,98,98,98,98],"floor_reached":29,"playtime":1059,"items_purged":[],"score":286,"play_id":"930f63c9-0412-47e3-a7e9-fe7054b81eee","local_time":"20190423150344","is_ascension_mode":true,"campfire_choices":[{"data":"Noxious Fumes","floor":6,"key":"SMITH"},{"data":"Dagger Spray","floor":8,"key":"SMITH"},{"data":"Finesse","floor":10,"key":"SMITH"},{"data":"Neutralize","floor":12,"key":"SMITH"},{"floor":15,"key":"REST"},{"floor":23,"key":"REST"},{"data":"Noxious Fumes","floor":25,"key":"SMITH"},{"data":"Escape Plan","floor":28,"key":"SMITH"}],"neow_cost":"NONE","seed_source_timestamp":1182644166875600,"circlet_count":0,"master_deck":["Defend_G","Defend_G","Defend_G","Defend_G","Defend_G","Strike_G","Strike_G","Strike_G","Strike_G","Survivor+1","Neutralize+1","Finesse+1","Dagger Spray+1","Masterful Stab","Noxious Fumes+1","Poisoned Stab","Dash","Corpse Explosion+1","Blur","Footwork","Escape Plan+1","Noxious Fumes+1","Ghostly","Ghostly","Ghostly","Ghostly","Ghostly"],"relics":["Ring of the Snake","Golden Idol","Potion Belt","Vajra","Runic Dome","War Paint","Juzu Bracelet"],"potions_floor_usage":[14,21,21],"damage_taken":[{"damage":1,"enemies":"Cultist","floor":1,"turns":4},{"damage":0,"enemies":"Small Slimes","floor":7,"turns":2},{"damage":32,"enemies":"Gremlin Nob","floor":11,"turns":4},{"damage":20,"enemies":"Lagavulin","floor":14,"turns":5},{"damage":3,"enemies":"Hexaghost","floor":16,"turns":9},{"damage":18,"enemies":"Chosen","floor":18,"turns":5},{"damage":16,"enemies":"Spheric Guardian","floor":19,"turns":5},{"damage":11,"enemies":"Cultist and Chosen","floor":21,"turns":6},{"damage":22,"enemies":"Snake Plant","floor":24,"turns":5},{"damage":22,"enemies":"Gremlin Leader","floor":29,"turns":1}],"seed_played":"3227253299670602207","potions_obtained":[{"floor":7,"key":"Dexterity Potion"},{"floor":16,"key":"GamblersBrew"},{"floor":18,"key":"Explosive Potion"},{"floor":19,"key":"Explosive Potion"}],"is_trial":false,"path_per_floor":["M","?","?","$","$","R","M","R","T","R","E","R","?","E","R","B",null,"M","M","$","M","$","R","M","R","T","?","R","E"],"character_chosen":"THE_SILENT","items_purchased":["Masterful Stab","Noxious Fumes","War Paint","Footwork"],"campfire_rested":2,"item_purchase_floors":[4,5,20,20],"current_hp_per_floor":[69,69,65,65,65,65,65,65,65,65,33,33,33,13,32,29,65,47,31,31,20,20,39,17,17,17,17,17,0],"gold":98,"neow_bonus":"RANDOM_COLORLESS","is_prod":false,"is_daily":false,"chose_seed":false,"campfire_upgraded":6,"win_rate":0,"timestamp":1556024624,"path_taken":["M","?","?","?","$","R","M","R","T","R","E","R","?","E","R","BOSS","M","M","$","M","$","R","M","R","T","?","R","E"],"build_version":"2019-01-23","purchased_purges":0,"victory":false,"max_hp_per_floor":[70,70,65,65,65,65,65,65,65,65,65,65,65,65,65,65,65,65,65,65,65,65,65,65,65,65,32,32,32],"card_choices":[{"not_picked":["Backflip","Accuracy"],"picked":"Dagger Spray","floor":1},{"not_picked":["Infinite Blades","PiercingWail"],"picked":"Poisoned Stab","floor":7},{"not_picked":["Die Die Die","Phantasmal Killer"],"picked":"Dash","floor":11},{"not_picked":["Deadly Poison","Poisoned Stab","Distraction"],"picked":"SKIP","floor":14},{"not_picked":["Envenom","Doppelganger"],"picked":"Corpse Explosion","floor":16},{"not_picked":["Underhanded Strike","Bouncing Flask+1"],"picked":"Blur","floor":18},{"not_picked":["Backstab","PiercingWail+1","Quick Slash+1"],"picked":"SKIP","floor":19},{"not_picked":["Prepared","Deadly Poison"],"picked":"Escape Plan","floor":21},{"not_picked":["Expertise+1","Quick Slash+1"],"picked":"Noxious Fumes","floor":24}],"player_experience":627755,"relics_obtained":[{"floor":11,"key":"Potion Belt"},{"floor":14,"key":"Vajra"},{"floor":26,"key":"Juzu Bracelet"}],"event_choices":[{"damage_healed":0,"gold_gain":0,"player_choice":"Leave","damage_taken":0,"max_hp_gain":0,"max_hp_loss":0,"event_name":"The Cleric","floor":2,"gold_loss":0},{"damage_healed":0,"gold_gain":0,"player_choice":"Lose Max HP","damage_taken":0,"relics_obtained":["Golden Idol"],"max_hp_gain":0,"max_hp_loss":5,"event_name":"Golden Idol","floor":3,"gold_loss":0},{"cards_removed":["Strike_G"],"damage_healed":0,"gold_gain":0,"player_choice":"Forget","damage_taken":0,"max_hp_gain":0,"max_hp_loss":0,"event_name":"Living Wall","floor":13,"gold_loss":0},{"damage_healed":0,"gold_gain":0,"player_choice":"Became a Ghost","damage_taken":0,"max_hp_gain":0,"max_hp_loss":33,"event_name":"Ghosts","floor":27,"gold_loss":0,"cards_obtained":["Ghostly","Ghostly","Ghostly","Ghostly","Ghostly"]}],"is_beta":false,"boss_relics":[{"not_picked":["Philosopher\u0027s Stone","Busted Crown"],"picked":"Runic Dome"}],"items_purged_floors":[],"is_endless":false,"potions_floor_spawned":[7,16,18,19],"killed_by":"Gremlin Leader","ascension_level":3}