{"gold_per_floor":[118,130,140,140,5,5,35,51,124,154,154,166,166,166],"floor_reached":14,"playtime":344,"items_purged":[],"score":117,"play_id":"153bab85-bbe9-4b63-8444-1a4bc4f5ebf1","local_time":"20190414130456","is_ascension_mode":true,"campfire_choices":[{"data":"Zap","floor":6,"key":"SMITH"},{"floor":11,"key":"REST"}],"neow_cost":"NONE","seed_source_timestamp":413213730620051,"circlet_count":0,"master_deck":["Strike_B","Strike_B","Strike_B","Strike_B","Defend_B","Defend_B","Defend_B","Defend_B","Zap+1","Dualcast","Sweeping Beam","Turbo","FTL","Thunder Strike","Redo","Tempest+1","Rebound","Redo"],"relics":["Cracked Core","NeowsBlessing","Centennial Puzzle","StoneCalendar"],"potions_floor_usage":[3,4,10],"damage_taken":[{"damage":0,"enemies":"Small Slimes","floor":1,"turns":1},{"damage":0,"enemies":"Cultist","floor":2,"turns":1},{"damage":0,"enemies":"2 Louse","floor":3,"turns":1},{"damage":0,"enemies":"2 Fungi Beasts","floor":4,"turns":1},{"damage":43,"enemies":"Gremlin Nob","floor":7,"turns":4},{"damage":8,"enemies":"Blue Slaver","floor":8,"turns":2},{"damage":20,"enemies":"3 Sentries","floor":10,"turns":4},{"damage":6,"enemies":"Exordium Wildlife","floor":12,"turns":3},{"damage":20,"enemies":"Gremlin Gang","floor":14,"turns":1}],"seed_played":"7114913977923020149","potions_obtained":[{"floor":2,"key":"AttackPotion"},{"floor":3,"key":"SmokeBomb"},{"floor":8,"key":"SpeedPotion"}],"is_trial":false,"path_per_floor":["M","M","M","M","$","R","E","M","T","E","R","M","?","M"],"character_chosen":"DEFECT","items_purchased":["Thunder Strike"],"campfire_rested":1,"item_purchase_floors":[5],"current_hp_per_floor":[75,75,75,75,75,75,32,24,24,4,26,20,20,0],"gold":166,"neow_bonus":"THREE_ENEMY_KILL","is_prod":false,"is_daily":false,"chose_seed":false,"campfire_upgraded":1,"win_rate":0,"timestamp":1555272296,"path_taken":["M","M","M","M","$","R","E","M","T","E","R","M","?","?"],"build_version":"2019-01-23","purchased_purges":0,"victory":false,"max_hp_per_floor":[75,75,75,75,75,75,75,75,75,75,75,75,75,75],"card_choices":[{"not_picked":["Blizzard","Gash"],"picked":"Sweeping Beam","floor":1},{"not_picked":["Barrage","Steam Power"],"picked":"Turbo","floor":2},{"not_picked":["Glacier","Compile Driver"],"picked":"FTL","floor":3},{"not_picked":["Beam Cell","Sweeping Beam"],"picked":"Redo","floor":7},{"not_picked":["Hologram","Hyperbeam"],"picked":"Tempest","floor":8},{"not_picked":["Conserve Battery","Stack"],"picked":"Rebound","floor":10},{"not_picked":["Hello World","Hologram"],"picked":"Redo","floor":12}],"player_experience":422274,"relics_obtained":[{"floor":7,"key":"Centennial Puzzle"},{"floor":10,"key":"StoneCalendar"}],"event_choices":[{"damage_healed":0,"gold_gain":0,"player_choice":"Upgraded","damage_taken":0,"max_hp_gain":0,"max_hp_loss":0,"event_name":"Upgrade Shrine","floor":13,"gold_loss":0,"cards_upgraded":["Tempest"]}],"is_beta":false,"boss_relics":[],"items_purged_floors":[],"is_endless":false,"potions_floor_spawned":[2,3,4,8],"killed_by":"Gremlin Gang","ascension_level":3}