{"gold_per_floor":[112,112,123,191,206,231,231,263,263,263,288,306,306,324,324,420,420,439,113,113,63,25,25],"floor_reached":23,"playtime":857,"items_purged":["Strike_R"],"score":331,"play_id":"635cf983-45fb-4aa9-a39f-d5692cd165af","local_time":"20190408083407","is_ascension_mode":true,"campfire_choices":[{"data":"Uppercut","floor":7,"key":"SMITH"},{"data":"Bash","floor":10,"key":"SMITH"},{"floor":13,"key":"REST"},{"data":"Iron Wave","floor":15,"key":"SMITH"}],"neow_cost":"NONE","seed_source_timestamp":175443124482633,"circlet_count":0,"master_deck":["AscendersBane","Strike_R","Strike_R","Strike_R","Defend_R","Defend_R","Defend_R+1","Defend_R","Bash+1","Clothesline+1","Twin Strike","Uppercut+1","Iron Wave","Impervious","Dropkick","Iron Wave+1","Bludgeon","Feel No Pain+1","Warcry","Dropkick","True Grit","Cleave","Metallicize+1","Inflame+1","Pummel"],"relics":["Burning Blood","Frozen Egg 2","Ancient Tea Set","Smiling Mask","Self Forming Clay","Meat on the Bone","Orrery","Brimstone"],"potions_floor_usage":[6],"damage_taken":[{"damage":10,"enemies":"Small Slimes","floor":1,"turns":6},{"damage":4,"enemies":"Jaw Worm","floor":3,"turns":4},{"damage":0,"enemies":"Cultist","floor":5,"turns":4},{"damage":17,"enemies":"Lagavulin","floor":6,"turns":6},{"damage":9,"enemies":"Gremlin Nob","floor":8,"turns":4},{"damage":40,"enemies":"3 Sentries","floor":11,"turns":10},{"damage":3,"enemies":"3 Louse","floor":12,"turns":5},{"damage":5,"enemies":"2 Fungi Beasts","floor":14,"turns":3},{"damage":21,"enemies":"The Guardian","floor":16,"turns":14},{"damage":19,"enemies":"2 Thieves","floor":18,"turns":5},{"damage":91,"enemies":"Gremlin Leader","floor":23,"turns":4}],"seed_played":"4994764435951236005","potions_obtained":[{"floor":1,"key":"SteroidPotion"},{"floor":5,"key":"PowerPotion"},{"floor":16,"key":"BloodPotion"},{"floor":18,"key":"FairyPotion"}],"is_trial":false,"path_per_floor":["M","?","M","T","M","E","R","E","T","R","E","M","R","M","R","B",null,"M","$","?","?","$","E"],"character_chosen":"IRONCLAD","items_purchased":["Inflame+1","Brimstone","Pummel"],"campfire_rested":1,"item_purchase_floors":[19,19,22],"current_hp_per_floor":[68,52,54,54,60,49,49,46,46,46,12,27,51,52,52,49,72,59,59,59,59,59,0],"gold":25,"neow_bonus":"REMOVE_CARD","is_prod":false,"is_daily":false,"chose_seed":false,"campfire_upgraded":3,"win_rate":0,"timestamp":1554737647,"path_taken":["M","?","M","?","M","E","R","E","T","R","E","M","R","M","R","BOSS","M","$","?","?","$","E"],"build_version":"2019-01-23","purchased_purges":1,"victory":false,"max_hp_per_floor":[80,80,80,80,80,80,80,80,80,80,80,80,80,80,80,80,80,80,80,80,80,80,80],"card_choices":[{"not_picked":["Fire Breathing","Searing Blow"],"picked":"Clothesline","floor":1},{"not_picked":["Iron Wave","Clothesline"],"picked":"Twin Strike","floor":3},{"not_picked":["Clash","Pommel Strike"],"picked":"Uppercut","floor":5},{"not_picked":["Pommel Strike","Clash"],"picked":"Iron Wave","floor":6},{"not_picked":["Second Wind","Cleave"],"picked":"Impervious","floor":8},{"not_picked":["Battle Trance","Anger"],"picked":"Dropkick","floor":11},{"not_picked":["Searing Blow","Power Through"],"picked":"Iron Wave","floor":12},{"not_picked":["Reckless Charge","Searing Blow","Body Slam"],"picked":"SKIP","floor":14},{"not_picked":["Juggernaut+1","Barricade+1"],"picked":"Bludgeon","floor":16},{"not_picked":["Reckless Charge","Dark Embrace+1"],"picked":"Feel No Pain+1","floor":17},{"not_picked":["Sword Boomerang","Rampage"],"picked":"Warcry","floor":17},{"not_picked":["Flex","Wild Strike"],"picked":"Dropkick","floor":17},{"not_picked":["Havoc","Clothesline"],"picked":"True Grit","floor":17},{"not_picked":["Iron Wave","Ghostly Armor"],"picked":"Cleave","floor":17},{"not_picked":["Headbutt","Anger"],"picked":"Metallicize+1","floor":18}],"player_experience":387962,"relics_obtained":[{"floor":4,"key":"Frozen Egg 2"},{"floor":6,"key":"Ancient Tea Set"},{"floor":8,"key":"Smiling Mask"},{"floor":9,"key":"Self Forming Clay"},{"floor":11,"key":"Meat on the Bone"}],"event_choices":[{"damage_healed":0,"gold_gain":0,"player_choice":"Entered Light","damage_taken":16,"max_hp_gain":0,"max_hp_loss":0,"event_name":"Shining Light","floor":2,"gold_loss":0,"cards_upgraded":["Clothesline","Defend_R"]},{"damage_healed":0,"gold_gain":0,"player_choice":"Ignored","damage_taken":0,"max_hp_gain":0,"max_hp_loss":0,"event_name":"The Mausoleum","floor":20,"gold_loss":0},{"damage_healed":0,"gold_gain":0,"player_choice":"Bet on Murderer","damage_taken":0,"max_hp_gain":0,"max_hp_loss":0,"event_name":"The Joust","floor":21,"gold_loss":50}],"is_beta":false,"boss_relics":[{"not_picked":["Ectoplasm","Runic Cube"],"picked":"Orrery"}],"items_purged_floors":[19],"is_endless":false,"potions_floor_spawned":[1,5,16,18],"killed_by":"Gremlin Leader","ascension_level":12}