{"gold_per_floor":[111,189,189,207,96,96,124,124,124,124,140,165,184,222,222,341,341,359,382,382,432,453,496,539,539,539,294,294,335,80,40,40,165,165,184,207,207,207,57,57,18,54,54,54,69,19,42,56,56,56],"floor_reached":51,"playtime":3796,"items_purged":["Defend_B","Strike_B","Strike_B","Defend_B","Strike_B"],"score":788,"play_id":"f5585944-8f7a-42d1-a4d6-f676fbcb75c6","local_time":"20190402140602","is_ascension_mode":true,"campfire_choices":[{"data":"Defragment","floor":6.0,"key":"SMITH"},{"data":"Zap","floor":10.0,"key":"SMITH"},{"data":"Barrage","floor":15.0,"key":"SMITH"},{"floor":25.0,"key":"REST"},{"data":"Blizzard","floor":28.0,"key":"SMITH"},{"data":"Dualcast","floor":32.0,"key":"SMITH"},{"data":"Capacitor","floor":40,"key":"SMITH"},{"floor":49,"key":"REST"}],"neow_cost":"NONE","seed_source_timestamp":9476062771637,"circlet_count":0,"master_deck":["Defend_B","Zap+1","Dualcast+1","Steam","Capacitor+1","Undo+1","Defragment+1","Hologram+1","Coolheaded+1","Stack+1","Barrage+1","Creative AI+1","Heatsinks+1","Cold Snap","Conserve Battery+1","Hologram+1","White Noise+1","Ball Lightning+1","Blizzard+1","Multi-Cast+1","Hello World+1","Glacier+1","Ball Lightning+1","Machine Learning+1","Self Repair+1","Barrage+1","Defragment+1","Barrage+1","Master of Strategy+1","Leap+1","Beam Cell+1","Capacitor+1"],"special_seed":0,"relics":["Cracked Core","Toxic Egg 2","Pocketwatch","Golden Idol","Mercury Hourglass","Dream Catcher","Frozen Egg 2","Nuclear Battery","Red Mask","Ginger","Pear","Bag of Marbles","Philosopher\u0027s Stone","Vajra","Smiling Mask"],"potions_floor_usage":[42,47,50],"damage_taken":[{"damage":0.0,"enemies":"Cultist","floor":1.0,"turns":3.0},{"damage":4.0,"enemies":"Jaw Worm","floor":4.0,"turns":4.0},{"damage":24.0,"enemies":"Gremlin Nob","floor":7.0,"turns":5.0},{"damage":5.0,"enemies":"2 Louse","floor":11.0,"turns":2.0},{"damage":0.0,"enemies":"Exordium Wildlife","floor":13.0,"turns":2.0},{"damage":0.0,"enemies":"Lagavulin","floor":14.0,"turns":5.0},{"damage":7.0,"enemies":"Hexaghost","floor":16.0,"turns":9.0},{"damage":3.0,"enemies":"Chosen","floor":18.0,"turns":4.0},{"damage":11.0,"enemies":"Spheric Guardian","floor":19.0,"turns":4.0},{"damage":8.0,"enemies":"Snecko","floor":22.0,"turns":8.0},{"damage":5.0,"enemies":"Masked Bandits","floor":23.0,"turns":4.0},{"damage":6.0,"enemies":"Book of Stabbing","floor":24.0,"turns":8.0},{"damage":15.0,"enemies":"Slavers","floor":29.0,"turns":6.0},{"damage":18.0,"enemies":"Champ","floor":33.0,"turns":10.0},{"damage":0,"enemies":"3 Darklings","floor":35,"turns":1},{"damage":0,"enemies":"3 Shapes","floor":36,"turns":3},{"damage":72,"enemies":"Reptomancer","floor":42,"turns":5},{"damage":0,"enemies":"Maw","floor":45,"turns":6},{"damage":23,"enemies":"Jaw Worm Horde","floor":47,"turns":3},{"damage":2,"enemies":"Sphere and 2 Shapes","floor":48,"turns":4},{"damage":33,"enemies":"Time Eater","floor":50,"turns":11}],"seed_played":"-4432606579280343723","potions_obtained":[{"floor":3.0,"key":"FearPotion"},{"floor":3.0,"key":"Fruit Juice"},{"floor":3.0,"key":"Swift Potion"},{"floor":4.0,"key":"EssenceOfSteel"},{"floor":7.0,"key":"SpeedPotion"},{"floor":16.0,"key":"Explosive Potion"},{"floor":19.0,"key":"SpeedPotion"},{"floor":23.0,"key":"Swift Potion"},{"floor":29.0,"key":"GamblersBrew"},{"floor":45,"key":"Weak Potion"},{"floor":48,"key":"EssenceOfSteel"}],"is_trial":false,"path_per_floor":["M","T","?","M","$","R","E","?","T","R","M","T","M","E","R","B",null,"M","M","?","?","M","?","E","R","T","$","R","E","$","?","R","B",null,"M","M","?","?","$","R","$","E","T","?","M","$","M","M","R","B",null],"character_chosen":"DEFECT","items_purchased":["Defragment","Blizzard","Multi-Cast+1","Glacier+1","Ball Lightning","Defragment+1"],"campfire_rested":2,"item_purchase_floors":[5,27,27,30,30,41],"current_hp_per_floor":[75,75,75,71,71,71,52,52,52,52,47,47,47,47,47,40,74,71,60,60,60,52,47,41,63,73,73,73,58,58,58,58,40,84,84,84,84,84,84,84,84,22,22,22,32,32,9,17,42,9],"gold":56,"neow_bonus":"TRANSFORM_CARD","is_prod":false,"is_daily":false,"chose_seed":false,"campfire_upgraded":6,"win_rate":0,"timestamp":1554206762,"path_taken":["M","?","?","?","$","R","E","?","T","R","M","?","M","E","R","BOSS","M","M","?","?","?","?","E","R","T","$","R","E","$","?","R","BOSS","M","?","?","?","?","R","$","E","T","?","M","$","M","M","R","BOSS"],"build_version":"2019-01-23","purchased_purges":5,"victory":true,"max_hp_per_floor":[75,75,75,75,75,75,80,74,74,74,74,74,74,74,74,74,74,74,74,74,74,74,74,74,74,84,84,84,84,84,84,84,84,84,84,84,84,84,84,84,84,84,84,84,84,84,84,84,84,84],"card_choices":[{"not_picked":["Stack","Redo"],"picked":"Capacitor","floor":1.0},{"not_picked":["Auto Shields+1","Storm"],"picked":"Undo+1","floor":4.0},{"not_picked":["Rebound","Redo+1"],"picked":"Hologram+1","floor":7.0},{"not_picked":["Beam Cell","Gash"],"picked":"Coolheaded+1","floor":11.0},{"not_picked":["Rebound","Force Field+1"],"picked":"Stack+1","floor":13.0},{"not_picked":["Stack+1","Meteor Strike"],"picked":"Barrage","floor":14.0},{"not_picked":["Biased Cognition+1","Reboot+1"],"picked":"Creative AI+1","floor":16.0},{"not_picked":["Go for the Eyes","Sunder"],"picked":"Heatsinks+1","floor":18.0},{"not_picked":["Conserve Battery+1","Beam Cell"],"picked":"Cold Snap","floor":19.0},{"not_picked":["Coolheaded+1","Genetic Algorithm+1"],"picked":"Conserve Battery+1","floor":22.0},{"not_picked":["Compile Driver","Steam+1"],"picked":"Hologram+1","floor":23.0},{"not_picked":["Redo+1","Conserve Battery+1"],"picked":"White Noise+1","floor":24.0},{"not_picked":["Lockon","Darkness+1"],"picked":"Ball Lightning+1","floor":25.0},{"not_picked":["Reinforced Body+1","Sunder"],"picked":"Hello World+1","floor":29.0},{"not_picked":["Seek+1","Hyperbeam"],"picked":"Machine Learning+1","floor":33.0},{"not_picked":["Conserve Battery+1","Rip and Tear+1"],"picked":"Self Repair+1","floor":35},{"not_picked":["Hello World+1","Steam+1"],"picked":"Barrage+1","floor":36},{"not_picked":["Streamline+1","Skim+1"],"picked":"Barrage+1","floor":42},{"not_picked":["Mind Blast","PanicButton+1"],"picked":"Master of Strategy+1","floor":44},{"not_picked":["Barrage","Stack+1"],"picked":"Leap+1","floor":45},{"not_picked":["Ball Lightning","Self Repair+1"],"picked":"Beam Cell+1","floor":47},{"not_picked":["Turbo+1","Sweeping Beam","Barrage"],"picked":"SKIP","floor":48},{"not_picked":["Leap+1","Force Field+1"],"picked":"Capacitor+1","floor":49}],"player_experience":222125,"relics_obtained":[{"floor":2.0,"key":"Toxic Egg 2"},{"floor":7.0,"key":"Pocketwatch"},{"floor":9.0,"key":"Mercury Hourglass"},{"floor":12.0,"key":"Dream Catcher"},{"floor":14.0,"key":"Frozen Egg 2"},{"floor":23.0,"key":"Red Mask"},{"floor":24.0,"key":"Ginger"},{"floor":26.0,"key":"Pear"},{"floor":29.0,"key":"Bag of Marbles"},{"floor":42,"key":"Vajra"},{"floor":43,"key":"Smiling Mask"}],"event_choices":[{"damage_healed":0.0,"max_hp_gain":0.0,"max_hp_loss":0.0,"gold_gain":0.0,"event_name":"Lab","player_choice":"Got Potions","floor":3.0,"gold_loss":0.0,"damage_taken":0.0},{"damage_healed":0.0,"max_hp_gain":0.0,"max_hp_loss":6.0,"gold_gain":0.0,"event_name":"Golden Idol","player_choice":"Lose Max HP","floor":8.0,"gold_loss":0.0,"damage_taken":0.0,"relics_obtained":["Golden Idol"]},{"damage_healed":0.0,"max_hp_gain":0.0,"max_hp_loss":0.0,"gold_gain":0.0,"event_name":"Ghosts","player_choice":"Ignored","floor":20.0,"gold_loss":0.0,"damage_taken":0.0},{"damage_healed":0.0,"max_hp_gain":0.0,"max_hp_loss":0.0,"gold_gain":100.0,"event_name":"The Joust","player_choice":"Bet on Murderer","floor":21.0,"gold_loss":50.0,"damage_taken":0.0},{"damage_healed":0.0,"max_hp_gain":0.0,"max_hp_loss":0.0,"gold_gain":0.0,"event_name":"Masked Bandits","player_choice":"Fought Bandits","floor":23.0,"gold_loss":0.0,"damage_taken":0.0},{"damage_healed":0.0,"max_hp_gain":0.0,"max_hp_loss":0.0,"gold_gain":0.0,"event_name":"Designer","player_choice":"Upgrade","floor":31.0,"gold_loss":40.0,"damage_taken":0.0,"cards_upgraded":["Ball Lightning"]},{"damage_healed":0,"gold_gain":0,"player_choice":"Ignored","damage_taken":0,"max_hp_gain":0,"max_hp_loss":0,"event_name":"Mysterious Sphere","floor":37,"gold_loss":0},{"cards_removed":["Defend_B"],"damage_healed":0,"gold_gain":0,"player_choice":"Removed Skill","damage_taken":0,"max_hp_gain":0,"max_hp_loss":0,"event_name":"Falling","floor":38,"gold_loss":0},{"damage_healed":0,"gold_gain":0,"player_choice":"Memory 1","damage_taken":0,"max_hp_gain":0,"max_hp_loss":0,"event_name":"SensoryStone","floor":44,"gold_loss":0}],"is_beta":false,"boss_relics":[{"not_picked":["Black Star","Runic Dome"],"picked":"Nuclear Battery"},{"not_picked":["Astrolabe","Coffee Dripper"],"picked":"Philosopher\u0027s Stone"}],"items_purged_floors":[5,27,30,39,46],"is_endless":false,"potions_floor_spawned":[4,7,16,19,23,29,45,48],"ascension_level":2}