{"gold_per_floor":[110,128,128,128,128,169,169,14,14,57,75,114,114,133,133,263,263,278,278,278,278,291,291],"floor_reached":23,"playtime":958,"items_purged":["Strike_B"],"score":267,"play_id":"a6d011a0-1b92-46e3-a890-da4577c3252b","local_time":"20190404192207","is_ascension_mode":true,"campfire_choices":[{"data":"Zap","floor":7,"key":"SMITH"},{"data":"Buffer","floor":13,"key":"SMITH"},{"floor":15,"key":"REST"}],"neow_cost":"NONE","seed_source_timestamp":35037810736175,"circlet_count":0,"master_deck":["Zap+1","Dualcast","Genetic Algorithm+1","Sunder","Cold Snap","Loop","Buffer+1","Barrage","Sweeping Beam","Leap","Rainbow","Steam","Beam Cell","Rainbow","Storm","Redo+1","RitualDagger","Auto Shields","Storm","Conserve Battery"],"relics":["Cracked Core","NeowsBlessing","Golden Idol","Bottled Lightning","Ancient Tea Set","Bird Faced Urn","Boot","Pandora\u0027s Box"],"potions_floor_usage":[14,16],"damage_taken":[{"damage":0,"enemies":"Small Slimes","floor":1,"turns":1},{"damage":0,"enemies":"2 Louse","floor":2,"turns":1},{"damage":0,"enemies":"Gremlin Nob","floor":6,"turns":1},{"damage":27,"enemies":"Lagavulin","floor":10,"turns":7},{"damage":0,"enemies":"Cultist","floor":11,"turns":3},{"damage":14,"enemies":"Gremlin Nob","floor":12,"turns":5},{"damage":7,"enemies":"3 Louse","floor":14,"turns":3},{"damage":31,"enemies":"Slime Boss","floor":16,"turns":15},{"damage":14,"enemies":"2 Thieves","floor":18,"turns":4},{"damage":15,"enemies":"Spheric Guardian","floor":22,"turns":4},{"damage":54,"enemies":"Gremlin Leader","floor":23,"turns":8}],"seed_played":"1582205974411528313","potions_obtained":[{"floor":1,"key":"GamblersBrew"},{"floor":11,"key":"SpeedPotion"},{"floor":12,"key":"Regen Potion"},{"floor":14,"key":"Ancient Potion"}],"is_trial":false,"path_per_floor":["M","M","?","?","?","E","R","$","T","E","M","E","R","M","R","B",null,"M","?","?","?","M","E"],"character_chosen":"DEFECT","items_purchased":["Loop"],"campfire_rested":1,"item_purchase_floors":[8],"current_hp_per_floor":[75,75,69,69,69,69,69,69,69,42,42,30,30,36,56,29,69,55,55,49,49,38,0],"gold":291,"neow_bonus":"THREE_ENEMY_KILL","is_prod":false,"is_daily":false,"chose_seed":false,"campfire_upgraded":2,"win_rate":0,"timestamp":1554398527,"path_taken":["M","M","?","?","?","E","R","$","T","E","M","E","R","?","R","BOSS","M","?","?","?","M","E"],"build_version":"2019-01-23","purchased_purges":1,"victory":false,"max_hp_per_floor":[75,75,69,69,69,69,69,69,69,69,69,69,69,69,69,69,69,69,69,69,69,69,69],"card_choices":[{"not_picked":["Steam","Conserve Battery"],"picked":"Genetic Algorithm","floor":1},{"not_picked":["Barrage","Rebound"],"picked":"Sunder","floor":2},{"not_picked":["Turbo","FTL"],"picked":"Cold Snap","floor":6},{"not_picked":["Rebound","Stack"],"picked":"Buffer","floor":10},{"not_picked":["Stack","Rebound"],"picked":"Barrage","floor":11},{"not_picked":["Blizzard","Storm"],"picked":"Sweeping Beam","floor":12},{"not_picked":["Go for the Eyes","Blizzard"],"picked":"Leap","floor":14},{"not_picked":["Hyperbeam","All For One"],"picked":"Rainbow","floor":16},{"not_picked":["Recycle","Stack"],"picked":"Redo+1","floor":18},{"not_picked":["Streamline","Reinforced Body+1"],"picked":"Conserve Battery","floor":22}],"player_experience":235486,"relics_obtained":[{"floor":6,"key":"Bottled Lightning"},{"floor":9,"key":"Ancient Tea Set"},{"floor":10,"key":"Bird Faced Urn"},{"floor":12,"key":"Boot"}],"event_choices":[{"damage_healed":0,"gold_gain":0,"player_choice":"Lose Max HP","damage_taken":0,"relics_obtained":["Golden Idol"],"max_hp_gain":0,"max_hp_loss":6,"event_name":"Golden Idol","floor":3,"gold_loss":0},{"damage_healed":0,"gold_gain":0,"player_choice":"Grow","damage_taken":0,"max_hp_gain":0,"max_hp_loss":0,"event_name":"Living Wall","floor":4,"gold_loss":0,"cards_upgraded":["Genetic Algorithm"]},{"cards_removed":["Strike_B"],"damage_healed":0,"gold_gain":0,"player_choice":"Purged","damage_taken":0,"max_hp_gain":0,"max_hp_loss":0,"event_name":"Purifier","floor":5,"gold_loss":0},{"damage_healed":0,"gold_gain":0,"player_choice":"Ignored","damage_taken":0,"max_hp_gain":0,"max_hp_loss":0,"event_name":"Ghosts","floor":19,"gold_loss":0},{"damage_healed":0,"gold_gain":0,"player_choice":"Joined the Cult","damage_taken":6,"max_hp_gain":0,"max_hp_loss":0,"event_name":"Nest","floor":20,"gold_loss":0,"cards_obtained":["RitualDagger"]},{"damage_healed":0,"gold_gain":0,"cards_transformed":["Storm","Beam Cell"],"player_choice":"Became Test Subject","damage_taken":0,"max_hp_gain":0,"max_hp_loss":0,"event_name":"Drug Dealer","floor":21,"gold_loss":0,"cards_obtained":["Auto Shields","Storm"]}],"is_beta":false,"boss_relics":[{"not_picked":["Black Star","Tiny House"],"picked":"Pandora\u0027s Box"}],"items_purged_floors":[8],"is_endless":false,"potions_floor_spawned":[1,11,12,14],"killed_by":"Gremlin Leader","ascension_level":3}