{"gold_per_floor":[114,64,64,64,39,39,62,62,87,121,121,146,146,0,0,128,128,146,146,170,95,108,108,108,108,181,181,201,232,98,138,138,269,269,290,290,290,308,308,308,328,367,367,367,380,401,426,9,9,9],"floor_reached":51,"playtime":5643,"items_purged":["Strike_B","Defend_B","Strike_B"],"score":843,"play_id":"ac2f49cb-a13b-43f1-871f-024ce98bb42f","local_time":"20190316130846","is_ascension_mode":true,"campfire_choices":[{"floor":6,"key":"REST"},{"data":"Zap","floor":8,"key":"SMITH"},{"floor":11,"key":"REST"},{"data":"Dualcast","floor":15,"key":"SMITH"},{"floor":23,"key":"REST"},{"floor":25,"key":"REST"},{"floor":27,"key":"REST"},{"floor":32,"key":"REST"},{"floor":40,"key":"REST"},{"floor":44,"key":"REST"},{"data":"Barrage","floor":49,"key":"SMITH"}],"neow_cost":"PERCENT_DAMAGE","seed_source_timestamp":239483130454312,"circlet_count":0,"master_deck":["Strike_B","Defend_B","Defend_B","Zap+1","Dualcast+1","Leap+1","Barrage","Conserve Battery","Defragment+1","Echo Form+1","Gash","Loop+1","Barrage+1","Conserve Battery","BootSequence","Glacier","Buffer+1","Discovery","Loop+1","Glacier+1","Compile Driver+1","Ball Lightning+1","Parasite","Barrage+1"],"relics":["Cracked Core","Golden Idol","Bag of Marbles","FossilizedHelix","Frozen Egg 2","Inserter","Enchiridion","Pear","Shuriken","Darkstone Periapt","Snecko Eye","Molten Egg 2","Toxic Egg 2","Cables"],"potions_floor_usage":[16,22,22,29,31,41,42,42,46,46],"damage_taken":[{"damage":0,"enemies":"2 Louse","floor":1,"turns":2},{"damage":5,"enemies":"Small Slimes","floor":7,"turns":4},{"damage":30,"enemies":"Lagavulin","floor":10,"turns":8},{"damage":0,"enemies":"Jaw Worm","floor":12,"turns":3},{"damage":47,"enemies":"Slime Boss","floor":16,"turns":12},{"damage":8,"enemies":"Shell Parasite","floor":18,"turns":8},{"damage":5,"enemies":"Spheric Guardian","floor":20,"turns":5},{"damage":56,"enemies":"3 Cultists","floor":22,"turns":6},{"damage":16,"enemies":"Snake Plant","floor":28,"turns":3},{"damage":14,"enemies":"Gremlin Leader","floor":29,"turns":7},{"damage":47,"enemies":"Book of Stabbing","floor":31,"turns":6},{"damage":0,"enemies":"Champ","floor":33,"turns":11},{"damage":0,"enemies":"3 Darklings","floor":35,"turns":7},{"damage":39,"enemies":"3 Shapes","floor":38,"turns":6},{"damage":22,"enemies":"Sphere and 2 Shapes","floor":41,"turns":6},{"damage":14,"enemies":"Reptomancer","floor":42,"turns":7},{"damage":0,"enemies":"Maw","floor":45,"turns":7},{"damage":0,"enemies":"4 Shapes","floor":46,"turns":7},{"damage":6,"enemies":"Writhing Mass","floor":47,"turns":10},{"damage":59,"enemies":"Awakened One","floor":50,"turns":13}],"seed_played":"3119140453198797833","potions_obtained":[{"floor":1,"key":"GamblersBrew"},{"floor":12,"key":"PowerPotion"},{"floor":16,"key":"Weak Potion"},{"floor":20,"key":"Block Potion"},{"floor":22,"key":"Strength Potion"},{"floor":31,"key":"SteroidPotion"},{"floor":33,"key":"SkillPotion"},{"floor":38,"key":"Block Potion"},{"floor":42,"key":"Regen Potion"},{"floor":45,"key":"AttackPotion"}],"is_trial":false,"path_per_floor":["?","?","$","T","?","M","?","?","?","?","?","M"],"character_chosen":"DEFECT","items_purchased":["Barrage","Defragment+1","BootSequence","Cables","Barrage+1"],"campfire_rested":8,"item_purchase_floors":[5,14,30,48,48],"current_hp_per_floor":[68,68,46,46,46,72,67,67,67,37,63,63,63,63,63,16,89,81,81,76,76,20,46,30,56,66,95,79,65,65,18,47,47,99,99,94,89,50,50,78,56,42,42,70,70,85,85,85,85,26],"gold":9,"neow_bonus":"TWENTY_PERCENT_HP_BONUS","is_prod":false,"is_daily":false,"chose_seed":false,"campfire_upgraded":3,"win_rate":0,"timestamp":1552763326,"path_taken":["M","?","?","?","$","R","M","R","T","E","R","M","?","$","R","BOSS","M","?","?","?","M","R","?","R","T","R","M","E","$","E","R","BOSS","M","?","?","M","?","R","?","E","T","R","M","M","M","$","R","BOSS"],"build_version":"2019-01-23","purchased_purges":3,"victory":true,"max_hp_per_floor":[89,89,89,89,89,89,89,89,89,89,89,89,89,89,89,89,89,89,89,89,89,89,89,89,89,99,99,99,99,99,99,99,99,99,99,94,94,94,94,94,94,94,94,94,94,94,100,100,100,100],"card_choices":[{"not_picked":["Rip and Tear","Compile Driver"],"picked":"Leap","floor":1},{"not_picked":["Force Field","Streamline"],"picked":"Conserve Battery","floor":7},{"not_picked":["Hyperbeam","Turbo","Aggregate"],"picked":"SKIP","floor":10},{"not_picked":["Undo","Hologram","Sweeping Beam"],"picked":"SKIP","floor":12},{"not_picked":["Seek","Multi-Cast"],"picked":"Echo Form+1","floor":16},{"not_picked":["Aggregate","Beam Cell"],"picked":"Gash","floor":18},{"not_picked":["Barrage","Scrape"],"picked":"Loop+1","floor":20},{"not_picked":["Sweeping Beam+1","Fusion"],"picked":"Barrage","floor":22},{"not_picked":["Rip and Tear","Rebound+1"],"picked":"Conserve Battery","floor":28},{"not_picked":["Reprogram","Hello World+1","Doom and Gloom"],"picked":"SKIP","floor":29},{"not_picked":["Capacitor+1","Conserve Battery"],"picked":"Glacier","floor":31},{"not_picked":["Hyperbeam","Meteor Strike"],"picked":"Buffer+1","floor":33},{"not_picked":["Lockon+1","Melter","Auto Shields+1"],"picked":"SKIP","floor":35},{"not_picked":["Secret Weapon","Blind"],"picked":"Discovery","floor":37},{"not_picked":["Self Repair+1","Stack"],"picked":"Loop+1","floor":38},{"not_picked":["Skim+1","Conserve Battery"],"picked":"Glacier+1","floor":41},{"not_picked":["Conserve Battery","Stack+1"],"picked":"Compile Driver+1","floor":42},{"not_picked":["Biased Cognition+1","Sunder+1"],"picked":"Ball Lightning+1","floor":45},{"not_picked":["Go for the Eyes+1","Hologram+1","Beam Cell+1"],"picked":"SKIP","floor":46},{"not_picked":["Redo+1","Conserve Battery+1","Reprogram+1"],"picked":"SKIP","floor":47}],"player_experience":265033,"relics_obtained":[{"floor":9,"key":"Bag of Marbles"},{"floor":10,"key":"FossilizedHelix"},{"floor":13,"key":"Frozen Egg 2"},{"floor":24,"key":"Enchiridion"},{"floor":26,"key":"Pear"},{"floor":29,"key":"Shuriken"},{"floor":31,"key":"Darkstone Periapt"},{"floor":42,"key":"Molten Egg 2"},{"floor":43,"key":"Toxic Egg 2"}],"event_choices":[{"cards_removed":["Strike_B"],"damage_healed":0,"gold_gain":0,"player_choice":"Card Removal","damage_taken":0,"max_hp_gain":0,"max_hp_loss":0,"event_name":"The Cleric","floor":2,"gold_loss":50},{"damage_healed":0,"gold_gain":0,"player_choice":"Take Damage","damage_taken":22,"relics_obtained":["Golden Idol"],"max_hp_gain":0,"max_hp_loss":0,"event_name":"Golden Idol","floor":3,"gold_loss":0},{"damage_healed":0,"gold_gain":0,"player_choice":"Forge","damage_taken":0,"max_hp_gain":0,"max_hp_loss":0,"event_name":"Accursed Blacksmith","floor":19,"gold_loss":0,"cards_upgraded":["Leap"]},{"cards_removed":["Defend_B"],"damage_healed":0,"gold_gain":0,"player_choice":"Gave Gold","damage_taken":0,"max_hp_gain":0,"max_hp_loss":0,"event_name":"Beggar","floor":21,"gold_loss":75},{"damage_healed":0,"gold_gain":0,"player_choice":"Obtained Book","damage_taken":16,"max_hp_gain":0,"max_hp_loss":0,"event_name":"Cursed Tome","floor":24,"gold_loss":0},{"damage_healed":0,"gold_gain":0,"player_choice":"Max HP","damage_taken":0,"max_hp_gain":0,"max_hp_loss":5,"event_name":"Winding Halls","floor":36,"gold_loss":0},{"damage_healed":0,"gold_gain":0,"player_choice":"Memory 2","damage_taken":5,"max_hp_gain":0,"max_hp_loss":0,"event_name":"SensoryStone","floor":37,"gold_loss":0},{"damage_healed":0,"gold_gain":0,"player_choice":"Ignored","damage_taken":0,"max_hp_gain":0,"max_hp_loss":0,"event_name":"Tomb of Lord Red Mask","floor":39,"gold_loss":0}],"is_beta":false,"boss_relics":[{"not_picked":["Runic Dome","Nuclear Battery"],"picked":"Inserter"},{"not_picked":["White Beast Statue","Tiny House"],"picked":"Snecko Eye"}],"items_purged_floors":[14,30,48],"is_endless":false,"potions_floor_spawned":[1,12,16,20,22,31,33,38,42,45],"ascension_level":3}