{"gold_per_floor":[112,130,145,70,70,105,105,138,191,224,224,174,174,349,349,349],"floor_reached":16,"playtime":1168,"items_purged":["Strike_G"],"score":133,"play_id":"69b2f0b3-795b-4789-85eb-12cc0ba8dc09","local_time":"20181207002750","is_ascension_mode":true,"campfire_choices":[{"floor":7,"key":"REST"},{"data":"Choke","floor":11,"key":"SMITH"},{"data":"Blade Dance","floor":13,"key":"SMITH"},{"floor":15,"key":"REST"}],"neow_cost":"NONE","seed_source_timestamp":305546821771753,"circlet_count":0,"master_deck":["Defend_G","Defend_G","Defend_G","Defend_G","Defend_G","Strike_G","Strike_G","Strike_G","Survivor","Neutralize","Cloak And Dagger","Blade Dance","Burst","Backstab","Choke+1","Blade Dance+1","Doubt"],"relics":["Ring of the Snake","Golden Idol","Gremlin Horn","Juzu Bracelet","Blood Vial","Snake Skull"],"potions_floor_usage":[6,6,8,16],"damage_taken":[{"damage":1,"enemies":"Cultist","floor":1,"turns":5},{"damage":1,"enemies":"Jaw Worm","floor":2,"turns":4},{"damage":0,"enemies":"Small Slimes","floor":3,"turns":3},{"damage":10,"enemies":"Lagavulin","floor":6,"turns":9},{"damage":7,"enemies":"3 Sentries","floor":8,"turns":11},{"damage":32,"enemies":"Gremlin Nob","floor":10,"turns":5},{"damage":68,"enemies":"The Guardian","floor":16,"turns":11}],"seed_played":"-7596008638169755609","potions_obtained":[{"floor":0,"key":"Block Potion"},{"floor":0,"key":"FearPotion"},{"floor":0,"key":"GhostInAJar"},{"floor":3,"key":"PowerPotion"},{"floor":10,"key":"Block Potion"}],"is_trial":false,"path_per_floor":["M","M","M","$","?","E","R","E","T","E","R","?","R","?","R","B"],"character_chosen":"THE_SILENT","items_purchased":[],"campfire_rested":2,"item_purchase_floors":[],"current_hp_per_floor":[69,68,68,68,51,41,62,55,55,25,25,25,25,25,46,0],"gold":349,"neow_bonus":"THREE_SMALL_POTIONS","is_prod":false,"is_daily":false,"chose_seed":false,"campfire_upgraded":2,"win_rate":0,"timestamp":1544138870,"path_taken":["M","M","M","$","?","E","R","E","T","E","R","?","R","?","R","BOSS"],"build_version":"2018-11-15","purchased_purges":1,"victory":false,"max_hp_per_floor":[70,70,70,70,70,70,70,70,70,70,70,70,70,70,70,70],"card_choices":[{"not_picked":["Quick Slash","Prepared"],"picked":"Cloak And Dagger","floor":1},{"not_picked":["Expertise","Flying Knee"],"picked":"Blade Dance","floor":2},{"not_picked":["Acrobatics","Outmaneuver"],"picked":"Burst","floor":3},{"not_picked":["Dagger Throw","Crippling Poison"],"picked":"Backstab","floor":6},{"not_picked":["Distraction","Catalyst"],"picked":"Choke","floor":8},{"not_picked":["Deadly Poison","Sucker Punch"],"picked":"Blade Dance","floor":10}],"player_experience":364408,"relics_obtained":[{"floor":6,"key":"Gremlin Horn"},{"floor":8,"key":"Juzu Bracelet"},{"floor":9,"key":"Blood Vial"},{"floor":10,"key":"Snake Skull"}],"event_choices":[{"damage_healed":0,"gold_gain":0,"player_choice":"Take Damage","damage_taken":17,"relics_obtained":["Golden Idol"],"max_hp_gain":0,"max_hp_loss":0,"event_name":"Golden Idol","floor":5,"gold_loss":0},{"cards_removed":["Strike_G"],"damage_healed":0,"gold_gain":0,"player_choice":"Card Removal","damage_taken":0,"max_hp_gain":0,"max_hp_loss":0,"event_name":"The Cleric","floor":12,"gold_loss":50},{"damage_healed":0,"gold_gain":175,"player_choice":"AGREE","damage_taken":0,"max_hp_gain":0,"max_hp_loss":0,"event_name":"Liars Game","floor":14,"gold_loss":0,"cards_obtained":["Doubt"]}],"is_beta":false,"boss_relics":[],"items_purged_floors":[4],"is_endless":false,"potions_floor_spawned":[3,10],"killed_by":"The Guardian","ascension_level":3}