{"gold_per_floor":[112,62,62,137,137,172,183,183,209,236,15,50,50,69,69,170,220,238,238,338,38,57,91,104,120,143,143,173,173,173,197,197,197],"floor_reached":33,"playtime":697,"items_purged":["Defend_R"],"score":351,"play_id":"e278cbca-341d-42b3-8bad-89dc55dd4ee8","local_time":"20180920180410","is_ascension_mode":false,"campfire_choices":[{"data":"Perfected Strike","floor":8,"key":"SMITH"},{"data":"Demon Form","floor":13,"key":"SMITH"},{"data":"Twin Strike","floor":15,"key":"SMITH"},{"floor":27,"key":"DIG"},{"floor":29,"key":"DIG"},{"floor":32,"key":"DIG"}],"neow_cost":"NONE","seed_source_timestamp":589063288175126,"circlet_count":0,"master_deck":["Strike_R","Strike_R+1","Strike_R","Strike_R","Strike_R+1","Defend_R","Defend_R","Bash+1","Perfected Strike+1","Twin Strike+1","Demon Form+1","Twin Strike+1","Headbutt+1","Rage+1","Battle Trance+1"],"relics":["Burning Blood","NeowsBlessing","Pen Nib","Lantern","Whetstone","Bag of Marbles","Pantograph","Tiny House","Ginger","Shovel","Red Skull","Omamori","Strawberry","Ancient Tea Set","Centennial Puzzle","Bronze Scales"],"potions_floor_usage":[16,16,22,28,33],"damage_taken":[{"damage":0,"enemies":"Small Slimes","floor":1,"turns":1},{"damage":0,"enemies":"Jaw Worm","floor":5,"turns":1},{"damage":0,"enemies":"Gremlin Nob","floor":6,"turns":1},{"damage":5,"enemies":"2 Louse","floor":7,"turns":2},{"damage":36,"enemies":"Lagavulin","floor":10,"turns":4},{"damage":0,"enemies":"Gremlin Nob","floor":12,"turns":2},{"damage":1,"enemies":"2 Fungi Beasts","floor":14,"turns":3},{"damage":37,"enemies":"Hexaghost","floor":16,"turns":7},{"damage":30,"enemies":"2 Thieves","floor":18,"turns":3},{"damage":5,"enemies":"3 Byrds","floor":22,"turns":5},{"damage":28,"enemies":"Slavers","floor":23,"turns":4},{"damage":3,"enemies":"Snecko","floor":24,"turns":3},{"damage":21,"enemies":"3 Cultists","floor":25,"turns":4},{"damage":16,"enemies":"Book of Stabbing","floor":28,"turns":3},{"damage":74,"enemies":"Automaton","floor":33,"turns":6}],"seed_played":"6736937665840465056","potions_obtained":[{"floor":6,"key":"SkillPotion"},{"floor":7,"key":"Block Potion"},{"floor":16,"key":"EssenceOfSteel"},{"floor":17,"key":"SteroidPotion"},{"floor":22,"key":"BloodPotion"},{"floor":24,"key":"Fire Potion"}],"is_trial":false,"path_per_floor":["M","?","$","?","M","E","M","R","T","E","$","E","R","M","R","B",null,"M","?","?","$","M","E","M","M","T","R","E","R","?","T","R"],"character_chosen":"IRONCLAD","items_purchased":["Bag of Marbles","Ginger"],"campfire_rested":0,"item_purchase_floors":[11,21],"current_hp_per_floor":[80,80,80,69,75,80,80,80,80,50,50,56,56,61,61,49,85,61,61,61,61,62,40,43,28,28,28,33,33,33,33,33,0],"gold":197,"neow_bonus":"THREE_ENEMY_KILL","is_prod":false,"is_daily":false,"chose_seed":false,"campfire_upgraded":3,"win_rate":0,"timestamp":1537491850,"path_taken":["M","?","$","?","M","E","M","R","T","E","$","E","R","M","R","BOSS","M","?","?","$","M","E","M","?","T","R","E","R","?","?","R","BOSS"],"build_version":"2018-09-20","purchased_purges":1,"victory":false,"max_hp_per_floor":[80,80,80,80,80,80,80,80,80,80,80,80,80,80,80,80,85,85,85,85,85,85,85,85,85,85,85,92,92,92,92,92,92],"card_choices":[{"not_picked":["Cleave","Intimidate"],"picked":"Perfected Strike","floor":1},{"not_picked":["Perfected Strike","Flame Barrier","Body Slam"],"picked":"SKIP","floor":5},{"not_picked":["Iron Wave","Warcry"],"picked":"Twin Strike","floor":6},{"not_picked":["True Grit","Feel No Pain","Clash"],"picked":"SKIP","floor":7},{"not_picked":["Heavy Blade","Infernal Blade"],"picked":"Demon Form","floor":10},{"not_picked":["Wild Strike","Shrug It Off","Flex"],"picked":"SKIP","floor":12},{"not_picked":["Iron Wave","Second Wind"],"picked":"Twin Strike","floor":14},{"not_picked":["Intimidate","Second Wind+1","Flex"],"picked":"SKIP","floor":18},{"not_picked":["Corruption","Berserk"],"picked":"Headbutt+1","floor":22},{"not_picked":["Sentinel","Cleave"],"picked":"Rage+1","floor":23},{"not_picked":["Body Slam","Wild Strike","Headbutt"],"picked":"SKIP","floor":24},{"not_picked":["Armaments+1","Inflame+1"],"picked":"Battle Trance+1","floor":25},{"not_picked":["Wild Strike","Power Through","Bludgeon"],"picked":"SKIP","floor":28}],"player_experience":244748,"relics_obtained":[{"floor":6,"key":"Pen Nib"},{"floor":9,"key":"Lantern"},{"floor":10,"key":"Whetstone"},{"floor":12,"key":"Pantograph"},{"floor":23,"key":"Shovel"},{"floor":26,"key":"Red Skull"},{"floor":27,"key":"Omamori"},{"floor":28,"key":"Strawberry"},{"floor":29,"key":"Ancient Tea Set"},{"floor":31,"key":"Centennial Puzzle"},{"floor":32,"key":"Bronze Scales"}],"event_choices":[{"event_name":"The Cleric","player_choice":"Card Removal","floor":2,"damage_taken":0},{"event_name":"World of Goop","player_choice":"Gather Gold","floor":4,"damage_taken":0},{"event_name":"Ghosts","player_choice":"Ignored","floor":19,"damage_taken":0},{"event_name":"Golden Shrine","player_choice":"Pray","floor":20,"damage_taken":0},{"event_name":"Upgrade Shrine","player_choice":"Upgraded","floor":30,"damage_taken":0}],"is_beta":false,"boss_relics":[{"not_picked":["Snecko Eye","Mark of Pain"],"picked":"Tiny House"}],"items_purged_floors":[11],"is_endless":false,"potions_floor_spawned":[5,6,7,16,22,24],"killed_by":"Automaton","ascension_level":0}