{"gold_per_floor":[109,119,44,44,57,89,101,117,117,16,16,29,29,43,43,142,142,123,23,23,23,76,76],"floor_reached":23,"playtime":1271,"items_purged":["Strike_R","Strike_R"],"score":201,"play_id":"827befd9-3ccb-4dea-b4bb-129e27f1df41","local_time":"20190409192434","is_ascension_mode":true,"campfire_choices":[{"data":"Bash","floor":11.0,"key":"SMITH"},{"data":"Metallicize","floor":13.0,"key":"SMITH"},{"data":"Bludgeon","floor":15.0,"key":"SMITH"}],"neow_cost":"NONE","seed_source_timestamp":0,"circlet_count":0,"master_deck":["Strike_R","Strike_R","Defend_R","Defend_R","Defend_R","Bash+1","Thunderclap","Pommel Strike","Twin Strike","Metallicize+1","Bludgeon+1","Reaper","Battle Trance+1"],"special_seed":0,"relics":["Burning Blood","NlothsMask","Centennial Puzzle","Empty Cage","Omamori"],"potions_floor_usage":[23],"damage_taken":[{"damage":7.0,"enemies":"2 Louse","floor":1.0,"turns":3.0},{"damage":1.0,"enemies":"Cultist","floor":2.0,"turns":4.0},{"damage":5.0,"enemies":"Small Slimes","floor":5.0,"turns":4.0},{"damage":49.0,"enemies":"3 Sentries","floor":6.0,"turns":9.0},{"damage":27.0,"enemies":"Exordium Wildlife","floor":7.0,"turns":5.0},{"damage":2.0,"enemies":"Looter","floor":8.0,"turns":4.0},{"damage":1.0,"enemies":"2 Fungi Beasts","floor":12.0,"turns":3.0},{"damage":13.0,"enemies":"Exordium Thugs","floor":14.0,"turns":5.0},{"damage":39.0,"enemies":"The Guardian","floor":16.0,"turns":11.0},{"damage":27,"enemies":"2 Thieves","floor":18,"turns":4},{"damage":32,"enemies":"Slavers","floor":23,"turns":2}],"seed_played":"-3193091216812201637","potions_obtained":[{"floor":0.0,"key":"Regen Potion"},{"floor":0.0,"key":"Strength Potion"},{"floor":0.0,"key":"Dexterity Potion"},{"floor":6.0,"key":"GamblersBrew"},{"floor":14.0,"key":"Regen Potion"},{"floor":16.0,"key":"Ancient Potion"}],"is_trial":false,"path_per_floor":["M","M","$","?","M","E","M","M","T","$","R","M","R","M","R","B",null,"M","$","$","?","T","E"],"character_chosen":"IRONCLAD","items_purchased":["Twin Strike","PowerPotion"],"campfire_rested":0,"item_purchase_floors":[10,10],"current_hp_per_floor":[79,80,80,80,80,52,31,35,35,35,35,40,40,33,33,15,80,70,70,70,70,70,38],"gold":76,"neow_bonus":"THREE_SMALL_POTIONS","is_prod":false,"is_daily":false,"chose_seed":false,"campfire_upgraded":3,"win_rate":0,"timestamp":1554834274,"path_taken":["M","M","$","?","M","E","M","?","T","?","R","M","R","M","R","BOSS","M","?","$","?","?","E"],"build_version":"2019-01-23","purchased_purges":2,"victory":false,"max_hp_per_floor":[80,80,80,80,80,80,80,80,80,80,80,80,80,80,80,80,80,80,80,80,80,80,80],"card_choices":[{"not_picked":["Second Wind","Warcry","Shrug It Off"],"picked":"SKIP","floor":1.0},{"not_picked":["Juggernaut","True Grit","Havoc"],"picked":"SKIP","floor":2.0},{"not_picked":["Heavy Blade","Perfected Strike"],"picked":"Thunderclap","floor":5.0},{"not_picked":["Body Slam","Sword Boomerang","Iron Wave"],"picked":"SKIP","floor":6.0},{"not_picked":["Flex","Clash"],"picked":"Pommel Strike","floor":7.0},{"not_picked":["Sword Boomerang","Body Slam","Power Through"],"picked":"SKIP","floor":8.0},{"not_picked":["Clash","Seeing Red"],"picked":"Metallicize","floor":12.0},{"not_picked":["Twin Strike","Havoc"],"picked":"Bludgeon","floor":14.0},{"not_picked":["Bludgeon","Double Tap"],"picked":"Reaper","floor":16.0},{"not_picked":["Flame Barrier+1","Fire Breathing"],"picked":"Battle Trance+1","floor":18}],"player_experience":1732706,"relics_obtained":[{"floor":6.0,"key":"Centennial Puzzle"},{"floor":22,"key":"Omamori"}],"event_choices":[{"damage_healed":0.0,"max_hp_gain":0.0,"max_hp_loss":0.0,"gold_gain":0.0,"event_name":"FaceTrader","player_choice":"Trade","floor":4.0,"gold_loss":0.0,"damage_taken":0.0,"relics_obtained":["NlothsMask"]},{"damage_healed":0,"gold_gain":0,"player_choice":"Ignored","damage_taken":0,"max_hp_gain":0,"max_hp_loss":0,"event_name":"Ghosts","floor":21,"gold_loss":0}],"is_beta":false,"boss_relics":[{"not_picked":["Velvet Choker","Philosopher\u0027s Stone"],"picked":"Empty Cage"}],"items_purged_floors":[3,19],"is_endless":false,"potions_floor_spawned":[5,6,14,16],"killed_by":"Slavers","ascension_level":1}