{"gold_per_floor":[111,111,111,129,140,140,58,78,152,167,178,178,178,196,196,298,298,312,325,340,340],"floor_reached":21,"playtime":756,"items_purged":[],"score":175,"play_id":"e5aac57f-f0d9-44be-9f9e-0265648f3603","local_time":"20181021161854","is_ascension_mode":false,"campfire_choices":[{"data":"Metallicize","floor":6.0,"key":"SMITH"},{"data":"Armaments","floor":12.0,"key":"SMITH"},{"data":"Demon Form","floor":15.0,"key":"SMITH"}],"neow_cost":"NONE","seed_source_timestamp":0,"circlet_count":0,"master_deck":["Strike_R","Strike_R","Strike_R","Strike_R","Defend_R","Defend_R","Defend_R","Defend_R","Bash","Metallicize+1","Demon Form+1","Armaments+1","Seeing Red+1","Double Tap","Thunderclap","Shrug It Off","Heavy Blade+1"],"special_seed":0,"relics":["Burning Blood","Centennial Puzzle","Bronze Scales","Shuriken","Philosopher\u0027s Stone"],"potions_floor_usage":[],"damage_taken":[{"damage":6.0,"enemies":"Small Slimes","floor":1.0,"turns":3.0},{"damage":6.0,"enemies":"Jaw Worm","floor":4.0,"turns":4.0},{"damage":0.0,"enemies":"Cultist","floor":5.0,"turns":5.0},{"damage":9.0,"enemies":"Lots of Slimes","floor":8.0,"turns":5.0},{"damage":7.0,"enemies":"Looter","floor":10.0,"turns":3.0},{"damage":1.0,"enemies":"Exordium Thugs","floor":11.0,"turns":4.0},{"damage":2.0,"enemies":"Blue Slaver","floor":14.0,"turns":4.0},{"damage":9.0,"enemies":"The Guardian","floor":16.0,"turns":11.0},{"damage":25.0,"enemies":"3 Byrds","floor":18.0,"turns":2.0},{"damage":20.0,"enemies":"Spheric Guardian","floor":19.0,"turns":4.0},{"damage":18.0,"enemies":"Shelled Parasite and Fungi","floor":20.0,"turns":8.0},{"damage":36,"enemies":"3 Cultists","floor":21,"turns":4}],"seed_played":"-3008602579823347733","potions_obtained":[{"floor":5.0,"key":"SpeedPotion"},{"floor":8.0,"key":"Explosive Potion"},{"floor":10.0,"key":"EssenceOfSteel"},{"floor":18.0,"key":"LiquidBronze"}],"is_trial":false,"path_per_floor":["M","?","?","M","M","R","$","M","T","M","M","R","?","M","R","B",null,"M","M","M"],"character_chosen":"IRONCLAD","items_purchased":["Demon Form"],"campfire_rested":0,"item_purchase_floors":[7],"current_hp_per_floor":[80,77,70,70,76,76,76,73,73,72,77,77,77,80,80,77,80,61,47,35,0],"gold":340,"neow_bonus":"RANDOM_COMMON_RELIC","is_prod":false,"is_daily":false,"chose_seed":false,"campfire_upgraded":3,"win_rate":0,"timestamp":1540163934,"path_taken":["M","?","?","M","M","R","$","M","T","M","M","R","?","M","R","BOSS","M","?","M","?"],"build_version":"2018-10-18","purchased_purges":0,"victory":false,"max_hp_per_floor":[80,80,80,80,80,80,80,80,80,80,80,80,80,80,80,80,80,80,80,80,80],"card_choices":[{"not_picked":["Wild Strike","Body Slam","Flex"],"picked":"SKIP","floor":1.0},{"not_picked":["Battle Trance","Blood for Blood"],"picked":"Metallicize","floor":4.0},{"not_picked":["Twin Strike","Sword Boomerang","Fire Breathing"],"picked":"SKIP","floor":5.0},{"not_picked":["Body Slam","Sentinel"],"picked":"Armaments","floor":8.0},{"not_picked":["Burning Pact","Shockwave"],"picked":"Seeing Red","floor":10.0},{"not_picked":["Feed","Body Slam","Battle Trance"],"picked":"SKIP","floor":11.0},{"not_picked":["Headbutt","Intimidate","Heavy Blade"],"picked":"SKIP","floor":14.0},{"not_picked":["Immolate","Impervious"],"picked":"Double Tap","floor":16.0},{"not_picked":["Flex","Twin Strike"],"picked":"Thunderclap","floor":18.0},{"not_picked":["Havoc+1","Armaments+1"],"picked":"Shrug It Off","floor":19.0},{"not_picked":["Perfected Strike","Uppercut"],"picked":"Heavy Blade+1","floor":20}],"player_experience":306438,"relics_obtained":[{"floor":9.0,"key":"Shuriken"}],"event_choices":[{"damage_healed":0.0,"max_hp_gain":0.0,"max_hp_loss":0.0,"gold_gain":0.0,"event_name":"Scrap Ooze","player_choice":"Success","floor":2.0,"gold_loss":0.0,"damage_taken":3.0,"relics_obtained":["Bronze Scales"]},{"cards_removed":["Strike_R"],"damage_healed":0.0,"max_hp_gain":0.0,"max_hp_loss":0.0,"gold_gain":0.0,"event_name":"Golden Wing","player_choice":"Card Removal","floor":3.0,"gold_loss":0.0,"damage_taken":7.0},{"damage_healed":0.0,"max_hp_gain":0.0,"max_hp_loss":0.0,"gold_gain":0.0,"event_name":"Living Wall","player_choice":"Grow","floor":13.0,"gold_loss":0.0,"damage_taken":0.0,"cards_upgraded":["Seeing Red"]}],"is_beta":false,"boss_relics":[{"not_picked":["Black Blood","Black Star"],"picked":"Philosopher\u0027s Stone"}],"items_purged_floors":[],"is_endless":false,"potions_floor_spawned":[5,8,10,18],"killed_by":"3 Cultists","ascension_level":0}