{"gold_per_floor":[117,392,402,156,169,169,179,214,214,214,214,214,75,91,91,194,194,211,221,231,245,262,262,262,282,282,296,296,312,222,238,238,339,339,349,449,468,468,483,483,498,514,541,567,584,584,584,584,584,584],"floor_reached":51,"playtime":23872,"items_purged":["Regret","Strike_B"],"score":876,"play_id":"e655c80d-11b9-4491-9a25-967a927500a3","local_time":"20190318211524","is_ascension_mode":true,"campfire_choices":[{"data":"Zap","floor":6,"key":"SMITH"},{"data":"Sweeping Beam","floor":10,"key":"SMITH"},{"floor":15,"key":"REST"},{"floor":23,"key":"REST"},{"floor":32,"key":"REST"},{"floor":40,"key":"REST"},{"floor":47,"key":"REST"},{"floor":49,"key":"REST"}],"neow_cost":"NONE","seed_source_timestamp":423415425940744,"circlet_count":0,"master_deck":["Strike_B","Defend_B+1","Defend_B","Defend_B","Zap+1","Dualcast","Glacier","Blizzard+1","Sweeping Beam+1","Cold Snap","Capacitor","Coolheaded","Capacitor","Seek","Genetic Algorithm","Gash","Buffer","Conserve Battery","FTL","Redo+1","Go for the Eyes+1","Conserve Battery","Compile Driver+1","Defragment","Ball Lightning","Barrage+1","Electrodynamics","Conserve Battery+1","Blizzard+1","Glacier+1","Skim+1","White Noise","Coolheaded+1","Cold Snap","Capacitor","Go for the Eyes"],"relics":["FrozenCore","Regal Pillow","Bottled Flame","Meat on the Bone","Fusion Hammer","Ornamental Fan","Prayer Wheel","Boot","Cables"],"potions_floor_usage":[8,16,18,21,29,33,44,50,50],"damage_taken":[{"damage":1,"enemies":"Jaw Worm","floor":1,"turns":4},{"damage":3,"enemies":"Cultist","floor":3,"turns":4},{"damage":0,"enemies":"Small Slimes","floor":5,"turns":3},{"damage":7,"enemies":"Blue Slaver","floor":7,"turns":4},{"damage":24,"enemies":"Gremlin Nob","floor":8,"turns":5},{"damage":10,"enemies":"Gremlin Gang","floor":14,"turns":5},{"damage":21,"enemies":"Hexaghost","floor":16,"turns":13},{"damage":6,"enemies":"3 Byrds","floor":18,"turns":5},{"damage":9,"enemies":"Shell Parasite","floor":19,"turns":8},{"damage":4,"enemies":"Sentry and Sphere","floor":20,"turns":6},{"damage":3,"enemies":"Shelled Parasite and Fungi","floor":21,"turns":10},{"damage":0,"enemies":"Centurion and Healer","floor":22,"turns":9},{"damage":8,"enemies":"Chosen and Byrds","floor":25,"turns":9},{"damage":0,"enemies":"Cultist and Chosen","floor":27,"turns":9},{"damage":32,"enemies":"Colosseum Slavers","floor":28,"turns":5},{"damage":8,"enemies":"Snake Plant","floor":29,"turns":6},{"damage":0,"enemies":"Snecko","floor":31,"turns":7},{"damage":47,"enemies":"Collector","floor":33,"turns":12},{"damage":0,"enemies":"3 Darklings","floor":35,"turns":6},{"damage":15,"enemies":"Mind Bloom Boss Battle","floor":36,"turns":8},{"damage":0,"enemies":"3 Shapes","floor":37,"turns":3},{"damage":23,"enemies":"Transient","floor":39,"turns":5},{"damage":5,"enemies":"4 Shapes","floor":41,"turns":4},{"damage":14,"enemies":"Sphere and 2 Shapes","floor":42,"turns":4},{"damage":2,"enemies":"Nemesis","floor":44,"turns":7},{"damage":10,"enemies":"Maw","floor":45,"turns":8},{"damage":14,"enemies":"Time Eater","floor":50,"turns":18}],"seed_played":"-3127459797464728336","potions_obtained":[{"floor":5,"key":"LiquidBronze"},{"floor":8,"key":"GamblersBrew"},{"floor":16,"key":"GamblersBrew"},{"floor":19,"key":"SpeedPotion"},{"floor":27,"key":"Swift Potion"},{"floor":29,"key":"SkillPotion"},{"floor":33,"key":"PowerPotion"},{"floor":37,"key":"FairyPotion"},{"floor":42,"key":"FocusPotion"},{"floor":44,"key":"Dexterity Potion"}],"is_trial":false,"path_per_floor":["?","M","?","?","$","M","?","?","?","M","?","?","M","?","?"],"character_chosen":"DEFECT","items_purchased":["Regal Pillow","Cold Snap","Genetic Algorithm"],"campfire_rested":6,"item_purchase_floors":[4,4,13],"current_hp_per_floor":[67,67,64,64,64,64,57,33,33,33,18,18,18,20,57,48,68,62,53,49,46,46,75,75,67,67,67,47,39,39,39,75,40,66,66,51,51,51,40,75,70,56,56,54,44,44,75,71,71,57],"gold":584,"neow_bonus":"TRANSFORM_CARD","is_prod":false,"is_daily":false,"chose_seed":false,"campfire_upgraded":2,"win_rate":0,"timestamp":1552965324,"path_taken":["M","?","M","$","M","R","?","E","T","R","?","?","?","M","R","BOSS","M","M","M","M","?","R","?","M","T","M","?","M","?","?","R","BOSS","M","?","M","?","M","R","M","M","T","E","?","?","R","?","R","BOSS"],"build_version":"2019-01-23","purchased_purges":2,"victory":true,"max_hp_per_floor":[75,75,75,75,75,75,75,75,75,75,75,75,75,75,75,75,75,75,75,75,75,75,75,75,75,75,75,75,75,75,75,75,75,75,75,75,75,75,75,75,75,75,75,75,75,75,75,71,71,71],"card_choices":[{"not_picked":["Streamline","Tempest"],"picked":"Blizzard","floor":1},{"not_picked":["Lockon","Loop"],"picked":"Sweeping Beam","floor":3},{"not_picked":["White Noise","Beam Cell"],"picked":"Capacitor","floor":5},{"not_picked":["Multi-Cast","Stack"],"picked":"Coolheaded","floor":7},{"not_picked":["Conserve Battery","Cold Snap"],"picked":"Capacitor","floor":8},{"not_picked":["Redo","Cold Snap"],"picked":"Gash","floor":14},{"not_picked":["Hyperbeam","Core Surge"],"picked":"Buffer","floor":16},{"not_picked":["Hologram","Turbo"],"picked":"Conserve Battery","floor":18},{"not_picked":["Chaos","Storm"],"picked":"FTL","floor":19},{"not_picked":["Rebound","Turbo"],"picked":"Redo+1","floor":20},{"not_picked":["Heatsinks","Leap"],"picked":"Go for the Eyes+1","floor":21},{"not_picked":["Leap","Capacitor"],"picked":"Conserve Battery","floor":22},{"not_picked":["Rip and Tear","Streamline+1"],"picked":"Compile Driver","floor":25},{"not_picked":["Hologram","Self Repair"],"picked":"Defragment","floor":27},{"not_picked":["Redo","Rebound+1"],"picked":"Ball Lightning","floor":29},{"not_picked":["Gash+1","Defragment"],"picked":"Barrage+1","floor":31},{"not_picked":["All For One","Machine Learning"],"picked":"Electrodynamics","floor":33},{"not_picked":["Go for the Eyes","Double Energy"],"picked":"Conserve Battery+1","floor":35},{"not_picked":["Conserve Battery+1","Sunder"],"picked":"Blizzard+1","floor":36},{"not_picked":["Echo Form","Heatsinks+1"],"picked":"Glacier+1","floor":37},{"not_picked":["Rebound+1","Hologram"],"picked":"Skim+1","floor":37},{"not_picked":["Leap","Steam Power"],"picked":"White Noise","floor":39},{"not_picked":["Genetic Algorithm+1","Gash","Chaos"],"picked":"SKIP","floor":39},{"not_picked":["Recycle","Gash+1"],"picked":"Coolheaded+1","floor":41},{"not_picked":["Streamline+1","Undo+1","Reprogram+1"],"picked":"SKIP","floor":41},{"not_picked":["Lockon","Melter+1"],"picked":"Cold Snap","floor":42},{"not_picked":["Hologram+1","Compile Driver"],"picked":"Capacitor","floor":42},{"not_picked":["Recycle","Steam","Redo+1"],"picked":"SKIP","floor":44},{"not_picked":["Streamline","Conserve Battery"],"picked":"Go for the Eyes","floor":45},{"not_picked":["Seek","Chaos","Reprogram+1"],"picked":"SKIP","floor":45}],"player_experience":315157,"relics_obtained":[{"floor":8,"key":"Bottled Flame"},{"floor":9,"key":"Meat on the Bone"},{"floor":26,"key":"Ornamental Fan"},{"floor":36,"key":"Prayer Wheel"},{"floor":43,"key":"Boot"},{"floor":44,"key":"Cables"}],"event_choices":[{"damage_healed":0,"gold_gain":275,"player_choice":"Desecrate","damage_taken":0,"max_hp_gain":0,"max_hp_loss":0,"event_name":"Golden Shrine","floor":2,"gold_loss":0,"cards_obtained":["Regret"]},{"damage_healed":0,"gold_gain":0,"player_choice":"Entered Light","damage_taken":15,"max_hp_gain":0,"max_hp_loss":0,"event_name":"Shining Light","floor":11,"gold_loss":0,"cards_upgraded":["Blizzard","Defend_B"]},{"damage_healed":0,"gold_gain":0,"cards_transformed":["Strike_B"],"player_choice":"Change","damage_taken":0,"max_hp_gain":0,"max_hp_loss":0,"event_name":"Living Wall","floor":12,"gold_loss":0,"cards_obtained":["Seek"]},{"damage_healed":0,"gold_gain":0,"player_choice":"Ignored","damage_taken":0,"max_hp_gain":0,"max_hp_loss":0,"event_name":"Ghosts","floor":24,"gold_loss":0},{"damage_healed":0,"gold_gain":0,"player_choice":"Fight","damage_taken":0,"max_hp_gain":0,"max_hp_loss":0,"event_name":"Colosseum","floor":28,"gold_loss":0},{"damage_healed":0,"gold_gain":0,"player_choice":"Fled From Nobs","damage_taken":0,"max_hp_gain":0,"max_hp_loss":0,"event_name":"Colosseum","floor":28,"gold_loss":0},{"cards_removed":["Defend_B"],"damage_healed":0,"gold_gain":0,"player_choice":"Upgrade and Remove","damage_taken":0,"max_hp_gain":0,"max_hp_loss":0,"event_name":"Designer","floor":30,"gold_loss":90,"cards_upgraded":["Compile Driver"]},{"damage_healed":0,"gold_gain":0,"player_choice":"Fight","damage_taken":0,"max_hp_gain":0,"max_hp_loss":0,"event_name":"MindBloom","floor":36,"gold_loss":0},{"damage_healed":0,"gold_gain":0,"player_choice":"Ignored","damage_taken":0,"max_hp_gain":0,"max_hp_loss":0,"event_name":"SecretPortal","floor":38,"gold_loss":0},{"damage_healed":0,"gold_gain":0,"player_choice":"Ignored","damage_taken":0,"max_hp_gain":0,"max_hp_loss":0,"event_name":"Tomb of Lord Red Mask","floor":46,"gold_loss":0},{"damage_healed":0,"gold_gain":0,"player_choice":"Max HP","damage_taken":0,"max_hp_gain":0,"max_hp_loss":4,"event_name":"Winding Halls","floor":48,"gold_loss":0}],"is_beta":false,"boss_relics":[{"not_picked":["Tiny House","Pandora\u0027s Box"],"picked":"Fusion Hammer"},{"not_picked":["Eternal Feather","White Beast Statue"],"picked":"FrozenCore"}],"items_purged_floors":[4,13],"is_endless":false,"potions_floor_spawned":[5,8,16,19,27,28,29,33,37,42,44],"ascension_level":6}