{"path_per_floor":["M","M","?","M","$","R","E","R","T","?","M","?","R","$","R","B",null,"M","M","M","$"],"character_chosen":"THE_SILENT","items_purchased":["Footwork","Bouncing Flask","Infinite Blades","Prepared","Leg Sweep"],"gold_per_floor":[216,232,232,242,10,10,36,36,36,36,46,100,100,15,15,116,116,96,115,130,52],"floor_reached":22,"campfire_rested":1,"playtime":2533,"current_hp_per_floor":[70,70,70,70,70,70,45,45,45,45,45,45,66,66,66,48,70,47,44,21,21],"items_purged":["Regret"],"gold":52,"play_id":"683d70dd-170e-4e81-be73-2dea873a345a","is_prod":false,"is_daily":false,"is_ascension_mode":false,"campfire_upgraded":3,"path_taken":["M","M","?","?","$","R","E","R","T","?","M","?","R","?","R","BOSS","M","M","M","$","M"],"build_version":"2018-02-01-PROD3","purchased_purges":1,"victory":false,"master_deck":["Defend_G","Defend_G","Defend_G","Defend_G","Defend_G","Strike_G","Strike_G","Strike_G","Strike_G","Strike_G","Survivor","Neutralize+1","Noxious Fumes+1","Poisoned Stab","Well Laid Plans","Footwork+1","Bouncing Flask","PiercingWail","Die Die Die","Footwork","Flying Knee","Infinite Blades","Prepared","Tools of the Trade","Deflect+1","Bane+1","Deadly Poison","Leg Sweep"],"max_hp_per_floor":[70,70,70,70,70,70,70,70,70,70,70,70,70,70,70,70,70,70,70,70,70],"relics":["Ring of the Snake","Ninja Scroll","Bottled Lightning","Unceasing Top","The Specimen"],"card_choices":[{"not_picked":["Backstab","Dodge and Roll"],"picked":"Noxious Fumes"},{"not_picked":["Malaise","Dash"],"picked":"Poisoned Stab"},{"not_picked":["Heel Hook","Backstab"],"picked":"Well Laid Plans"},{"not_picked":["Flechettes","Caltrops"],"picked":"PiercingWail"},{"not_picked":["Sucker Punch","Heel Hook"],"picked":"Flying Knee"},{"not_picked":["Glass Knife","Venomology"],"picked":"Tools of the Trade"},{"not_picked":["Backstab","PiercingWail"],"picked":"Deflect"},{"not_picked":["Quick Slash","Malaise"],"picked":"Bane"},{"not_picked":["Malaise","PiercingWail"],"picked":"Deadly Poison"}],"player_experience":18280,"potions_floor_usage":[22,22],"damage_taken":[{"damage":0.0,"enemies":"Blue Slaver","floor":1.0,"turns":7.0},{"damage":0.0,"enemies":"Small Slimes","floor":2.0,"turns":4.0},{"damage":0.0,"enemies":"2 Louse","floor":4.0,"turns":3.0},{"damage":25.0,"enemies":"3 Sentries","floor":7.0,"turns":7.0},{"damage":0.0,"enemies":"Gremlin Gang","floor":11.0,"turns":1.0},{"damage":18.0,"enemies":"The Guardian","floor":16.0,"turns":9.0},{"damage":23,"enemies":"2 Thieves","floor":18,"turns":4},{"damage":3,"enemies":"3 Byrds","floor":19,"turns":5},{"damage":23,"enemies":"Snecko","floor":20,"turns":6},{"damage":29,"enemies":"Chosen and Byrds","floor":22,"turns":5}],"event_choices":[{"event_name":"Big Fish","player_choice":"Box","floor":3.0,"damage_taken":0.0},{"event_name":"Match and Keep!","player_choice":"2 cards matched","floor":10.0,"damage_taken":0.0},{"event_name":"Golden Wing","player_choice":"Gained Gold","floor":12.0,"damage_taken":0.0}],"boss_relics":[{"not_picked":["Sozu","Calling Bell"],"picked":"The Specimen"}],"potions_floor_spawned":[1,2,11,19,20],"seed_played":"4450006977733962422","killed_by":"Chosen and Byrds","ascension_level":0,"is_trial":false}