{"gold_per_floor":[367,333,433,433,14,39,52,52,75,86,86,86,86,100,100,202,202,221,18,18,18,18,18,18,18,18,34,52,63,83,83],"floor_reached":31,"playtime":971,"items_purged":["Strike_B"],"score":270,"play_id":"1ec5947e-fe26-4eb6-980d-c7d7d6d89ba4","local_time":"20190428083101","is_ascension_mode":true,"campfire_choices":[{"floor":8,"key":"REST"},{"floor":11,"key":"REST"},{"data":"Defragment","floor":15,"key":"SMITH"},{"floor":23,"key":"REST"}],"neow_cost":"PERCENT_DAMAGE","seed_source_timestamp":76532136327003,"circlet_count":0,"master_deck":["Strike_B","Strike_B","Defend_B","Defend_B","Defend_B+1","Zap","Dualcast+1","Glacier","Defragment+1","Metamorphosis","FTL","Undo","Melter","Redo","Defragment+1","Multi-Cast","Cold Snap","Static Discharge","Conserve Battery","Shame","Sweeping Beam","BootSequence+1","Sunder+1"],"relics":["Cracked Core","PreservedInsect","War Paint","Strawberry","Empty Cage","Kunai"],"potions_floor_usage":[4,10,16,22,22,29],"damage_taken":[{"damage":6,"enemies":"Cultist","floor":1,"turns":3},{"damage":0,"enemies":"Jaw Worm","floor":4,"turns":3},{"damage":22,"enemies":"3 Sentries","floor":6,"turns":10},{"damage":0,"enemies":"2 Louse","floor":7,"turns":2},{"damage":0,"enemies":"Looter","floor":10,"turns":2},{"damage":1,"enemies":"Exordium Thugs","floor":14,"turns":7},{"damage":6,"enemies":"Hexaghost","floor":16,"turns":7},{"damage":12,"enemies":"Chosen","floor":18,"turns":6},{"damage":37,"enemies":"Colosseum Slavers","floor":22,"turns":4},{"damage":5,"enemies":"3 Byrds","floor":27,"turns":2},{"damage":14,"enemies":"Snake Plant","floor":28,"turns":5},{"damage":21,"enemies":"3 Cultists","floor":29,"turns":6},{"damage":28,"enemies":"Snecko","floor":30,"turns":5},{"damage":9,"enemies":"Chosen and Byrds","floor":31,"turns":3}],"seed_played":"5294393487144038445","potions_obtained":[{"floor":1,"key":"SmokeBomb"},{"floor":7,"key":"AttackPotion"},{"floor":14,"key":"PowerPotion"},{"floor":16,"key":"LiquidBronze"},{"floor":18,"key":"LiquidBronze"},{"floor":28,"key":"Regen Potion"}],"is_trial":false,"path_per_floor":["M","?","?","M","$","E","M","R","T","M","R","?","?","M","R","B",null,"M","$","$","?","?","R","$","$","T","M","M","M","M","M"],"character_chosen":"DEFECT","items_purchased":["PreservedInsect","Defragment","Metamorphosis","FTL","Static Discharge","Conserve Battery"],"campfire_rested":3,"item_purchase_floors":[5,5,5,5,19,19],"current_hp_per_floor":[48,48,48,48,48,26,26,48,55,55,79,76,76,75,75,69,82,70,70,70,70,33,57,57,57,57,52,38,32,4,0],"gold":83,"neow_bonus":"TWO_FIFTY_GOLD","is_prod":false,"is_daily":false,"chose_seed":false,"campfire_upgraded":1,"win_rate":0,"timestamp":1556465461,"path_taken":["M","?","?","M","$","E","?","R","T","M","R","?","?","?","R","BOSS","M","?","$","?","?","R","?","$","T","M","M","M","M","M"],"build_version":"2019-01-23","purchased_purges":1,"victory":false,"max_hp_per_floor":[75,75,75,75,75,75,75,75,82,82,82,82,82,82,82,82,82,82,82,82,82,82,82,82,82,82,82,82,82,82,82],"card_choices":[{"not_picked":["Darkness","Auto Shields"],"picked":"Glacier","floor":1},{"not_picked":["Gash","Redo"],"picked":"Undo","floor":6},{"not_picked":["Tempest","Beam Cell"],"picked":"Melter","floor":7},{"not_picked":["Streamline","Steam"],"picked":"Redo","floor":10},{"not_picked":["Conserve Battery","Sweeping Beam"],"picked":"Defragment","floor":14},{"not_picked":["Thunder Strike","Rainbow"],"picked":"Multi-Cast","floor":16},{"not_picked":["Force Field","Turbo+1"],"picked":"Cold Snap","floor":18},{"not_picked":["Barrage","Hologram"],"picked":"Sweeping Beam","floor":27},{"not_picked":["Steam+1","Turbo","Fusion"],"picked":"SKIP","floor":28},{"not_picked":["Aggregate+1","Double Energy+1"],"picked":"BootSequence+1","floor":29},{"not_picked":["Recycle","Cold Snap"],"picked":"Sunder+1","floor":30}],"player_experience":450488,"relics_obtained":[{"floor":6,"key":"War Paint"},{"floor":9,"key":"Strawberry"}],"event_choices":[{"damage_healed":0,"gold_gain":0,"player_choice":"Left Gold","damage_taken":0,"max_hp_gain":0,"max_hp_loss":0,"event_name":"World of Goop","floor":2,"gold_loss":34},{"damage_healed":0,"gold_gain":100,"player_choice":"Gold","damage_taken":0,"max_hp_gain":0,"max_hp_loss":0,"event_name":"Wheel of Change","floor":3,"gold_loss":0},{"damage_healed":0,"gold_gain":0,"player_choice":"Fled","damage_taken":3,"max_hp_gain":0,"max_hp_loss":0,"event_name":"Scrap Ooze","floor":12,"gold_loss":0},{"damage_healed":0,"gold_gain":0,"player_choice":"Grow","damage_taken":0,"max_hp_gain":0,"max_hp_loss":0,"event_name":"Living Wall","floor":13,"gold_loss":0,"cards_upgraded":["Defragment"]},{"damage_healed":0,"gold_gain":0,"player_choice":"Stole Relic","damage_taken":0,"relics_obtained":["Kunai"],"max_hp_gain":0,"max_hp_loss":0,"event_name":"Addict","floor":21,"gold_loss":0,"cards_obtained":["Shame"]},{"damage_healed":0,"gold_gain":0,"player_choice":"Fight","damage_taken":0,"max_hp_gain":0,"max_hp_loss":0,"event_name":"Colosseum","floor":22,"gold_loss":0},{"damage_healed":0,"gold_gain":0,"player_choice":"Fled From Nobs","damage_taken":0,"max_hp_gain":0,"max_hp_loss":0,"event_name":"Colosseum","floor":22,"gold_loss":0}],"is_beta":false,"boss_relics":[{"not_picked":["Astrolabe","Philosopher\u0027s Stone"],"picked":"Empty Cage"}],"items_purged_floors":[19],"is_endless":false,"potions_floor_spawned":[1,7,14,16,18,28],"killed_by":"Chosen and Byrds","ascension_level":3}