{"gold_per_floor":[113,113,126,32,32,64,64,99,99,99],"floor_reached":10,"playtime":322,"items_purged":[],"score":107,"play_id":"6d42080c-0f7e-4743-89c7-041c18b8e661","local_time":"20190403114314","is_ascension_mode":true,"campfire_choices":[{"data":"Flame Barrier","floor":7,"key":"SMITH"}],"neow_cost":"NONE","seed_source_timestamp":68121368632253,"circlet_count":0,"master_deck":["Strike_R","Strike_R","Strike_R","Strike_R","Strike_R","Defend_R+1","Defend_R","Defend_R","Defend_R","Bash","Cleave+1","Perfected Strike","Twin Strike","Flame Barrier+1","Anger+1","Iron Wave+1"],"relics":["Burning Blood","Molten Egg 2","PreservedInsect","Smiling Mask"],"potions_floor_usage":[8],"damage_taken":[{"damage":4,"enemies":"Jaw Worm","floor":1,"turns":4},{"damage":12,"enemies":"Small Slimes","floor":3,"turns":3},{"damage":24,"enemies":"3 Sentries","floor":6,"turns":8},{"damage":32,"enemies":"Lagavulin","floor":8,"turns":6},{"damage":18,"enemies":"3 Sentries","floor":10,"turns":2}],"seed_played":"-825228653666673389","potions_obtained":[{"floor":6,"key":"SteroidPotion"}],"is_trial":false,"path_per_floor":["M","?","M","$","?","E","R","E","T","E"],"character_chosen":"IRONCLAD","items_purchased":["Twin Strike","Flame Barrier"],"campfire_rested":0,"item_purchase_floors":[4,4],"current_hp_per_floor":[82,64,58,58,58,40,40,14,14,0],"gold":99,"neow_bonus":"TEN_PERCENT_HP_BONUS","is_prod":false,"is_daily":false,"chose_seed":false,"campfire_upgraded":1,"win_rate":0,"timestamp":1554316994,"path_taken":["M","?","M","$","?","E","R","E","T","E"],"build_version":"2019-01-23","purchased_purges":0,"victory":false,"max_hp_per_floor":[88,88,88,88,88,88,88,88,88,88],"card_choices":[{"not_picked":["Dual Wield","Bloodletting"],"picked":"Cleave","floor":1},{"not_picked":["Evolve","Flex"],"picked":"Perfected Strike","floor":3},{"not_picked":["Bloodletting","Brutality"],"picked":"Anger","floor":6},{"not_picked":["Warcry","Clash+1"],"picked":"Iron Wave+1","floor":8}],"player_experience":364607,"relics_obtained":[{"floor":6,"key":"Molten Egg 2"},{"floor":8,"key":"PreservedInsect"},{"floor":9,"key":"Smiling Mask"}],"event_choices":[{"damage_healed":0,"gold_gain":0,"player_choice":"Entered Light","damage_taken":18,"max_hp_gain":0,"max_hp_loss":0,"event_name":"Shining Light","floor":2,"gold_loss":0,"cards_upgraded":["Cleave","Defend_R"]},{"damage_healed":0,"gold_gain":0,"player_choice":"Ignored","damage_taken":0,"max_hp_gain":0,"max_hp_loss":0,"event_name":"WeMeetAgain","floor":5,"gold_loss":0}],"is_beta":false,"boss_relics":[],"items_purged_floors":[],"is_endless":false,"potions_floor_spawned":[6],"killed_by":"3 Sentries","ascension_level":9}