{"gold_per_floor":[114,114,114,130,154,154,189,214,214,214,214,234,278,333,333,457,457,478,496,444,444,456,521,521,539,539,28,41,41,41,53,53,156,156,169,189,203,203,105,105,115,115,142,176,176,186,147,210,210,210],"floor_reached":51,"playtime":4863,"items_purged":["Amplify"],"score":717,"play_id":"78654961-c0a2-4a12-96ea-2982c5505025","local_time":"20190504213936","is_ascension_mode":true,"campfire_choices":[{"data":"Chaos","floor":6,"key":"SMITH"},{"data":"Coolheaded","floor":10,"key":"SMITH"},{"floor":15,"key":"REST"},{"floor":24,"key":"REST"},{"floor":29,"key":"DIG"},{"floor":32,"key":"REST"},{"data":"Fission","floor":40,"key":"SMITH"},{"floor":42,"key":"REST"},{"floor":45,"key":"REST"},{"floor":49,"key":"REST"}],"neow_cost":"NONE","seed_source_timestamp":1718368419185967,"circlet_count":0,"master_deck":["Strike_B","Strike_B","Defend_B","Defend_B","Defend_B","Zap","Dualcast","Chaos+1","Coolheaded+1","Capacitor","Glacier","Streamline","Buffer","Redo+1","Chaos+1","Barrage","Cold Snap+1","Ball Lightning","Loop","Fission+1","Capacitor","Loop","Coolheaded","Defragment","Consume"],"relics":["FrozenCore","Art of War","Bloody Idol","Calipers","Bottled Tornado","Dead Branch","Smiling Mask","Empty Cage","Tiny Chest","Shovel","Omamori","Pantograph","Singing Bowl","SsserpentHead","Potion Belt","Centennial Puzzle"],"potions_floor_usage":[18,23,23,33,35,37],"damage_taken":[{"damage":5,"enemies":"Small Slimes","floor":1,"turns":3},{"damage":0,"enemies":"Cultist","floor":4,"turns":4},{"damage":1,"enemies":"Jaw Worm","floor":5,"turns":3},{"damage":8,"enemies":"Lagavulin","floor":7,"turns":7},{"damage":6,"enemies":"2 Fungi Beasts","floor":8,"turns":3},{"damage":0,"enemies":"Gremlin Gang","floor":12,"turns":7},{"damage":9,"enemies":"3 Sentries","floor":13,"turns":9},{"damage":29,"enemies":"Hexaghost","floor":16,"turns":10},{"damage":10,"enemies":"Spheric Guardian","floor":18,"turns":8},{"damage":19,"enemies":"3 Byrds","floor":19,"turns":6},{"damage":23,"enemies":"Snake Plant","floor":22,"turns":5},{"damage":36,"enemies":"Slavers","floor":23,"turns":9},{"damage":1,"enemies":"Snecko","floor":25,"turns":7},{"damage":0,"enemies":"Centurion and Healer","floor":28,"turns":7},{"damage":27,"enemies":"Shelled Parasite and Fungi","floor":31,"turns":5},{"damage":45,"enemies":"Collector","floor":33,"turns":9},{"damage":1,"enemies":"3 Shapes","floor":35,"turns":9},{"damage":28,"enemies":"3 Darklings","floor":36,"turns":9},{"damage":50,"enemies":"Jaw Worm Horde","floor":37,"turns":7},{"damage":12,"enemies":"Sphere and 2 Shapes","floor":41,"turns":8},{"damage":36,"enemies":"Nemesis","floor":44,"turns":9},{"damage":21,"enemies":"Spire Growth","floor":46,"turns":6},{"damage":18,"enemies":"4 Shapes","floor":48,"turns":8},{"damage":49,"enemies":"Donu and Deca","floor":50,"turns":14}],"seed_played":"-421125874083273742","potions_obtained":[{"floor":4,"key":"Strength Potion"},{"floor":7,"key":"FairyPotion"},{"floor":12,"key":"Energy Potion"},{"floor":19,"key":"Fire Potion"},{"floor":25,"key":"Fire Potion"},{"floor":33,"key":"Fruit Juice"},{"floor":36,"key":"PowerPotion"},{"floor":44,"key":"SteroidPotion"}],"is_trial":false,"path_per_floor":["M","?","?","M","M","R","E","M","T","R","?","M","E","T","R","B",null,"M","M","$","?","M","E","R","M","T","$","M","R","$","M","R","B",null,"M","M","M","?","$","R","M","R","T","E","R","M","$","M","R","B",null],"character_chosen":"DEFECT","items_purchased":["Barrage","Omamori","Pantograph","Loop","Loop","Coolheaded","Consume"],"campfire_rested":6,"item_purchase_floors":[20,27,27,27,39,39,47],"current_hp_per_floor":[77,74,54,54,53,53,45,39,39,39,39,39,30,30,54,25,82,72,53,53,53,35,18,42,46,46,46,51,51,51,31,56,41,84,89,68,25,25,25,25,20,48,53,22,50,36,36,30,59,35],"gold":210,"neow_bonus":"TEN_PERCENT_HP_BONUS","is_prod":false,"is_daily":false,"chose_seed":false,"campfire_upgraded":3,"win_rate":0,"timestamp":1557002376,"path_taken":["M","?","?","M","M","R","E","M","T","R","?","?","E","?","R","BOSS","M","M","$","?","M","E","R","M","T","$","M","R","?","M","R","BOSS","M","M","M","?","$","R","M","R","T","E","R","M","$","?","R","BOSS"],"build_version":"2019-01-23","purchased_purges":1,"victory":true,"max_hp_per_floor":[82,82,82,82,82,82,82,82,82,82,82,82,82,82,82,82,82,82,82,82,82,82,82,82,82,82,82,82,82,82,84,84,84,84,89,91,93,93,93,93,95,95,95,95,95,97,97,99,99,99],"card_choices":[{"not_picked":["Ball Lightning","Turbo"],"picked":"Chaos","floor":1},{"not_picked":["Steam","Hologram"],"picked":"Coolheaded","floor":4},{"not_picked":["Recycle","Chaos"],"picked":"Capacitor","floor":5},{"not_picked":["Redo","Tempest"],"picked":"Glacier","floor":7},{"not_picked":["Sunder","Coolheaded","Rebound"],"picked":"SKIP","floor":8},{"not_picked":["Conserve Battery","Reprogram"],"picked":"Streamline","floor":12},{"not_picked":["Leap","Sweeping Beam"],"picked":"Amplify","floor":13},{"not_picked":["Hyperbeam","Amplify"],"picked":"Buffer","floor":16},{"not_picked":["Sweeping Beam","Storm"],"picked":"Redo+1","floor":18},{"not_picked":["Coolheaded","Compile Driver"],"picked":"Chaos+1","floor":19},{"not_picked":["Turbo","Scrape"],"picked":"Cold Snap+1","floor":22},{"not_picked":["Barrage","Double Energy"],"picked":"Ball Lightning","floor":23},{"not_picked":["Blizzard","Compile Driver","Sunder"],"picked":"SKIP","floor":25},{"not_picked":["Skim","Turbo","Leap"],"picked":"SKIP","floor":28},{"not_picked":["Go for the Eyes","Tempest+1","Machine Learning"],"picked":"Singing Bowl","floor":31},{"not_picked":["Amplify","All For One"],"picked":"Fission","floor":33},{"not_picked":["White Noise+1","Beam Cell+1"],"picked":"Capacitor","floor":35},{"not_picked":["Glacier","Steam","Reinforced Body+1"],"picked":"Singing Bowl","floor":36},{"not_picked":["Blizzard+1","Go for the Eyes+1","Coolheaded"],"picked":"Singing Bowl","floor":37},{"not_picked":["Ball Lightning","Turbo","Rebound+1"],"picked":"Singing Bowl","floor":41},{"not_picked":["Auto Shields","Streamline"],"picked":"Defragment","floor":44},{"not_picked":["Cold Snap+1","Fission","Compile Driver"],"picked":"Singing Bowl","floor":46},{"not_picked":["Redo","Hologram+1","Coolheaded"],"picked":"Singing Bowl","floor":48}],"player_experience":1914821,"relics_obtained":[{"floor":7,"key":"Calipers"},{"floor":9,"key":"Bottled Tornado"},{"floor":13,"key":"Dead Branch"},{"floor":14,"key":"Smiling Mask"},{"floor":23,"key":"Tiny Chest"},{"floor":26,"key":"Shovel"},{"floor":29,"key":"Singing Bowl"},{"floor":43,"key":"Potion Belt"},{"floor":44,"key":"Centennial Puzzle"}],"event_choices":[{"damage_healed":0,"gold_gain":0,"player_choice":"Success","damage_taken":3,"relics_obtained":["Art of War"],"max_hp_gain":0,"max_hp_loss":0,"event_name":"Scrap Ooze","floor":2,"gold_loss":0},{"damage_healed":0,"gold_gain":0,"player_choice":"Take Damage","damage_taken":20,"relics_obtained":["Golden Idol"],"max_hp_gain":0,"max_hp_loss":0,"event_name":"Golden Idol","floor":3,"gold_loss":0},{"cards_removed":["Strike_B"],"damage_healed":0,"gold_gain":0,"player_choice":"Offered Basic","damage_taken":0,"max_hp_gain":0,"max_hp_loss":0,"event_name":"Bonfire Elementals","floor":11,"gold_loss":0},{"damage_healed":0,"gold_gain":0,"player_choice":"Gave Idol","damage_taken":0,"relics_obtained":["Bloody Idol"],"max_hp_gain":0,"max_hp_loss":0,"event_name":"Forgotten Altar","floor":21,"relics_lost":["Golden Idol"],"gold_loss":0},{"damage_healed":0,"gold_gain":0,"player_choice":"Trade","damage_taken":0,"relics_obtained":["SsserpentHead"],"max_hp_gain":0,"max_hp_loss":0,"event_name":"FaceTrader","floor":38,"gold_loss":0}],"is_beta":false,"boss_relics":[{"not_picked":["Lizard Tail","Orrery"],"picked":"Empty Cage"},{"not_picked":["Runic Dome","Coffee Dripper"],"picked":"FrozenCore"}],"items_purged_floors":[27],"is_endless":false,"potions_floor_spawned":[4,7,12,16,19,22,25,33,36,44],"ascension_level":1}