{"gold_per_floor":[113,127,146,166,31,66,66,98,180,214,214,228,228,260,260,358,358,378,393,74,94,94,193,226,226,226,256,256,283,198,216,216,311,311,321,332,349,57,157,157,192,192,192,217,217,243,259,272,272,272,272,272,74,107,107],"floor_reached":55,"playtime":3692,"items_purged":["Defend_R","Bash"],"score":985,"play_id":"b1e5d0ed-bd5c-4970-833b-e21d38710e1b","local_time":"20190310230019","is_ascension_mode":true,"campfire_choices":[{"data":"Perfected Strike","floor":7,"key":"SMITH"},{"floor":13,"key":"REST"},{"data":"Defend_R","floor":15,"key":"PURGE"},{"floor":25,"key":"REST"},{"data":"Armaments","floor":28,"key":"SMITH"},{"data":"J.A.X.","floor":32,"key":"SMITH"},{"data":"Perfected Strike","floor":40,"key":"SMITH"},{"floor":45,"key":"RECALL"},{"floor":49,"key":"REST"},{"data":"Shrug It Off","floor":52,"key":"PURGE"}],"neow_cost":"NONE","seed_source_timestamp":564179146240262,"circlet_count":0,"master_deck":["Strike_R+1","Strike_R","Strike_R","Strike_R+1","Strike_R","Thunderclap","Ghostly Armor","Perfected Strike+1","Inflame","Feed","Reaper","Armaments+1","Shrug It Off","Pommel Strike","Impervious","Perfected Strike+1","Shrug It Off","Perfected Strike","J.A.X.+1","Whirlwind","Blood for Blood","Heavy Blade","Limit Break","Perfected Strike+1","Headbutt","Wild Strike+1","Pommel Strike","Battle Trance","Pommel Strike+1","Headbutt+1","Perfected Strike+1","Flex","Spot Weakness+1","Headbutt+1"],"relics":["Burning Blood","Gremlin Horn","Peace Pipe","Mercury Hourglass","Ancient Tea Set","Strawberry","Empty Cage","Sling","Pocketwatch","Bottled Flame","Potion Belt","Juzu Bracelet","Dodecahedron","Mark of Pain","Vajra","Champion Belt","Blood Vial","Happy Flower","Pear","Ornamental Fan"],"potions_floor_usage":[6,10,16,31,31,33,33,37,44,44,50,54,55,55,55],"damage_taken":[{"damage":5,"enemies":"Cultist","floor":1,"turns":4},{"damage":11,"enemies":"Jaw Worm","floor":2,"turns":4},{"damage":4,"enemies":"Small Slimes","floor":3,"turns":5},{"damage":16,"enemies":"3 Louse","floor":4,"turns":3},{"damage":36,"enemies":"Lagavulin","floor":6,"turns":7},{"damage":20,"enemies":"Gremlin Nob","floor":8,"turns":4},{"damage":17,"enemies":"3 Sentries","floor":10,"turns":5},{"damage":0,"enemies":"2 Fungi Beasts","floor":12,"turns":2},{"damage":0,"enemies":"Gremlin Nob","floor":14,"turns":2},{"damage":50,"enemies":"Hexaghost","floor":16,"turns":8},{"damage":13,"enemies":"Spheric Guardian","floor":18,"turns":4},{"damage":25,"enemies":"2 Thieves","floor":19,"turns":4},{"damage":13,"enemies":"Chosen and Byrds","floor":21,"turns":7},{"damage":33,"enemies":"Gremlin Leader","floor":24,"turns":4},{"damage":23,"enemies":"Slavers","floor":27,"turns":5},{"damage":3,"enemies":"Gremlin Leader","floor":29,"turns":4},{"damage":3,"enemies":"Sentry and Sphere","floor":31,"turns":2},{"damage":41,"enemies":"Champ","floor":33,"turns":8},{"damage":14,"enemies":"3 Darklings","floor":35,"turns":3},{"damage":3,"enemies":"3 Shapes","floor":36,"turns":2},{"damage":0,"enemies":"Spire Growth","floor":37,"turns":2},{"damage":0,"enemies":"Mind Bloom Boss Battle","floor":39,"turns":3},{"damage":12,"enemies":"Nemesis","floor":41,"turns":3},{"damage":43,"enemies":"Giant Head","floor":44,"turns":6},{"damage":16,"enemies":"Reptomancer","floor":46,"turns":3},{"damage":31,"enemies":"Maw","floor":47,"turns":5},{"damage":0,"enemies":"Jaw Worm Horde","floor":48,"turns":2},{"damage":93,"enemies":"Time Eater","floor":50,"turns":7},{"damage":17,"enemies":"Shield and Spear","floor":54,"turns":3},{"damage":140,"enemies":"The Heart","floor":55,"turns":5}],"seed_played":"6553855317994769390","potions_obtained":[{"floor":0,"key":"FairyPotion"},{"floor":0,"key":"Regen Potion"},{"floor":0,"key":"GamblersBrew"},{"floor":6,"key":"Swift Potion"},{"floor":8,"key":"AttackPotion"},{"floor":10,"key":"SmokeBomb"},{"floor":16,"key":"Energy Potion"},{"floor":24,"key":"Block Potion"},{"floor":27,"key":"SteroidPotion"},{"floor":31,"key":"GamblersBrew"},{"floor":33,"key":"AttackPotion"},{"floor":35,"key":"Fire Potion"},{"floor":41,"key":"SpeedPotion"},{"floor":44,"key":"Fruit Juice"},{"floor":46,"key":"Block Potion"},{"floor":54,"key":"SpeedPotion"}],"is_trial":false,"path_per_floor":["M","M","M","M","$","E","R","E","T","E","?","M","R","E","R","B",null,"M","M","$","M","?","?","E","R","T","E","R","E","?","M","R","B",null,"M","M","M","$","?","R","E","?","T","E","R","E","M","M","R","B",null,"R","$","E","B"],"character_chosen":"IRONCLAD","items_purchased":["Feed","Sling","Shrug It Off","Vajra","Pommel Strike","SteroidPotion","PowerPotion","FairyPotion"],"campfire_rested":3,"item_purchase_floors":[5,20,20,38,38,53,53,53],"current_hp_per_floor":[80,75,77,67,67,51,51,37,37,38,22,28,52,68,68,27,93,86,86,86,79,79,79,52,80,80,67,67,73,73,79,79,48,110,110,110,113,113,113,113,107,107,107,75,75,77,64,72,108,23,122,122,122,111,0],"gold":107,"neow_bonus":"THREE_SMALL_POTIONS","is_prod":false,"is_daily":false,"chose_seed":false,"campfire_upgraded":4,"win_rate":0,"timestamp":1552226419,"path_taken":["M","?","?","M","$","E","R","E","T","E","?","M","R","E","R","BOSS","M","M","$","M","?","?","E","R","T","E","R","E","?","M","R","BOSS","M","M","M","$","?","R","E","?","T","E","R","E","M","M","R","BOSS","R","$","E","BOSS"],"build_version":"2019-01-23","purchased_purges":2,"victory":false,"max_hp_per_floor":[80,80,80,80,80,80,80,80,80,80,80,80,80,90,90,93,93,93,96,96,96,96,96,96,96,96,100,100,103,103,106,106,110,110,110,110,113,113,113,113,113,107,107,112,112,122,122,122,122,122,122,122,122,122,122],"card_choices":[{"not_picked":["Combust","Bloodletting"],"picked":"Thunderclap","floor":1},{"not_picked":["Wild Strike","True Grit"],"picked":"Ghostly Armor","floor":2},{"not_picked":["Armaments","Bloodletting"],"picked":"Perfected Strike","floor":3},{"not_picked":["Evolve","Cleave"],"picked":"Inflame","floor":4},{"not_picked":["Sword Boomerang","Clothesline"],"picked":"Reaper","floor":6},{"not_picked":["Metallicize","Intimidate"],"picked":"Armaments","floor":8},{"not_picked":["Shockwave","Uppercut"],"picked":"Shrug It Off","floor":10},{"not_picked":["Rampage","Clash","Twin Strike"],"picked":"SKIP","floor":12},{"not_picked":["Flame Barrier","Inflame"],"picked":"Pommel Strike","floor":14},{"not_picked":["Immolate","Dark Embrace"],"picked":"Impervious","floor":16},{"not_picked":["Warcry","Flame Barrier"],"picked":"Shrug It Off","floor":18},{"not_picked":["Shockwave","Burning Pact"],"picked":"Perfected Strike","floor":19},{"not_picked":["Iron Wave","Clash+1"],"picked":"Perfected Strike","floor":21},{"not_picked":["Shrug It Off","Warcry"],"picked":"Whirlwind","floor":24},{"not_picked":["Uppercut","Clash+1"],"picked":"Blood for Blood","floor":27},{"not_picked":["Pummel","Iron Wave"],"picked":"Heavy Blade","floor":29},{"not_picked":["Anger","Thunderclap","Twin Strike"],"picked":"SKIP","floor":31},{"not_picked":["Barricade","Offering"],"picked":"Limit Break","floor":33},{"not_picked":["Iron Wave+1","Thunderclap"],"picked":"Perfected Strike+1","floor":35},{"not_picked":["Clothesline","Rampage"],"picked":"Headbutt","floor":36},{"not_picked":["Anger+1","Twin Strike"],"picked":"Wild Strike+1","floor":37},{"not_picked":["Anger+1","Ghostly Armor+1"],"picked":"Battle Trance","floor":39},{"not_picked":["Sword Boomerang","True Grit+1"],"picked":"Pommel Strike+1","floor":41},{"not_picked":["Sword Boomerang","Bludgeon"],"picked":"Headbutt+1","floor":44},{"not_picked":["Dual Wield+1","Burning Pact"],"picked":"Perfected Strike+1","floor":46},{"not_picked":["Headbutt","True Grit"],"picked":"Flex","floor":47},{"not_picked":["Hemokinesis","Whirlwind+1"],"picked":"Spot Weakness+1","floor":48},{"not_picked":["Clash","Metallicize"],"picked":"Headbutt+1","floor":54}],"player_experience":74621,"relics_obtained":[{"floor":6,"key":"Gremlin Horn"},{"floor":8,"key":"Peace Pipe"},{"floor":9,"key":"Mercury Hourglass"},{"floor":10,"key":"Ancient Tea Set"},{"floor":14,"key":"Strawberry"},{"floor":24,"key":"Pocketwatch"},{"floor":26,"key":"Bottled Flame"},{"floor":27,"key":"Potion Belt"},{"floor":29,"key":"Juzu Bracelet"},{"floor":39,"key":"Champion Belt"},{"floor":41,"key":"Blood Vial"},{"floor":44,"key":"Happy Flower"},{"floor":46,"key":"Pear"},{"floor":54,"key":"Ornamental Fan"}],"event_choices":[{"damage_healed":0,"gold_gain":0,"player_choice":"Entered Light","damage_taken":16,"max_hp_gain":0,"max_hp_loss":0,"event_name":"Shining Light","floor":11,"gold_loss":0,"cards_upgraded":["Strike_R","Strike_R"]},{"damage_healed":0,"gold_gain":0,"player_choice":"Obtain J.A.X.","damage_taken":0,"max_hp_gain":0,"max_hp_loss":0,"event_name":"Drug Dealer","floor":22,"gold_loss":0,"cards_obtained":["J.A.X."]},{"damage_healed":0,"gold_gain":99,"player_choice":"Stole From Cult","damage_taken":0,"max_hp_gain":0,"max_hp_loss":0,"event_name":"Nest","floor":23,"gold_loss":0},{"damage_healed":0,"gold_gain":0,"player_choice":"Obtained Relic","damage_taken":0,"relics_obtained":["Dodecahedron"],"max_hp_gain":0,"max_hp_loss":0,"event_name":"Addict","floor":30,"gold_loss":85},{"damage_healed":0,"gold_gain":0,"player_choice":"Fight","damage_taken":0,"max_hp_gain":0,"max_hp_loss":0,"event_name":"MindBloom","floor":39,"gold_loss":0},{"damage_healed":0,"gold_gain":0,"player_choice":"Max HP","damage_taken":0,"max_hp_gain":0,"max_hp_loss":6,"event_name":"Winding Halls","floor":42,"gold_loss":0}],"is_beta":false,"boss_relics":[{"not_picked":["Runic Dome","Coffee Dripper"],"picked":"Empty Cage"},{"not_picked":["Cursed Key","Astrolabe"],"picked":"Mark of Pain"}],"items_purged_floors":[20,38],"is_endless":false,"potions_floor_spawned":[6,8,10,16,24,27,31,33,35,41,44,46,54],"killed_by":"The Heart","ascension_level":1}