{"gold_per_floor":[118,68,68,80,92,104,130,171,209,221,243,255,300,328,340,453,465,494,525,537,568,111,111,141,141,141,41,41,41,41,57,57,154,154,167,221,221,221,25,25],"floor_reached":40,"playtime":2289,"items_purged":["Strike_B","Writhe"],"score":576,"play_id":"e1d31ca2-cba4-4977-9648-1d9705a7ec31","local_time":"20190327210510","is_ascension_mode":true,"campfire_choices":[{"data":"Defragment","floor":6,"key":"SMITH"},{"floor":10,"key":"REST"},{"floor":12,"key":"REST"},{"data":"Buffer","floor":15,"key":"SMITH"},{"floor":23,"key":"REST"},{"floor":28,"key":"REST"},{"floor":32,"key":"REST"}],"neow_cost":"NONE","seed_source_timestamp":61602845434228,"circlet_count":0,"master_deck":["Strike_B","Strike_B","Defend_B","Defend_B","Defend_B","Defend_B","Zap","Dualcast","Defragment+1","Capacitor","Doom and Gloom","Defragment","Buffer+1","Tempest","All For One","Genetic Algorithm","Beam Cell","Auto Shields","Gash","Genetic Algorithm","Consume","Multi-Cast","Go for the Eyes+1","Writhe","Gash"],"relics":["Cracked Core","MawBank","NlothsMask","Mummified Hand","Mango","Cursed Key","Ancient Tea Set","Bronze Scales","Chemical X","Dead Branch","MutagenicStrength","Busted Crown","Unceasing Top","Regal Pillow"],"potions_floor_usage":[13,36],"damage_taken":[{"damage":11,"enemies":"Small Slimes","floor":1,"turns":3},{"damage":4,"enemies":"2 Louse","floor":7,"turns":3},{"damage":30,"enemies":"Lagavulin","floor":8,"turns":6},{"damage":1,"enemies":"Cultist","floor":11,"turns":3},{"damage":15,"enemies":"3 Sentries","floor":13,"turns":3},{"damage":11,"enemies":"2 Fungi Beasts","floor":14,"turns":3},{"damage":29,"enemies":"Hexaghost","floor":16,"turns":9},{"damage":11,"enemies":"Spheric Guardian","floor":18,"turns":4},{"damage":12,"enemies":"Chosen","floor":19,"turns":4},{"damage":24,"enemies":"Snake Plant","floor":21,"turns":5},{"damage":28,"enemies":"Book of Stabbing","floor":24,"turns":5},{"damage":2,"enemies":"Cultist and Chosen","floor":31,"turns":4},{"damage":80,"enemies":"Automaton","floor":33,"turns":9},{"damage":11,"enemies":"Orb Walker","floor":35,"turns":2},{"damage":27,"enemies":"2 Orb Walkers","floor":36,"turns":3},{"damage":61,"enemies":"Giant Head","floor":40,"turns":7}],"seed_played":"-5613952858181320359","potions_obtained":[{"floor":1,"key":"Strength Potion"},{"floor":7,"key":"Explosive Potion"},{"floor":14,"key":"Explosive Potion"},{"floor":19,"key":"FocusPotion"},{"floor":21,"key":"Energy Potion"}],"is_trial":false,"path_per_floor":["?","?","?","M","?","?","?","?","?","?","?"],"character_chosen":"DEFECT","items_purchased":["Bronze Scales","Chemical X","Gash","Regal Pillow","Gash"],"campfire_rested":5,"item_purchase_floors":[22,22,22,39,39],"current_hp_per_floor":[64,64,57,57,57,57,53,23,23,47,46,70,69,58,58,29,79,68,56,56,32,32,60,32,32,32,32,60,60,60,58,86,6,74,63,36,60,60,60,0],"gold":25,"neow_bonus":"TEN_PERCENT_HP_BONUS","is_prod":false,"is_daily":false,"chose_seed":false,"campfire_upgraded":2,"win_rate":0,"timestamp":1553742310,"path_taken":["M","?","?","?","$","R","?","E","T","R","M","R","E","M","R","BOSS","M","M","?","M","$","R","E","?","T","$","R","?","?","M","R","BOSS","M","?","?","?","$","E"],"build_version":"2019-01-23","purchased_purges":2,"victory":false,"max_hp_per_floor":[82,82,82,82,82,82,82,82,82,82,82,82,96,96,96,96,96,96,96,96,96,96,96,96,96,96,96,96,96,96,96,96,96,96,96,96,96,96,96,96],"card_choices":[{"not_picked":["Force Field","Chill"],"picked":"Defragment","floor":1},{"not_picked":["Beam Cell","Cold Snap"],"picked":"Capacitor","floor":7},{"not_picked":["Sweeping Beam","Compile Driver"],"picked":"Doom and Gloom","floor":8},{"not_picked":["BootSequence","Beam Cell"],"picked":"Defragment","floor":11},{"not_picked":["Hologram","Gash"],"picked":"Buffer","floor":13},{"not_picked":["Steam","Sweeping Beam"],"picked":"Tempest","floor":14},{"not_picked":["Hyperbeam","Multi-Cast"],"picked":"All For One","floor":16},{"not_picked":["Ball Lightning+1","Coolheaded"],"picked":"Genetic Algorithm","floor":18},{"not_picked":["Doom and Gloom","Rebound+1"],"picked":"Beam Cell","floor":19},{"not_picked":["Double Energy","Redo"],"picked":"Auto Shields","floor":21},{"not_picked":["Consume","Rip and Tear+1"],"picked":"Genetic Algorithm","floor":24},{"not_picked":["Sunder","Tempest"],"picked":"Consume","floor":31},{"not_picked":["Electrodynamics","Echo Form"],"picked":"Multi-Cast","floor":33},{"not_picked":[],"picked":"Go for the Eyes+1","floor":35}],"player_experience":376633,"relics_obtained":[{"floor":8,"key":"Mummified Hand"},{"floor":13,"key":"Mango"},{"floor":24,"key":"Dead Branch"},{"floor":36,"key":"Unceasing Top"}],"event_choices":[{"cards_removed":["Strike_B"],"damage_healed":0,"gold_gain":0,"player_choice":"Card Removal","damage_taken":0,"max_hp_gain":0,"max_hp_loss":0,"event_name":"The Cleric","floor":2,"gold_loss":50},{"damage_healed":0,"gold_gain":0,"player_choice":"Success","damage_taken":7,"relics_obtained":["MawBank"],"max_hp_gain":0,"max_hp_loss":0,"event_name":"Scrap Ooze","floor":3,"gold_loss":0},{"damage_healed":0,"gold_gain":0,"player_choice":"Trade","damage_taken":0,"relics_obtained":["NlothsMask"],"max_hp_gain":0,"max_hp_loss":0,"event_name":"FaceTrader","floor":4,"gold_loss":0},{"damage_healed":0,"gold_gain":0,"player_choice":"Opened","damage_taken":0,"relics_obtained":["Ancient Tea Set"],"max_hp_gain":0,"max_hp_loss":0,"event_name":"The Mausoleum","floor":20,"gold_loss":0,"cards_obtained":["Writhe"]},{"damage_healed":0,"gold_gain":0,"player_choice":"Inject Mutagens","damage_taken":0,"relics_obtained":["MutagenicStrength"],"max_hp_gain":0,"max_hp_loss":0,"event_name":"Drug Dealer","floor":25,"gold_loss":0},{"damage_healed":0,"gold_gain":0,"player_choice":"Ignored","damage_taken":0,"max_hp_gain":0,"max_hp_loss":0,"event_name":"Ghosts","floor":29,"gold_loss":0},{"damage_healed":0,"gold_gain":0,"player_choice":"Ignored","damage_taken":0,"max_hp_gain":0,"max_hp_loss":0,"event_name":"Vampires","floor":30,"gold_loss":0},{"damage_healed":0,"gold_gain":0,"player_choice":"Fight","damage_taken":0,"max_hp_gain":0,"max_hp_loss":0,"event_name":"Mysterious Sphere","floor":36,"gold_loss":0},{"damage_healed":24,"gold_gain":0,"player_choice":"Writhe","damage_taken":0,"max_hp_gain":0,"max_hp_loss":0,"event_name":"Winding Halls","floor":37,"gold_loss":0,"cards_obtained":["Writhe"]},{"damage_healed":0,"gold_gain":0,"player_choice":"Ignored","damage_taken":0,"max_hp_gain":0,"max_hp_loss":0,"event_name":"SecretPortal","floor":38,"gold_loss":0}],"is_beta":false,"boss_relics":[{"not_picked":["Empty Cage","Eternal Feather"],"picked":"Cursed Key"},{"not_picked":["Orrery","Runic Pyramid"],"picked":"Busted Crown"}],"items_purged_floors":[22,27],"is_endless":false,"potions_floor_spawned":[1,7,14,19,21],"killed_by":"Giant Head","ascension_level":7}