{"gold_per_floor":[364,376,181,256,274,274,294,294,294,306,206,206,13,46,46,148,148,164,88,88,105,118,118,146,157,157,157],"floor_reached":27,"playtime":1024,"items_purged":["Strike_B","Strike_B","Defend_B"],"score":373,"play_id":"1857d877-1542-4ed2-8a63-e1c2a93c3e57","local_time":"20190504185121","is_ascension_mode":true,"campfire_choices":[{"data":"Dualcast","floor":6.0,"key":"SMITH"},{"data":"Zap","floor":8.0,"key":"SMITH"},{"data":"Blizzard","floor":12.0,"key":"SMITH"},{"floor":15.0,"key":"REST"},{"floor":23.0,"key":"REST"}],"neow_cost":"TEN_PERCENT_HP_LOSS","seed_source_timestamp":1848179027567958,"circlet_count":0,"master_deck":["AscendersBane","Strike_B","Strike_B","Defend_B","Defend_B","Defend_B","Zap+1","Dualcast+1","Cold Snap","Blizzard+1","Chill","Compile Driver","Reinforced Body","Auto Shields","Sweeping Beam","Defragment","Ball Lightning","Electrodynamics","Doubt","Coolheaded","Capacitor","Loop","Hyperbeam","Leap"],"special_seed":0,"relics":["Cracked Core","Omamori","Blue Candle","Calling Bell","Juzu Bracelet","Letter Opener","Calipers","Centennial Puzzle","The Courier"],"potions_floor_usage":[24,25,27],"damage_taken":[{"damage":5.0,"enemies":"Small Slimes","floor":1.0,"turns":3.0},{"damage":7.0,"enemies":"Jaw Worm","floor":2.0,"turns":3.0},{"damage":1.0,"enemies":"Cultist","floor":5.0,"turns":4.0},{"damage":8.0,"enemies":"Large Slime","floor":7.0,"turns":5.0},{"damage":0.0,"enemies":"Exordium Thugs","floor":10.0,"turns":4.0},{"damage":20.0,"enemies":"Gremlin Nob","floor":14.0,"turns":5.0},{"damage":19.0,"enemies":"Slime Boss","floor":16.0,"turns":10.0},{"damage":0.0,"enemies":"3 Byrds","floor":18.0,"turns":3.0},{"damage":18.0,"enemies":"Spheric Guardian","floor":21.0,"turns":5.0},{"damage":11.0,"enemies":"Centurion and Healer","floor":22.0,"turns":7.0},{"damage":26,"enemies":"Slavers","floor":24,"turns":5},{"damage":7,"enemies":"Chosen and Byrds","floor":25,"turns":6},{"damage":21,"enemies":"Book of Stabbing","floor":27,"turns":2}],"seed_played":"-8001499699665985728","potions_obtained":[{"floor":2.0,"key":"Fire Potion"},{"floor":14.0,"key":"Explosive Potion"},{"floor":16.0,"key":"Swift Potion"},{"floor":21.0,"key":"Block Potion"},{"floor":24,"key":"Explosive Potion"},{"floor":25,"key":"FocusPotion"}],"is_trial":false,"path_per_floor":["M","M","$","?","M","R","M","R","T","M","$","R","$","E","R","B",null,"M","$","?","M","M","R","E","M","T","E"],"character_chosen":"DEFECT","items_purchased":["Chill","Compile Driver","Defragment","Capacitor"],"campfire_rested":2,"item_purchase_floors":[3,3,13,19],"current_hp_per_floor":[63,56,56,45,44,44,36,36,36,36,36,36,36,16,36,17,55,55,55,55,37,26,46,20,13,13,0],"gold":157,"neow_bonus":"TWO_FIFTY_GOLD","is_prod":false,"is_daily":false,"chose_seed":false,"campfire_upgraded":3,"win_rate":0,"timestamp":1556963481,"path_taken":["M","M","$","?","M","R","M","R","T","M","$","R","$","E","R","BOSS","M","$","?","M","M","R","E","M","T","E"],"build_version":"2019-01-23","purchased_purges":3,"victory":false,"max_hp_per_floor":[68,68,68,68,68,68,68,68,68,68,68,68,68,68,68,68,68,68,68,68,68,68,68,68,68,68,68],"card_choices":[{"not_picked":["Chaos","Darkness"],"picked":"Cold Snap","floor":1.0},{"not_picked":["Turbo","Barrage"],"picked":"Blizzard","floor":2.0},{"not_picked":["Rebound","Heatsinks"],"picked":"Reinforced Body","floor":5.0},{"not_picked":["Cold Snap","Scrape"],"picked":"Auto Shields","floor":7.0},{"not_picked":["Creative AI","Stack"],"picked":"Sweeping Beam","floor":10.0},{"not_picked":["Rip and Tear","Self Repair"],"picked":"Ball Lightning","floor":14.0},{"not_picked":["Amplify","All For One"],"picked":"Electrodynamics","floor":16.0},{"not_picked":["Self Repair","Streamline"],"picked":"Coolheaded","floor":18.0},{"not_picked":["Steam","Cold Snap"],"picked":"Loop","floor":21.0},{"not_picked":["Steam","Skim"],"picked":"Hyperbeam","floor":22.0},{"not_picked":["Streamline","Coolheaded","Barrage"],"picked":"SKIP","floor":24},{"not_picked":["Barrage","Sweeping Beam"],"picked":"Leap","floor":25}],"player_experience":499730,"relics_obtained":[{"floor":9.0,"key":"Omamori"},{"floor":14.0,"key":"Blue Candle"},{"floor":17.0,"key":"Juzu Bracelet"},{"floor":17.0,"key":"Letter Opener"},{"floor":17.0,"key":"Calipers"},{"floor":24,"key":"Centennial Puzzle"},{"floor":26,"key":"The Courier"}],"event_choices":[{"damage_healed":0.0,"max_hp_gain":0.0,"max_hp_loss":0.0,"gold_gain":75.0,"event_name":"World of Goop","player_choice":"Gather Gold","floor":4.0,"gold_loss":0.0,"damage_taken":11.0},{"damage_healed":0.0,"max_hp_gain":0.0,"max_hp_loss":0.0,"gold_gain":0.0,"event_name":"Ghosts","player_choice":"Ignored","floor":20.0,"gold_loss":0.0,"damage_taken":0.0}],"is_beta":false,"boss_relics":[{"not_picked":["Cursed Key","Snecko Eye"],"picked":"Calling Bell"}],"items_purged_floors":[3,11,13],"is_endless":false,"potions_floor_spawned":[2,14,16,21,24,25],"killed_by":"Book of Stabbing","ascension_level":12}