{"gold_per_floor":[113,127,146,166,91,91,122,122,177,177,177,187,206,225,225,323,323,343,98,98,113,23,23,41,41,41,59,70,70,160,174,174,272,322,337,337,337,66,79,79,111,123,148,492,514,526,538,253,253,253],"floor_reached":50,"playtime":2962,"items_purged":["Strike_B","Defend_B","Strike_B","Strike_B"],"score":680,"play_id":"3aea57a8-c3e4-497a-8346-b8e3d89b2691","local_time":"20190401231031","is_ascension_mode":true,"campfire_choices":[{"floor":6,"key":"REST"},{"floor":8,"key":"REST"},{"data":"Go for the Eyes","floor":11,"key":"SMITH"},{"data":"Streamline","floor":15,"key":"SMITH"},{"data":"Buffer","floor":23,"key":"SMITH"},{"data":"Go for the Eyes","floor":25,"key":"SMITH"},{"floor":32,"key":"REST"},{"floor":40,"key":"REST"},{"floor":46,"key":"REST"},{"floor":49,"key":"REST"}],"neow_cost":"PERCENT_DAMAGE","seed_source_timestamp":1563238425101191,"circlet_count":0,"master_deck":["Defend_B","Defend_B","Defend_B","Zap","Dualcast","Rip and Tear","Leap+1","Streamline+1","Cold Snap","Go for the Eyes+1","Rebound+1","Turbo","Go for the Eyes+1","Buffer+1","Skim","Beam Cell+1","PanicButton","Sunder+1","FTL","Cold Snap","Meteor Strike","Steam+1","Sunder","Core Surge+1","Coolheaded","Stack","Leap+1"],"relics":["Cracked Core","Mango","Oddly Smooth Stone","Tiny Chest","Sozu","Blood Vial","Meat on the Bone","Tiny House","Gambling Chip","Strawberry","Orichalcum","MawBank","Old Coin","Whetstone"],"potions_floor_usage":[4,7,13,16],"damage_taken":[{"damage":12,"enemies":"Jaw Worm","floor":1,"turns":2},{"damage":1,"enemies":"Cultist","floor":2,"turns":3},{"damage":6,"enemies":"2 Louse","floor":3,"turns":2},{"damage":21,"enemies":"Lots of Slimes","floor":4,"turns":3},{"damage":17,"enemies":"Lagavulin","floor":7,"turns":7},{"damage":13,"enemies":"Exordium Wildlife","floor":12,"turns":5},{"damage":0,"enemies":"Looter","floor":13,"turns":3},{"damage":0,"enemies":"Red Slaver","floor":14,"turns":2},{"damage":12,"enemies":"Hexaghost","floor":16,"turns":9},{"damage":0,"enemies":"Spheric Guardian","floor":18,"turns":3},{"damage":8,"enemies":"Shell Parasite","floor":21,"turns":5},{"damage":27,"enemies":"3 Cultists","floor":24,"turns":6},{"damage":1,"enemies":"Snecko","floor":27,"turns":4},{"damage":12,"enemies":"Shelled Parasite and Fungi","floor":28,"turns":7},{"damage":4,"enemies":"Centurion and Healer","floor":31,"turns":5},{"damage":60,"enemies":"Collector","floor":33,"turns":10},{"damage":12,"enemies":"3 Darklings","floor":35,"turns":8},{"damage":21,"enemies":"3 Shapes","floor":39,"turns":5},{"damage":51,"enemies":"Nemesis","floor":41,"turns":12},{"damage":3,"enemies":"Maw","floor":42,"turns":8},{"damage":56,"enemies":"Reptomancer","floor":44,"turns":9},{"damage":11,"enemies":"Spire Growth","floor":45,"turns":5},{"damage":83,"enemies":"Time Eater","floor":50,"turns":9}],"seed_played":"7558605510989070289","potions_obtained":[{"floor":1,"key":"PowerPotion"},{"floor":3,"key":"Strength Potion"},{"floor":12,"key":"Regen Potion"},{"floor":13,"key":"FearPotion"}],"is_trial":false,"path_per_floor":["M","M","M","M","$","R","E","R","T","?","R","M","M","M","R","B",null,"M","$","?","M","$","R","M","R","T","M","M","T","?","M","R","B",null,"M","T","?","$","M","R","E","M","T","E","M","R","?","$","R","B"],"character_chosen":"DEFECT","items_purchased":["Blood Vial","PanicButton","Strawberry","Whetstone"],"campfire_rested":6,"item_purchase_floors":[19,22,38,48],"current_hp_per_floor":[56,55,49,28,28,54,37,63,63,63,63,50,59,59,59,47,79,79,79,89,81,81,81,56,56,56,57,47,47,31,41,67,21,77,67,67,67,74,55,85,48,59,59,17,20,50,50,50,80,0],"gold":253,"neow_bonus":"ONE_RARE_RELIC","is_prod":false,"is_daily":false,"chose_seed":false,"campfire_upgraded":4,"win_rate":0,"timestamp":1554127831,"path_taken":["M","M","M","M","$","R","E","R","T","?","R","M","M","?","R","BOSS","M","$","?","M","$","R","?","R","T","M","M","?","?","M","R","BOSS","M","?","?","$","M","R","E","M","T","E","M","R","?","$","R","BOSS"],"build_version":"2019-01-23","purchased_purges":4,"victory":false,"max_hp_per_floor":[89,89,89,89,89,89,89,89,89,89,89,89,89,89,89,89,89,89,89,89,89,89,89,89,89,89,89,89,89,89,89,89,89,94,94,94,94,101,101,101,101,101,101,101,101,101,101,101,101,101],"card_choices":[{"not_picked":["Scrape","Redo"],"picked":"Rip and Tear","floor":1},{"not_picked":["Static Discharge","Compile Driver"],"picked":"Leap","floor":2},{"not_picked":["Conserve Battery","Double Energy"],"picked":"Streamline","floor":3},{"not_picked":["Static Discharge","Gash"],"picked":"Cold Snap","floor":4},{"not_picked":["Coolheaded","Chill"],"picked":"Go for the Eyes","floor":7},{"not_picked":["Coolheaded","Multi-Cast"],"picked":"Rebound","floor":12},{"not_picked":["Hello World","White Noise"],"picked":"Turbo","floor":13},{"not_picked":["Steam Power","Turbo"],"picked":"Go for the Eyes","floor":14},{"not_picked":["Rainbow","Amplify"],"picked":"Buffer","floor":16},{"not_picked":["Doom and Gloom","Ball Lightning"],"picked":"Skim","floor":18},{"not_picked":["Static Discharge+1","BootSequence"],"picked":"Beam Cell+1","floor":21},{"not_picked":["Lockon","Scrape"],"picked":"Sunder+1","floor":24},{"not_picked":["Streamline","Steam Power"],"picked":"FTL","floor":27},{"not_picked":["Aggregate","Chill+1"],"picked":"Cold Snap","floor":28},{"not_picked":["Cold Snap","Consume","Lockon"],"picked":"SKIP","floor":31},{"not_picked":["Hyperbeam","Machine Learning"],"picked":"Meteor Strike","floor":33},{"not_picked":["Cold Snap","Tempest"],"picked":"Steam+1","floor":35},{"not_picked":["Turbo","Loop"],"picked":"Sunder","floor":39},{"not_picked":["Redo","Stack"],"picked":"Core Surge","floor":41},{"not_picked":["Heatsinks","Leap+1"],"picked":"Coolheaded","floor":42},{"not_picked":["Melter+1","Beam Cell+1"],"picked":"Stack","floor":44},{"not_picked":["White Noise+1","Barrage+1"],"picked":"Leap+1","floor":45}],"player_experience":232304,"relics_obtained":[{"floor":7,"key":"Oddly Smooth Stone"},{"floor":9,"key":"Tiny Chest"},{"floor":29,"key":"Meat on the Bone"},{"floor":36,"key":"Gambling Chip"},{"floor":41,"key":"Orichalcum"},{"floor":43,"key":"MawBank"},{"floor":44,"key":"Old Coin"}],"event_choices":[{"cards_removed":["Strike_B"],"damage_healed":0,"gold_gain":0,"player_choice":"Offered Basic","damage_taken":0,"max_hp_gain":0,"max_hp_loss":0,"event_name":"Bonfire Elementals","floor":10,"gold_loss":0},{"damage_healed":10,"gold_gain":0,"player_choice":"Full Heal","damage_taken":0,"max_hp_gain":0,"max_hp_loss":0,"event_name":"Wheel of Change","floor":20,"gold_loss":0},{"damage_healed":0,"gold_gain":90,"player_choice":"GOLD ","damage_taken":16,"max_hp_gain":0,"max_hp_loss":0,"event_name":"Knowing Skull","floor":30,"potions_obtained":[],"gold_loss":0,"cards_obtained":[]},{"damage_healed":0,"gold_gain":0,"player_choice":"Ignored","damage_taken":0,"max_hp_gain":0,"max_hp_loss":0,"event_name":"Tomb of Lord Red Mask","floor":37,"gold_loss":0},{"damage_healed":0,"gold_gain":0,"player_choice":"Ignored","damage_taken":0,"max_hp_gain":0,"max_hp_loss":0,"event_name":"Mysterious Sphere","floor":47,"gold_loss":0}],"is_beta":false,"boss_relics":[{"not_picked":["Black Star","Busted Crown"],"picked":"Sozu"},{"not_picked":["Pandora\u0027s Box","Runic Dome"],"picked":"Tiny House"}],"items_purged_floors":[5,19,38,48],"is_endless":false,"potions_floor_spawned":[1,3,12,13,24,28,33,35],"killed_by":"Time Eater","ascension_level":5}