{"gold_per_floor":[112,127,145,4,4,4,4,34,61,73,73,85,96,114,114,209,209,224,23,34,52,65,100,113,113,113,113,123,123,137,137,137,137],"floor_reached":33,"playtime":1628,"items_purged":[],"score":273,"play_id":"2966372c-4c5a-4d05-9e51-8b7e39dfb3f5","local_time":"20180827233647","is_ascension_mode":false,"campfire_choices":[{"floor":6,"key":"REST"},{"floor":11,"key":"REST"},{"floor":15,"key":"REST"},{"floor":25,"key":"REST"},{"floor":27,"key":"REST"},{"data":"Electrodynamics","floor":29,"key":"SMITH"},{"data":"Zap","floor":32,"key":"SMITH"}],"neow_cost":"NONE","seed_source_timestamp":1162799987602582,"circlet_count":0,"master_deck":["Strike_B","Strike_B+1","Strike_B+1","Defend_B","Defend_B","Defend_B","Defend_B","Zap+1","Dualcast","Lockon","Compile Driver","Redo","Swift Strike","Steam Power","Go for the Eyes","Sweeping Beam","Seek","Ball Lightning","Barrage","Electrodynamics+1","Auto Shields+1","BootSequence","Leap+1","Melter","Gash+1","Go for the Eyes+1"],"relics":["Cracked Core","Vajra","FaceOfCleric","Centennial Puzzle","Ancient Tea Set","Runic Pyramid","Membership Card","Juzu Bracelet","Molten Egg 2"],"potions_floor_usage":[18,18,18,18,18,18,18,18],"damage_taken":[{"damage":5,"enemies":"2 Louse","floor":1,"turns":2},{"damage":0,"enemies":"Small Slimes","floor":2,"turns":2},{"damage":0,"enemies":"Cultist","floor":3,"turns":2},{"damage":18,"enemies":"Gremlin Nob","floor":8,"turns":3},{"damage":7,"enemies":"Large Slime","floor":10,"turns":2},{"damage":0,"enemies":"Red Slaver","floor":12,"turns":1},{"damage":11,"enemies":"3 Louse","floor":13,"turns":2},{"damage":11,"enemies":"Exordium Wildlife","floor":14,"turns":2},{"damage":42,"enemies":"Slime Boss","floor":16,"turns":8},{"damage":0,"enemies":"3 Byrds","floor":18,"turns":2},{"damage":31,"enemies":"Shell Parasite","floor":20,"turns":4},{"damage":1,"enemies":"Snake Plant","floor":21,"turns":4},{"damage":13,"enemies":"3 Cultists","floor":22,"turns":4},{"damage":19,"enemies":"Slavers","floor":23,"turns":3},{"damage":2,"enemies":"Centurion and Healer","floor":24,"turns":5},{"damage":4,"enemies":"Cultist and Chosen","floor":28,"turns":3},{"damage":0,"enemies":"3 Cultists","floor":30,"turns":2},{"damage":78,"enemies":"Champ","floor":33,"turns":11}],"seed_played":"7491441311510632089","potions_obtained":[{"floor":2,"key":"Swift Potion"},{"floor":3,"key":"Energy Potion"},{"floor":8,"key":"EntropicBrew"},{"floor":12,"key":"EntropicBrew"},{"floor":18,"key":"Strength Potion"},{"floor":23,"key":"Weak Potion"},{"floor":28,"key":"Block Potion"}],"is_trial":false,"path_per_floor":["M","M","M","$","?","R","?","E","T","M","R","M","M","M","R","B",null,"M","$","M","M","M","E","M","R","T","R","M","R","M","?","R"],"character_chosen":"DEFECT","items_purchased":["Swift Strike","Steam Power","Membership Card"],"campfire_rested":5,"item_purchase_floors":[4,4,19],"current_hp_per_floor":[70,70,70,70,55,75,75,58,58,52,75,76,66,56,80,39,81,82,82,52,52,40,22,21,47,47,73,70,70,71,71,71,0],"gold":137,"neow_bonus":"RANDOM_COMMON_RELIC","is_prod":false,"is_daily":false,"chose_seed":false,"campfire_upgraded":2,"win_rate":0,"timestamp":1535438207,"path_taken":["M","M","M","$","?","R","?","E","T","M","R","M","M","M","R","BOSS","M","$","M","M","M","E","M","R","T","R","M","R","M","?","R","BOSS"],"build_version":"2018-08-23v2","purchased_purges":0,"victory":false,"max_hp_per_floor":[75,75,75,75,75,75,75,76,76,77,77,78,79,80,80,81,81,82,82,83,84,85,86,87,87,87,87,88,88,89,89,89,89],"card_choices":[{"not_picked":["Leap","Aggregate"],"picked":"Lockon","floor":1},{"not_picked":["Blizzard","Cold Snap"],"picked":"Compile Driver","floor":2},{"not_picked":["Turbo","Compile Driver"],"picked":"Redo","floor":3},{"not_picked":["Genetic Algorithm","Defragment"],"picked":"Go for the Eyes","floor":8},{"not_picked":["Conserve Battery","Lockon"],"picked":"Sweeping Beam","floor":10},{"not_picked":["Consume","Storm"],"picked":"Seek","floor":12},{"not_picked":["Beam Cell","Steam"],"picked":"Ball Lightning","floor":13},{"not_picked":["Recycle","Aggregate"],"picked":"Barrage","floor":14},{"not_picked":["Fission","All For One"],"picked":"Electrodynamics","floor":16},{"not_picked":["Beam Cell+1","Sweeping Beam"],"picked":"Auto Shields+1","floor":18},{"not_picked":["Recycle","Leap"],"picked":"BootSequence","floor":20},{"not_picked":["Hologram","Defragment+1","Sweeping Beam+1"],"picked":"SKIP","floor":21},{"not_picked":["Glacier+1","Streamline"],"picked":"Leap+1","floor":22},{"not_picked":["Turbo","Undo","Coolheaded+1"],"picked":"SKIP","floor":23},{"not_picked":["Steam","Stack+1"],"picked":"Melter","floor":24},{"not_picked":["Auto Shields","Rebound+1"],"picked":"Gash+1","floor":28},{"not_picked":["Scrape+1","Stack"],"picked":"Go for the Eyes+1","floor":30}],"player_experience":45714,"relics_obtained":[{"floor":8,"key":"Centennial Puzzle"},{"floor":9,"key":"Ancient Tea Set"},{"floor":23,"key":"Juzu Bracelet"},{"floor":26,"key":"Molten Egg 2"}],"event_choices":[{"event_name":"Shining Light","player_choice":"Entered Light","floor":5,"damage_taken":0},{"event_name":"FaceTrader","player_choice":"Trade","floor":7,"damage_taken":0},{"event_name":"Back to Basics","player_choice":"Elegance","floor":31,"damage_taken":0}],"is_beta":false,"boss_relics":[{"not_picked":["Coffee Dripper","Inserter"],"picked":"Runic Pyramid"}],"items_purged_floors":[],"is_endless":false,"potions_floor_spawned":[2,3,8,12,14,18,23,28,30],"killed_by":"Champ","ascension_level":0}