{"gold_per_floor":[213,230,244,52,64,76,120,132,144,187,274,286],"floor_reached":12,"playtime":904,"items_purged":[],"score":99,"play_id":"e05edbc8-d131-4a62-a9c1-0c82f626cfa4","local_time":"20181207130125","is_ascension_mode":true,"campfire_choices":[{"data":"Noxious Fumes","floor":6,"key":"SMITH"},{"data":"Catalyst","floor":8,"key":"SMITH"}],"neow_cost":"NONE","seed_source_timestamp":316175143628767,"circlet_count":0,"master_deck":["Defend_G","Defend_G","Defend_G","Defend_G","Defend_G","Strike_G","Strike_G","Strike_G","Strike_G","Strike_G","Survivor","Neutralize","Noxious Fumes+1","Catalyst+1","PiercingWail","Corpse Explosion"],"relics":["Ring of the Snake","MawBank","Bottled Lightning","Blood Vial","Matryoshka"],"potions_floor_usage":[2,7,12],"damage_taken":[{"damage":19,"enemies":"Jaw Worm","floor":1,"turns":7},{"damage":3,"enemies":"2 Louse","floor":2,"turns":3},{"damage":6,"enemies":"Small Slimes","floor":3,"turns":5},{"damage":19,"enemies":"3 Sentries","floor":7,"turns":7},{"damage":34,"enemies":"Lagavulin","floor":10,"turns":9},{"damage":5,"enemies":"2 Fungi Beasts","floor":12,"turns":2}],"seed_played":"-6258620502188276203","potions_obtained":[{"floor":1,"key":"EssenceOfSteel"},{"floor":2,"key":"AttackPotion"},{"floor":10,"key":"SteroidPotion"}],"is_trial":false,"path_per_floor":["M","M","M","$","?","R","E","R","T","E","?","M"],"character_chosen":"THE_SILENT","items_purchased":["Catalyst","MawBank"],"campfire_rested":0,"item_purchase_floors":[4,4],"current_hp_per_floor":[51,48,42,42,65,65,46,46,46,14,3,0],"gold":286,"neow_bonus":"HUNDRED_GOLD","is_prod":false,"is_daily":false,"chose_seed":false,"campfire_upgraded":2,"win_rate":0,"timestamp":1544184085,"path_taken":["M","M","M","$","?","R","E","R","T","E","?","M"],"build_version":"2018-12-06","purchased_purges":0,"victory":false,"max_hp_per_floor":[70,70,70,70,70,70,70,70,70,70,70,70],"card_choices":[{"not_picked":["Blur","Finisher"],"picked":"Noxious Fumes","floor":1},{"not_picked":["Terror","Prepared","Deflect"],"picked":"SKIP","floor":2},{"not_picked":["Underhanded Strike","Expertise","Poisoned Stab"],"picked":"SKIP","floor":3},{"not_picked":["Prepared","Cloak And Dagger"],"picked":"PiercingWail","floor":7},{"not_picked":["Dash","Wraith Form v2"],"picked":"Corpse Explosion","floor":10}],"player_experience":369362,"relics_obtained":[{"floor":7,"key":"Bottled Lightning"},{"floor":9,"key":"Blood Vial"},{"floor":10,"key":"Matryoshka"}],"event_choices":[{"damage_healed":23,"gold_gain":0,"player_choice":"Banana","damage_taken":0,"max_hp_gain":0,"max_hp_loss":0,"event_name":"Big Fish","floor":5,"gold_loss":0},{"damage_healed":0,"gold_gain":75,"player_choice":"Gather Gold","damage_taken":11,"max_hp_gain":0,"max_hp_loss":0,"event_name":"World of Goop","floor":11,"gold_loss":0}],"is_beta":false,"boss_relics":[],"items_purged_floors":[],"is_endless":false,"potions_floor_spawned":[1,2,10],"killed_by":"2 Fungi Beasts","ascension_level":3}