{"gold_per_floor":[18,35,49,49,49,49,60,60,60,60,60,60,75,75,75,75],"floor_reached":16,"playtime":809,"items_purged":[],"score":140,"play_id":"2ae4a840-fce5-4d63-b120-5ecd616d8ed1","local_time":"20190115204747","is_ascension_mode":true,"campfire_choices":[{"data":"Entrench","floor":6,"key":"SMITH"},{"data":"Defend_R","floor":10,"key":"SMITH"},{"data":"Defend_R","floor":12,"key":"SMITH"},{"data":"Defend_R","floor":15,"key":"SMITH"}],"neow_cost":"NO_GOLD","seed_source_timestamp":867110976616234,"circlet_count":0,"master_deck":["AscendersBane","Strike_R","Strike_R","Strike_R","Strike_R+1","Defend_R","Defend_R+1","Defend_R+1","Defend_R+1","Bash","Barricade+1","True Grit","Entrench+1","True Grit","Immolate"],"relics":["Burning Blood","Mummified Hand"],"potions_floor_usage":[7,13,16,16,16],"damage_taken":[{"damage":0,"enemies":"Small Slimes","floor":1,"turns":6},{"damage":14,"enemies":"Jaw Worm","floor":2,"turns":4},{"damage":12,"enemies":"Cultist","floor":3,"turns":5},{"damage":13,"enemies":"Large Slime","floor":7,"turns":12},{"damage":16,"enemies":"Lots of Slimes","floor":13,"turns":10},{"damage":38,"enemies":"Slime Boss","floor":16,"turns":8}],"seed_played":"2581601122046491987","potions_obtained":[{"floor":1,"key":"Poison Potion"},{"floor":3,"key":"AttackPotion"},{"floor":13,"key":"EntropicBrew"}],"is_trial":false,"path_per_floor":["M","M","M","$","?","R","M","?","T","R","?","R","M","?","R","B"],"character_chosen":"IRONCLAD","items_purchased":[],"campfire_rested":0,"item_purchase_floors":[],"current_hp_per_floor":[78,70,64,64,48,48,41,41,41,41,46,46,36,29,29,0],"gold":75,"neow_bonus":"THREE_RARE_CARDS","is_prod":false,"is_daily":false,"chose_seed":false,"campfire_upgraded":4,"win_rate":0,"timestamp":1547585267,"path_taken":["M","M","M","$","?","R","M","?","T","R","?","R","M","?","R","BOSS"],"build_version":"2019-01-10","purchased_purges":0,"victory":false,"max_hp_per_floor":[80,80,80,80,80,80,80,80,80,80,85,85,85,85,85,85],"card_choices":[{"not_picked":["Brutality","Exhume"],"picked":"Barricade","floor":0},{"not_picked":["Hemokinesis","Sword Boomerang"],"picked":"True Grit","floor":1},{"not_picked":["Hemokinesis","Rampage","Havoc"],"picked":"SKIP","floor":2},{"not_picked":["Hemokinesis","Rampage","Havoc"],"picked":"SKIP","floor":2},{"not_picked":["Havoc","Rupture"],"picked":"Entrench","floor":3},{"not_picked":["Heavy Blade","Rage"],"picked":"True Grit","floor":7},{"not_picked":["Immolate","Heavy Blade","Hemokinesis"],"picked":"SKIP","floor":13},{"not_picked":["Heavy Blade","Hemokinesis"],"picked":"Immolate","floor":13}],"player_experience":111777,"relics_obtained":[{"floor":9,"key":"Mummified Hand"}],"event_choices":[{"damage_healed":0,"gold_gain":0,"player_choice":"Entered Light","damage_taken":16,"max_hp_gain":0,"max_hp_loss":0,"event_name":"Shining Light","floor":5,"gold_loss":0,"cards_upgraded":["Barricade","Strike_R"]},{"damage_healed":0,"gold_gain":0,"player_choice":"Ignored","damage_taken":0,"max_hp_gain":0,"max_hp_loss":0,"event_name":"Liars Game","floor":8,"gold_loss":0},{"damage_healed":0,"gold_gain":0,"player_choice":"Donut","damage_taken":0,"max_hp_gain":5,"max_hp_loss":0,"event_name":"Big Fish","floor":11,"gold_loss":0},{"cards_removed":["Strike_R"],"damage_healed":0,"gold_gain":0,"player_choice":"Card Removal","damage_taken":7,"max_hp_gain":0,"max_hp_loss":0,"event_name":"Golden Wing","floor":14,"gold_loss":0}],"is_beta":false,"boss_relics":[],"items_purged_floors":[],"is_endless":false,"potions_floor_spawned":[1,3,13],"killed_by":"Slime Boss","ascension_level":11}