{"gold_per_floor":[219,169,182,357,24,24,34,34,34,51,77,89,101,113],"floor_reached":14,"playtime":441,"items_purged":["Doubt"],"score":88,"play_id":"33f1b689-390c-449f-8e4d-601192839eae","local_time":"20181212071832","is_ascension_mode":false,"campfire_choices":[{"data":"Storm","floor":6,"key":"SMITH"}],"neow_cost":"NONE","seed_source_timestamp":530989749928425,"circlet_count":0,"master_deck":["Strike_B","Strike_B","Strike_B","Strike_B","Defend_B","Defend_B","Defend_B","Defend_B","Zap","Storm+1"],"relics":["Cracked Core","Mummified Hand","Lantern","MawBank"],"potions_floor_usage":[10,11,14],"damage_taken":[{"damage":0,"enemies":"Small Slimes","floor":1,"turns":4},{"damage":1,"enemies":"2 Louse","floor":3,"turns":4},{"damage":7,"enemies":"Jaw Worm","floor":7,"turns":4},{"damage":5,"enemies":"Red Slaver","floor":10,"turns":4},{"damage":35,"enemies":"Lagavulin","floor":11,"turns":7},{"damage":35,"enemies":"3 Sentries","floor":14,"turns":4}],"seed_played":"3044264591076481216","potions_obtained":[{"floor":3,"key":"Strength Potion"},{"floor":10,"key":"Weak Potion"},{"floor":11,"key":"Strength Potion"}],"is_trial":false,"path_per_floor":["M","?","M","?","$","R","M","$","T","M","E","$","$","E"],"character_chosen":"DEFECT","items_purchased":["Mummified Hand"],"campfire_rested":0,"item_purchase_floors":[5],"current_hp_per_floor":[75,75,74,74,74,74,67,67,67,62,27,27,27,0],"gold":113,"neow_bonus":"HUNDRED_GOLD","is_prod":false,"is_daily":false,"chose_seed":false,"campfire_upgraded":1,"win_rate":0,"timestamp":1544595512,"path_taken":["M","?","M","?","$","R","M","$","T","M","E","?","$","E"],"build_version":"2018-12-06","purchased_purges":1,"victory":false,"max_hp_per_floor":[75,75,75,75,75,75,75,75,75,75,75,75,75,75],"card_choices":[{"not_picked":["Ball Lightning","Streamline"],"picked":"Storm","floor":1},{"not_picked":["Leap","Streamline","Chill"],"picked":"SKIP","floor":3},{"not_picked":["Melter","Beam Cell","Compile Driver"],"picked":"SKIP","floor":7},{"not_picked":["Compile Driver","Gash","Steam"],"picked":"SKIP","floor":10},{"not_picked":["Tempest","Melter","Leap"],"picked":"SKIP","floor":11}],"player_experience":413794,"relics_obtained":[{"floor":9,"key":"Lantern"},{"floor":11,"key":"MawBank"}],"event_choices":[{"cards_removed":["Dualcast"],"damage_healed":0,"gold_gain":0,"player_choice":"Card Removal","damage_taken":0,"max_hp_gain":0,"max_hp_loss":0,"event_name":"The Cleric","floor":2,"gold_loss":50},{"damage_healed":0,"gold_gain":175,"player_choice":"AGREE","damage_taken":0,"max_hp_gain":0,"max_hp_loss":0,"event_name":"Liars Game","floor":4,"gold_loss":0,"cards_obtained":["Doubt"]}],"is_beta":false,"boss_relics":[],"items_purged_floors":[5],"is_endless":false,"potions_floor_spawned":[3,10,11],"killed_by":"3 Sentries","ascension_level":0}