{"gold_per_floor":[114,114,126,187,41,76,76,111,164,180,180,190,220,239,239,335,335,348,365,139,153,53,84,84,117,117,150,200,200,270,346,346,449,449,461,471,481,115,165,165,181,215,242,292,292,67,83,9,9,9],"floor_reached":51,"playtime":2735,"items_purged":["Strike_R","Defend_R","Strike_R","Parasite"],"score":1094,"play_id":"31541080-b3ed-42cb-85c1-a0ad80810da3","local_time":"20190419221323","is_ascension_mode":true,"campfire_choices":[{"data":"Spot Weakness","floor":7.0,"key":"SMITH"},{"floor":11.0,"key":"REST"},{"data":"Heavy Blade","floor":15,"key":"SMITH"},{"floor":24,"key":"REST"},{"floor":29,"key":"REST"},{"floor":32,"key":"REST"},{"floor":40,"key":"REST"},{"floor":45,"key":"REST"},{"floor":49,"key":"REST"}],"neow_cost":"NONE","seed_source_timestamp":131298360399494,"circlet_count":0,"master_deck":["Strike_R","Strike_R+1","Defend_R","Defend_R","Bash","Spot Weakness+1","Impervious","Pummel+1","Offering","Heavy Blade+1","Demon Form+1","Intimidate+1","Pommel Strike+1","Shrug It Off+1","Whirlwind+1"],"special_seed":0,"relics":["Burning Blood","NeowsBlessing","SsserpentHead","PreservedInsect","Pen Nib","Orichalcum","Tiny Chest","Blue Candle","Lizard Tail","Art of War","Anchor","Paper Frog","Oddly Smooth Stone","Whetstone","Blood Vial","Juzu Bracelet","Empty Cage","Membership Card","Mummified Hand","Dream Catcher","Smiling Mask","Vajra","Red Skull","Bag of Preparation"],"potions_floor_usage":[13,13,16,16,27,30,37,37,50,50,50],"damage_taken":[{"damage":0.0,"enemies":"Jaw Worm","floor":1.0,"turns":1.0},{"damage":0.0,"enemies":"Cultist","floor":3.0,"turns":1.0},{"damage":0.0,"enemies":"2 Louse","floor":4.0,"turns":1.0},{"damage":30.0,"enemies":"Lagavulin","floor":6.0,"turns":6.0},{"damage":30.0,"enemies":"3 Sentries","floor":8.0,"turns":8.0},{"damage":10.0,"enemies":"Lots of Slimes","floor":10.0,"turns":4.0},{"damage":10.0,"enemies":"Exordium Wildlife","floor":12.0,"turns":2.0},{"damage":6,"enemies":"Gremlin Nob","floor":13,"turns":2},{"damage":6,"enemies":"Blue Slaver","floor":14,"turns":1},{"damage":20,"enemies":"Slime Boss","floor":16,"turns":9},{"damage":21,"enemies":"Chosen","floor":18,"turns":5},{"damage":18,"enemies":"3 Byrds","floor":19,"turns":4},{"damage":22,"enemies":"Shelled Parasite and Fungi","floor":21,"turns":4},{"damage":11,"enemies":"Slavers","floor":23,"turns":3},{"damage":18,"enemies":"Book of Stabbing","floor":25,"turns":4},{"damage":25,"enemies":"Slavers","floor":27,"turns":5},{"damage":6,"enemies":"Snake Plant","floor":30,"turns":3},{"damage":87,"enemies":"Automaton","floor":33,"turns":10},{"damage":12,"enemies":"3 Shapes","floor":35,"turns":6},{"damage":44,"enemies":"3 Darklings","floor":36,"turns":11},{"damage":32,"enemies":"Spire Growth","floor":37,"turns":3},{"damage":8,"enemies":"Writhing Mass","floor":41,"turns":5},{"damage":16,"enemies":"Giant Head","floor":42,"turns":6},{"damage":14,"enemies":"3 Darklings","floor":47,"turns":2},{"damage":60,"enemies":"Awakened One","floor":50,"turns":7}],"seed_played":"-6639761521289982870","potions_obtained":[{"floor":3.0,"key":"FearPotion"},{"floor":4.0,"key":"FearPotion"},{"floor":10.0,"key":"Swift Potion"},{"floor":12.0,"key":"Fire Potion"},{"floor":14,"key":"Swift Potion"},{"floor":19,"key":"FairyPotion"},{"floor":25,"key":"Dexterity Potion"},{"floor":27,"key":"AttackPotion"},{"floor":33,"key":"Poison Potion"},{"floor":36,"key":"BloodPotion"},{"floor":39,"key":"Dexterity Potion"},{"floor":39,"key":"SneckoOil"},{"floor":39,"key":"Poison Potion"},{"floor":42,"key":"Poison Potion"}],"is_trial":false,"path_per_floor":["M","?","M","M","$","E","R","E","T","M","R","M","E","M","R","B",null,"M","M","$","M","$","E","R","E","T","E","?","R","M","T","R","B",null,"M","M","M","$","?","R","M","E","T","?","R","$","M","$","R","B",null],"character_chosen":"IRONCLAD","items_purchased":["PreservedInsect","Art of War","Anchor","Membership Card","Mummified Hand","Poison Potion","Vajra","Red Skull","Bag of Preparation"],"campfire_rested":7,"item_purchase_floors":[5,20,22,38,38,46,46,46,48],"current_hp_per_floor":[80,80,80,80,80,56,56,32,32,28,52,48,48,48,48,34,69,54,42,42,26,26,21,45,33,33,14,14,38,40,40,64,13,63,59,23,7,7,7,31,31,23,23,23,47,47,41,41,64,12],"gold":9,"neow_bonus":"THREE_ENEMY_KILL","is_prod":false,"is_daily":false,"chose_seed":false,"campfire_upgraded":2,"win_rate":0,"timestamp":1555704803,"path_taken":["M","?","M","?","$","E","R","E","T","M","R","M","E","M","R","BOSS","M","M","$","M","?","E","R","E","T","E","?","R","?","?","R","BOSS","M","M","M","$","?","R","M","E","T","?","R","$","M","?","R","BOSS"],"build_version":"2019-01-23","purchased_purges":4,"victory":true,"max_hp_per_floor":[80,80,80,80,80,80,80,80,80,80,80,80,80,80,80,80,80,80,80,80,80,80,80,80,80,80,80,80,80,80,80,80,80,80,80,80,80,80,80,80,80,80,80,80,80,80,80,77,77,77],"card_choices":[{"not_picked":["Flex","Seeing Red"],"picked":"Spot Weakness","floor":1.0},{"not_picked":["Cleave","Wild Strike","True Grit"],"picked":"SKIP","floor":3.0},{"not_picked":["Armaments","Cleave","Carnage"],"picked":"SKIP","floor":4.0},{"not_picked":["Flex","Rupture"],"picked":"Impervious","floor":6.0},{"not_picked":["Thunderclap","Sword Boomerang","True Grit"],"picked":"SKIP","floor":8.0},{"not_picked":["Anger","Perfected Strike"],"picked":"Pummel","floor":10.0},{"not_picked":["Wild Strike","Twin Strike"],"picked":"Offering","floor":12.0},{"not_picked":["Armaments","Blood for Blood"],"picked":"Heavy Blade","floor":13},{"not_picked":["Entrench","Sentinel","True Grit"],"picked":"SKIP","floor":14},{"not_picked":["Impervious","Exhume"],"picked":"Demon Form","floor":16},{"not_picked":["Reckless Charge+1","Cleave+1","Clash"],"picked":"SKIP","floor":18},{"not_picked":["Flex","Rage"],"picked":"Intimidate+1","floor":19},{"not_picked":["True Grit","Carnage"],"picked":"Pommel Strike+1","floor":21},{"not_picked":["Combust","Sword Boomerang","Sentinel"],"picked":"SKIP","floor":23},{"not_picked":["Heavy Blade","Feel No Pain+1","Anger"],"picked":"SKIP","floor":25},{"not_picked":["Inflame","Demon Form","Cleave"],"picked":"SKIP","floor":27},{"not_picked":["Armaments+1","Twin Strike","Carnage+1"],"picked":"SKIP","floor":30},{"not_picked":["Wild Strike","Headbutt"],"picked":"Shrug It Off+1","floor":35},{"not_picked":["Perfected Strike+1","Sentinel","Blood for Blood"],"picked":"SKIP","floor":36},{"not_picked":["Iron Wave+1","Carnage","Warcry+1"],"picked":"SKIP","floor":37},{"not_picked":["Wild Strike+1","Thunderclap+1"],"picked":"Whirlwind+1","floor":41},{"not_picked":["Uppercut","Body Slam","Clothesline+1"],"picked":"SKIP","floor":42},{"not_picked":["Body Slam","Hemokinesis+1","Flex+1"],"picked":"SKIP","floor":47}],"player_experience":384040,"relics_obtained":[{"floor":6.0,"key":"Pen Nib"},{"floor":8.0,"key":"Orichalcum"},{"floor":9.0,"key":"Tiny Chest"},{"floor":13,"key":"Blue Candle"},{"floor":23,"key":"Paper Frog"},{"floor":25,"key":"Oddly Smooth Stone"},{"floor":26,"key":"Whetstone"},{"floor":27,"key":"Blood Vial"},{"floor":31,"key":"Juzu Bracelet"},{"floor":42,"key":"Dream Catcher"},{"floor":43,"key":"Smiling Mask"}],"event_choices":[{"damage_healed":0.0,"max_hp_gain":0.0,"max_hp_loss":0.0,"gold_gain":0.0,"event_name":"FaceTrader","player_choice":"Trade","floor":2.0,"gold_loss":0.0,"damage_taken":0.0,"relics_obtained":["SsserpentHead"]},{"damage_healed":0,"gold_gain":0,"player_choice":"Forge","damage_taken":0,"max_hp_gain":0,"max_hp_loss":0,"event_name":"Accursed Blacksmith","floor":28,"gold_loss":0,"cards_upgraded":["Demon Form"]},{"damage_healed":0,"gold_gain":0,"player_choice":"Got Potions","damage_taken":0,"max_hp_gain":0,"max_hp_loss":0,"event_name":"Lab","floor":39,"gold_loss":0},{"damage_healed":0,"gold_gain":0,"player_choice":"Bought 0 Potions","damage_taken":0,"max_hp_gain":0,"max_hp_loss":0,"event_name":"The Woman in Blue","floor":44,"gold_loss":0}],"is_beta":false,"boss_relics":[{"not_picked":["White Beast Statue","Ectoplasm"],"picked":"Lizard Tail"},{"not_picked":["Tiny House","Mark of Pain"],"picked":"Empty Cage"}],"items_purged_floors":[20,38,46,48],"is_endless":false,"potions_floor_spawned":[3,4,10,12,14,19,25,27,33,36,42,47],"ascension_level":5}