{"gold_per_floor":[14,24,24,24,38,64,64,25,25,50,50,50,67,67,67,144,144,161,180,11,0,12,40,40,40,121,156,174,174,186,213,213,213],"floor_reached":33,"playtime":1364,"items_purged":[],"score":604,"play_id":"6c323130-8e10-4f0e-9645-dc093ed3925e","local_time":"20190424001207","is_ascension_mode":true,"campfire_choices":[{"data":"Carnage","floor":7,"key":"SMITH"},{"floor":12,"key":"REST"},{"data":"Bash","floor":15,"key":"SMITH"},{"data":"Fiend Fire","floor":25,"key":"SMITH"},{"data":"RitualDagger","floor":29,"key":"SMITH"},{"data":"Exhume","floor":32,"key":"SMITH"}],"neow_cost":"NO_GOLD","seed_source_timestamp":168048639236180,"circlet_count":0,"master_deck":["AscendersBane","Strike_R","Strike_R","Strike_R","Strike_R","Strike_R","Defend_R","Defend_R","Defend_R","Defend_R","Bash+1","Feed+1","Perfected Strike","Sword Boomerang","Carnage+1","Anger","Metallicize","Heavy Blade","Reaper","Exhume+1","Havoc","Shrug It Off","Fiend Fire+1","Shockwave","RitualDagger+1","Warcry","Exhume","Shrug It Off"],"relics":["Burning Blood","Question Card","Letter Opener","Dead Branch","Snecko Eye","Orichalcum","Mummified Hand","Oddly Smooth Stone","StoneCalendar"],"potions_floor_usage":[10,16,16,31,33],"damage_taken":[{"damage":9,"enemies":"Jaw Worm","floor":1,"turns":4},{"damage":1,"enemies":"Cultist","floor":2,"turns":3},{"damage":5,"enemies":"Small Slimes","floor":5,"turns":3},{"damage":50,"enemies":"Gremlin Nob","floor":6,"turns":5},{"damage":19,"enemies":"Lagavulin","floor":10,"turns":5},{"damage":4,"enemies":"2 Fungi Beasts","floor":13,"turns":3},{"damage":42,"enemies":"Hexaghost","floor":16,"turns":9},{"damage":12,"enemies":"Spheric Guardian","floor":18,"turns":3},{"damage":9,"enemies":"Chosen","floor":19,"turns":4},{"damage":6,"enemies":"3 Cultists","floor":22,"turns":5},{"damage":15,"enemies":"Book of Stabbing","floor":23,"turns":3},{"damage":15,"enemies":"Slavers","floor":27,"turns":4},{"damage":0,"enemies":"Centurion and Healer","floor":28,"turns":5},{"damage":10,"enemies":"Snake Plant","floor":30,"turns":2},{"damage":14,"enemies":"Book of Stabbing","floor":31,"turns":3},{"damage":93,"enemies":"Champ","floor":33,"turns":8}],"seed_played":"-79244641056791868","potions_obtained":[{"floor":5,"key":"PowerPotion"},{"floor":6,"key":"Fire Potion"},{"floor":10,"key":"Strength Potion"},{"floor":27,"key":"Block Potion"},{"floor":28,"key":"Ancient Potion"},{"floor":31,"key":"Fire Potion"}],"is_trial":false,"path_per_floor":["M","M","$","?","M","E","R","$","T","E","?","R","M","$","R","B",null,"M","M","$","?","M","E","?","R","T","E","M","R","M","E","R","B"],"character_chosen":"IRONCLAD","items_purchased":["Metallicize","Fiend Fire"],"campfire_rested":1,"item_purchase_floors":[8,20],"current_hp_per_floor":[68,76,76,76,81,37,37,37,37,28,28,54,56,56,56,29,74,68,69,69,69,74,65,59,59,59,50,66,66,79,71,71,0],"gold":213,"neow_bonus":"THREE_RARE_CARDS","is_prod":false,"is_daily":false,"chose_seed":false,"campfire_upgraded":5,"win_rate":0,"timestamp":1556089927,"path_taken":["M","M","$","?","M","E","R","?","T","E","?","R","M","?","R","BOSS","M","M","$","?","M","E","?","R","T","E","M","R","M","E","R","BOSS"],"build_version":"2019-01-23","purchased_purges":0,"victory":false,"max_hp_per_floor":[78,81,81,81,85,85,85,85,85,89,89,89,89,89,89,89,89,89,89,89,89,93,93,93,93,93,93,97,97,97,97,97,97],"card_choices":[{"not_picked":["Berserk","Double Tap"],"picked":"Feed","floor":0},{"not_picked":["Havoc","Flex"],"picked":"Perfected Strike","floor":1},{"not_picked":["Body Slam","Perfected Strike"],"picked":"Sword Boomerang","floor":2},{"not_picked":["Exhume","Shockwave"],"picked":"Carnage","floor":5},{"not_picked":["Clash","Reckless Charge"],"picked":"Anger","floor":6},{"not_picked":["Sword Boomerang","Wild Strike","Bloodletting"],"picked":"Heavy Blade","floor":10},{"not_picked":["Headbutt","Twin Strike","Dropkick"],"picked":"Reaper","floor":13},{"not_picked":["Limit Break","Impervious","Bludgeon"],"picked":"Exhume","floor":16},{"not_picked":["Warcry","Sever Soul","Pommel Strike"],"picked":"Havoc","floor":18},{"not_picked":["Cleave","Pummel","Body Slam"],"picked":"Shrug It Off","floor":19},{"not_picked":["Havoc","Heavy Blade","Armaments"],"picked":"Shockwave","floor":22},{"not_picked":["Pommel Strike","Flex+1","Rage","Headbutt"],"picked":"SKIP","floor":23},{"not_picked":["Armaments","Perfected Strike","Sentinel"],"picked":"Warcry","floor":27},{"not_picked":["Pommel Strike","Clash","Anger+1","Havoc"],"picked":"SKIP","floor":28},{"not_picked":["Armaments","Rupture","Body Slam"],"picked":"Exhume","floor":30},{"not_picked":["Perfected Strike","True Grit","Immolate"],"picked":"Shrug It Off","floor":31}],"player_experience":471389,"relics_obtained":[{"floor":6,"key":"Question Card"},{"floor":9,"key":"Letter Opener"},{"floor":10,"key":"Dead Branch"},{"floor":23,"key":"Orichalcum"},{"floor":26,"key":"Mummified Hand"},{"floor":27,"key":"Oddly Smooth Stone"},{"floor":31,"key":"StoneCalendar"}],"event_choices":[{"damage_healed":0,"gold_gain":0,"player_choice":"Upgraded","damage_taken":0,"max_hp_gain":0,"max_hp_loss":0,"event_name":"Upgrade Shrine","floor":4,"gold_loss":0,"cards_upgraded":["Feed"]},{"damage_healed":0,"gold_gain":0,"player_choice":"Searched \u00270\u0027 times","damage_taken":0,"max_hp_gain":0,"max_hp_loss":0,"event_name":"Dead Adventurer","floor":11,"gold_loss":0},{"damage_healed":0,"gold_gain":0,"player_choice":"Paid Fearfully","damage_taken":0,"max_hp_gain":0,"max_hp_loss":0,"event_name":"Masked Bandits","floor":21,"gold_loss":11},{"damage_healed":0,"gold_gain":0,"player_choice":"Joined the Cult","damage_taken":6,"max_hp_gain":0,"max_hp_loss":0,"event_name":"Nest","floor":24,"gold_loss":0,"cards_obtained":["RitualDagger"]}],"is_beta":false,"boss_relics":[{"not_picked":["Astrolabe","White Beast Statue"],"picked":"Snecko Eye"}],"items_purged_floors":[],"is_endless":false,"potions_floor_spawned":[5,6,10,13,27,28,30,31],"killed_by":"Champ","ascension_level":17}