{"path_per_floor":["M","M","M","M","M","E","?","M","T","M","$","R","M","M","R","B",null,"M","?","$","M","M","R","?","M","T","$","R","?","R","E","R","B",null,"M","M","?","M","$","R","M","R","T","E","M","M","M","?","R"],"character_chosen":"THE_SILENT","items_purchased":["Footwork","Noxious Fumes","Slice","Blur","Footwork"],"gold_per_floor":[110,124,142,161,173,199,199,218,218,230,87,87,97,117,117,222,222,239,239,48,67,86,86,86,100,100,30,30,30,30,57,57,155,155,172,183,183,194,119,119,133,133,156,186,201,219,231,231,231],"floor_reached":50,"campfire_rested":6,"playtime":5490,"current_hp_per_floor":[70,70,64,35,35,15,15,9,9,8,8,44,39,39,39,26,70,70,70,70,37,17,53,37,34,34,34,70,70,70,44,70,33,70,65,65,65,40,40,40,29,65,65,35,35,29,29,29,65],"items_purged":["Injury","Strike_G"],"gold":231,"score":475,"play_id":"eda7acef-a87a-4667-b337-ce258138c905","is_prod":false,"is_daily":false,"is_ascension_mode":false,"campfire_upgraded":3,"path_taken":["M","?","?","M","M","E","?","M","T","M","$","R","M","M","R","BOSS","M","?","$","?","M","R","?","M","T","$","R","?","R","E","R","BOSS","M","M","?","M","?","R","M","R","T","E","M","M","M","?","R","BOSS"],"build_version":"2018-02-15-PROD1","purchased_purges":2,"victory":false,"master_deck":["Defend_G","Defend_G","Defend_G","Defend_G","Defend_G","Strike_G","Strike_G","Strike_G","Survivor","Neutralize+1","Noxious Fumes+1","Well Laid Plans","Bane","Poisoned Stab","Blade Dance+1","Deflect","Deadly Poison","Infinite Blades","Footwork+1","Slice+1","Backflip+1","Adrenaline+1","PiercingWail+1","Noxious Fumes","Slice+1","Noxious Fumes","Outmaneuver+1","Dodge and Roll+1","Blur+1","Deadly Poison+1","Burst","Backflip+1","PiercingWail+1","Footwork+1","Prepared+1","Catalyst+1","Deadly Poison+1"],"max_hp_per_floor":[70,70,70,70,70,70,70,70,70,70,70,70,70,70,70,70,70,70,70,70,70,70,70,70,70,70,70,70,70,70,70,70,70,70,70,70,70,70,70,70,70,70,70,70,70,70,70,70,70],"relics":["Ring of the Snake","Regal Pillow","Molten Egg 2","Lizard Tail","Enchiridion","Calipers","Tingsha","Sozu","Happy Flower","War Paint"],"card_choices":[{"not_picked":["Dagger Spray","Backstab"],"picked":"Noxious Fumes"},{"not_picked":["Calculated Gamble","Leg Sweep"],"picked":"Well Laid Plans"},{"not_picked":["Outmaneuver","Dagger Spray"],"picked":"Bane"},{"not_picked":["Masterful Stab","Slice"],"picked":"Poisoned Stab"},{"not_picked":["Dodge and Roll","Slice"],"picked":"Blade Dance"},{"not_picked":["Tactician","PiercingWail"],"picked":"Deflect"},{"not_picked":["Quick Slash","Slice"],"picked":"Deadly Poison"},{"not_picked":["Backstab","Dodge and Roll"],"picked":"Infinite Blades"},{"not_picked":["Acrobatics","Heel Hook"],"picked":"Slice"},{"not_picked":["Dagger Spray","Finisher"],"picked":"Backflip"},{"not_picked":["Doppelganger","Wraith Form"],"picked":"Adrenaline"},{"not_picked":["Deflect","Outmaneuver"],"picked":"PiercingWail"},{"not_picked":["Dagger Throw","Heel Hook"],"picked":"Noxious Fumes"},{"not_picked":["Crippling Poison","Well Laid Plans"],"picked":"Outmaneuver"},{"not_picked":["Backflip","Distraction"],"picked":"Dodge and Roll"},{"not_picked":["Acrobatics","Finisher"],"picked":"Deadly Poison"},{"not_picked":["Envenom","Corpse Explosion"],"picked":"Burst"},{"not_picked":["Quick Slash","Predator"],"picked":"Backflip"},{"not_picked":["Bane","Poisoned Stab"],"picked":"PiercingWail"},{"not_picked":["Dodge and Roll","Leg Sweep"],"picked":"Prepared"},{"not_picked":["Dagger Throw","PiercingWail"],"picked":"Catalyst"},{"not_picked":["Dagger Throw","Deflect"],"picked":"Deadly Poison"}],"player_experience":53041,"potions_floor_usage":[],"damage_taken":[{"damage":0.0,"enemies":"Blue Slaver","floor":1.0,"turns":6.0},{"damage":0.0,"enemies":"Jaw Worm","floor":2.0,"turns":4.0},{"damage":6.0,"enemies":"Cultist","floor":3.0,"turns":4.0},{"damage":29.0,"enemies":"Gremlin Gang","floor":4.0,"turns":6.0},{"damage":0.0,"enemies":"Exordium Thugs","floor":5.0,"turns":5.0},{"damage":20.0,"enemies":"Gremlin Nob","floor":6.0,"turns":4.0},{"damage":6.0,"enemies":"Lots of Slimes","floor":8.0,"turns":4.0},{"damage":1.0,"enemies":"2 Fungi Beasts","floor":10.0,"turns":5.0},{"damage":5.0,"enemies":"Looter","floor":13.0,"turns":4.0},{"damage":0.0,"enemies":"Large Slime","floor":14.0,"turns":5.0},{"damage":13.0,"enemies":"Slime Boss","floor":16.0,"turns":9.0},{"damage":0.0,"enemies":"Shell Parasite","floor":18.0,"turns":6.0},{"damage":33.0,"enemies":"Chosen","floor":21.0,"turns":7.0},{"damage":20.0,"enemies":"Snecko","floor":22.0,"turns":6.0},{"damage":3.0,"enemies":"Centurion and Healer","floor":25.0,"turns":5.0},{"damage":26.0,"enemies":"Book of Stabbing","floor":31.0,"turns":6.0},{"damage":37.0,"enemies":"Collector","floor":33.0,"turns":10.0},{"damage":5,"enemies":"Orb Walker","floor":35,"turns":5},{"damage":0,"enemies":"3 Darklings","floor":36,"turns":7},{"damage":25,"enemies":"4 Shapes","floor":38,"turns":5},{"damage":11,"enemies":"Maw","floor":41,"turns":9},{"damage":77,"enemies":"2 Orb Walkers","floor":44,"turns":7},{"damage":0,"enemies":"3 Darklings","floor":45,"turns":5},{"damage":6,"enemies":"4 Shapes","floor":46,"turns":7},{"damage":0,"enemies":"Sphere and 2 Shapes","floor":47,"turns":6},{"damage":67,"enemies":"Time Eater","floor":50,"turns":5}],"event_choices":[{"event_name":"Accursed Blacksmith","player_choice":"Forge","floor":7.0,"damage_taken":0.0},{"event_name":"Upgrade Shrine","player_choice":"Upgraded","floor":19.0,"damage_taken":0.0},{"event_name":"Cursed Tome","player_choice":"Obtained Book","floor":24.0,"damage_taken":0.0},{"event_name":"Addict","player_choice":"Ignored","floor":29.0,"damage_taken":0.0},{"event_name":"Tomb of Lord Red Mask","player_choice":"Ignored","floor":37,"damage_taken":0}],"boss_relics":[{"not_picked":["Cursed Key","Snecko Eye"],"picked":"Sozu"}],"potions_floor_spawned":[3,4,6,8,10,14,21,22,31,35,41,44,46],"seed_played":"-5861065468523516196","killed_by":"Time Eater","ascension_level":0,"is_trial":false}