{"gold_per_floor":[20,46,46,46,60,60,85,85,85,103,103,123,141,170,182,291,303,335,347,284,199,469,469,482,51,105,121,138,138,138,138,138,243,243,263,263,279,289,22,22,22,53,53,53,69,89,89,109,109,109],"floor_reached":51,"playtime":1792,"items_purged":["Strike_B","Strike_B","Defend_B"],"score":683,"play_id":"1dca3392-dfa9-4b8d-9e54-956d7c9a1350","local_time":"20190222151039","is_ascension_mode":false,"campfire_choices":[{"data":"Zap","floor":6,"key":"SMITH"},{"data":"Beam Cell","floor":8,"key":"SMITH"},{"floor":15,"key":"REST"},{"floor":23,"key":"REST"},{"floor":30,"key":"REST"},{"floor":32,"key":"REST"},{"floor":40,"key":"REST"},{"floor":47,"key":"REST"},{"floor":49,"key":"REST"}],"neow_cost":"NO_GOLD","seed_source_timestamp":164163655970778,"circlet_count":0,"master_deck":["Defend_B","Defend_B","Zap+1","Dualcast","Self Repair","Beam Cell+1","Ball Lightning","Go for the Eyes","Necronomicurse","Gash","Defragment+1","Capacitor+1","Cold Snap+1","Electrodynamics+1","Coolheaded+1","Consume","Recycle+1","Gash+1"],"relics":["Cracked Core","Bronze Scales","Ornamental Fan","Dream Catcher","Odd Mushroom","MawBank","Lizard Tail","Necronomicon","Frozen Egg 2","Thread and Needle","Tiny Chest","Inserter","Membership Card","Symbiotic Virus","Bottled Lightning","Singing Bowl"],"potions_floor_usage":[12,14,35,42,50,50],"damage_taken":[{"damage":0,"enemies":"Cultist","floor":1,"turns":3},{"damage":6,"enemies":"Jaw Worm","floor":5,"turns":3},{"damage":48,"enemies":"3 Sentries","floor":7,"turns":8},{"damage":7,"enemies":"2 Louse","floor":10,"turns":2},{"damage":5,"enemies":"The Mushroom Lair","floor":12,"turns":2},{"damage":9,"enemies":"Blue Slaver","floor":13,"turns":3},{"damage":10,"enemies":"Gremlin Nob","floor":14,"turns":3},{"damage":36,"enemies":"Slime Boss","floor":16,"turns":8},{"damage":14,"enemies":"Spheric Guardian","floor":18,"turns":4},{"damage":5,"enemies":"Chosen","floor":24,"turns":4},{"damage":2,"enemies":"Centurion and Healer","floor":27,"turns":7},{"damage":27,"enemies":"Sentry and Sphere","floor":28,"turns":5},{"damage":64,"enemies":"Collector","floor":33,"turns":13},{"damage":5,"enemies":"Orb Walker","floor":35,"turns":4},{"damage":31,"enemies":"3 Darklings","floor":37,"turns":3},{"damage":20,"enemies":"Spire Growth","floor":38,"turns":5},{"damage":11,"enemies":"Nemesis","floor":42,"turns":9},{"damage":20,"enemies":"Sphere and 2 Shapes","floor":45,"turns":4},{"damage":36,"enemies":"Jaw Worm Horde","floor":46,"turns":4},{"damage":11,"enemies":"3 Darklings","floor":48,"turns":4},{"damage":78,"enemies":"Donu and Deca","floor":50,"turns":10}],"seed_played":"-8007952054502804459","potions_obtained":[{"floor":7,"key":"Fire Potion"},{"floor":12,"key":"SpeedPotion"},{"floor":13,"key":"Strength Potion"},{"floor":18,"key":"SteroidPotion"},{"floor":33,"key":"Block Potion"},{"floor":35,"key":"GamblersBrew"},{"floor":38,"key":"Regen Potion"},{"floor":42,"key":"Ancient Potion"}],"is_trial":false,"path_per_floor":["M","T","?","$","M","R","E","R","T","M","?","?","M","E","R","B",null,"M","?","$","?","?","R","M","$","T","M","M","?","R","?","R","B",null,"M","?","M","M","$","R","$","E","T","T","M","M","R","M","R","B",null],"character_chosen":"DEFECT","items_purchased":["Gash","Thread and Needle","Membership Card"],"campfire_rested":7,"item_purchase_floors":[25,25,39],"current_hp_per_floor":[75,75,68,68,69,69,28,28,28,28,33,28,26,23,47,18,80,73,57,57,57,25,49,51,51,51,56,36,36,60,60,80,23,80,80,80,56,43,43,67,67,76,76,76,65,36,62,60,87,16],"gold":109,"neow_bonus":"REMOVE_TWO","is_prod":false,"is_daily":false,"chose_seed":false,"campfire_upgraded":2,"win_rate":0,"timestamp":1550877039,"path_taken":["M","?","?","?","M","R","E","R","T","M","?","?","M","E","R","BOSS","M","?","$","?","?","R","M","$","T","?","M","?","R","?","R","BOSS","M","?","M","M","$","R","$","E","T","?","M","M","R","M","R","BOSS"],"build_version":"2019-01-23","purchased_purges":3,"victory":true,"max_hp_per_floor":[75,75,75,75,75,75,75,75,75,75,80,80,80,80,80,80,80,80,80,80,80,80,80,80,80,80,80,80,80,80,80,80,80,80,80,80,80,80,80,80,80,80,80,80,82,82,84,86,88,88],"card_choices":[{"not_picked":["Rebound","Streamline"],"picked":"Self Repair","floor":1},{"not_picked":["Chill","Streamline","Leap"],"picked":"SKIP","floor":5},{"not_picked":["Streamline","Turbo"],"picked":"Beam Cell","floor":7},{"not_picked":["Capacitor","Compile Driver"],"picked":"Ball Lightning","floor":10},{"not_picked":["Streamline","Thunder Strike","Leap"],"picked":"SKIP","floor":13},{"not_picked":["Blizzard","Compile Driver","Darkness"],"picked":"SKIP","floor":14},{"not_picked":["Chill","Conserve Battery"],"picked":"Go for the Eyes","floor":18},{"not_picked":["Chaos+1","Sunder","Darkness"],"picked":"SKIP","floor":24},{"not_picked":["Redo","Skim"],"picked":"Defragment+1","floor":27},{"not_picked":["Chaos+1","Sunder"],"picked":"Capacitor+1","floor":28},{"not_picked":["Reinforced Body","White Noise+1"],"picked":"Cold Snap+1","floor":32},{"not_picked":["Thunder Strike","Buffer+1"],"picked":"Electrodynamics+1","floor":33},{"not_picked":["Conserve Battery","Cold Snap+1"],"picked":"Coolheaded+1","floor":35},{"not_picked":["Sweeping Beam+1","Double Energy","Steam+1"],"picked":"SKIP","floor":37},{"not_picked":["Streamline+1","BootSequence"],"picked":"Consume","floor":38},{"not_picked":["Hello World+1","Beam Cell+1"],"picked":"Recycle+1","floor":42},{"not_picked":["Beam Cell","Electrodynamics+1","Rebound+1"],"picked":"Singing Bowl","floor":45},{"not_picked":["Darkness","Rip and Tear+1"],"picked":"Gash+1","floor":46},{"not_picked":["Rebound","Blizzard+1","Coolheaded"],"picked":"Singing Bowl","floor":47},{"not_picked":["Redo","Chill+1","Cold Snap+1"],"picked":"Singing Bowl","floor":48},{"not_picked":["Stack","Chaos+1","Hello World+1"],"picked":"Singing Bowl","floor":49}],"player_experience":431834,"relics_obtained":[{"floor":2,"key":"Bronze Scales"},{"floor":7,"key":"Ornamental Fan"},{"floor":9,"key":"Dream Catcher"},{"floor":12,"key":"Odd Mushroom"},{"floor":14,"key":"MawBank"},{"floor":19,"key":"Necronomicon"},{"floor":26,"key":"Tiny Chest"},{"floor":42,"key":"Symbiotic Virus"},{"floor":43,"key":"Bottled Lightning"},{"floor":44,"key":"Singing Bowl"}],"event_choices":[{"cards_removed":["Strike_B"],"damage_healed":0,"gold_gain":0,"player_choice":"Card Removal","damage_taken":7,"max_hp_gain":0,"max_hp_loss":0,"event_name":"Golden Wing","floor":3,"gold_loss":0},{"damage_healed":0,"gold_gain":0,"player_choice":"Donut","damage_taken":0,"max_hp_gain":5,"max_hp_loss":0,"event_name":"Big Fish","floor":11,"gold_loss":0},{"damage_healed":0,"gold_gain":0,"player_choice":"Fought Mushrooms","damage_taken":0,"max_hp_gain":0,"max_hp_loss":0,"event_name":"Mushrooms","floor":12,"gold_loss":0},{"damage_healed":0,"gold_gain":0,"player_choice":"Obtained Book","damage_taken":16,"max_hp_gain":0,"max_hp_loss":0,"event_name":"Cursed Tome","floor":19,"gold_loss":0},{"damage_healed":0,"gold_gain":0,"player_choice":"Obtained Relic","damage_taken":0,"relics_obtained":["Frozen Egg 2"],"max_hp_gain":0,"max_hp_loss":0,"event_name":"Addict","floor":21,"gold_loss":85},{"damage_healed":0,"gold_gain":270,"player_choice":"GOLD GOLD GOLD ","damage_taken":32,"max_hp_gain":0,"max_hp_loss":0,"event_name":"Knowing Skull","floor":22,"potions_obtained":[],"gold_loss":0,"cards_obtained":[]},{"damage_healed":0,"gold_gain":0,"player_choice":"Ignored","damage_taken":0,"max_hp_gain":0,"max_hp_loss":0,"event_name":"Vampires","floor":29,"gold_loss":0},{"damage_healed":0,"gold_gain":0,"player_choice":"Ignored","damage_taken":0,"max_hp_gain":0,"max_hp_loss":0,"event_name":"Ghosts","floor":31,"gold_loss":0},{"damage_healed":0,"gold_gain":0,"player_choice":"Ignored","damage_taken":0,"max_hp_gain":0,"max_hp_loss":0,"event_name":"Tomb of Lord Red Mask","floor":36,"gold_loss":0}],"is_beta":false,"boss_relics":[{"not_picked":["Coffee Dripper","Runic Dome"],"picked":"Lizard Tail"},{"not_picked":["Calling Bell","Sozu"],"picked":"Inserter"}],"items_purged_floors":[20,25,39],"is_endless":false,"potions_floor_spawned":[7,12,13,18,33,35,37,38,42],"ascension_level":0}