{"gold_per_floor":[119,136,136,146,164,193,208,238,311,328,328,348,170,199,199,296,296,315,325,338,258,278,278,308,308,334,334,351,351,376,407,419,536,548,574,606,636,648,672,684,696],"floor_reached":41,"playtime":2518,"items_purged":["Strike_R","Strike_R"],"score":599,"play_id":"010117ed-1e72-409c-b257-72182d1dd103","local_time":"20180816020120","is_ascension_mode":true,"campfire_choices":[{"data":"Uppercut","floor":11,"key":"SMITH"},{"data":"Flame Barrier","floor":15,"key":"SMITH"},{"data":"Bludgeon","floor":23,"key":"SMITH"},{"data":"Flame Barrier","floor":27,"key":"SMITH"},{"floor":32,"key":"REST"},{"data":"Bludgeon","floor":40,"key":"SMITH"}],"neow_cost":"NONE","seed_source_timestamp":53427025595218,"circlet_count":0,"master_deck":["Strike_R","Strike_R","Strike_R","Defend_R","Defend_R","Defend_R","Defend_R","Shrug It Off","Rampage","Offering","Clothesline","Flame Barrier+1","Shrug It Off","Uppercut+1","Flame Barrier+1","Warcry","Bludgeon+1","Power Through+1","Burning Pact","Battle Trance","Pommel Strike+1","Bludgeon+1","Rampage","Headbutt+1"],"relics":["Burning Blood","Strawberry","Bird Faced Urn","Incense Burner","The Courier","Bronze Scales","Art of War","Sozu","Ice Cream","Pantograph","Vajra","MawBank","Eternal Feather"],"potions_floor_usage":[5,6,8,19,30],"damage_taken":[{"damage":3,"enemies":"Small Slimes","floor":1,"turns":3},{"damage":4,"enemies":"Jaw Worm","floor":2,"turns":4},{"damage":0,"enemies":"2 Louse","floor":4,"turns":4},{"damage":8,"enemies":"Gremlin Gang","floor":5,"turns":4},{"damage":18,"enemies":"Lagavulin","floor":6,"turns":6},{"damage":14,"enemies":"Exordium Thugs","floor":7,"turns":5},{"damage":26,"enemies":"3 Sentries","floor":8,"turns":8},{"damage":10,"enemies":"Large Slime","floor":10,"turns":7},{"damage":0,"enemies":"3 Louse","floor":12,"turns":4},{"damage":7,"enemies":"Lagavulin","floor":14,"turns":6},{"damage":19,"enemies":"Hexaghost","floor":16,"turns":11},{"damage":2,"enemies":"Spheric Guardian","floor":18,"turns":4},{"damage":13,"enemies":"2 Thieves","floor":19,"turns":3},{"damage":12,"enemies":"Chosen and Byrds","floor":20,"turns":4},{"damage":29,"enemies":"Cultist and Chosen","floor":22,"turns":6},{"damage":17,"enemies":"Book of Stabbing","floor":24,"turns":5},{"damage":0,"enemies":"Snecko","floor":28,"turns":4},{"damage":27,"enemies":"Gremlin Leader","floor":30,"turns":7},{"damage":16,"enemies":"Sentry and Sphere","floor":31,"turns":7},{"damage":40,"enemies":"Automaton","floor":33,"turns":13},{"damage":27,"enemies":"3 Darklings","floor":35,"turns":10},{"damage":11,"enemies":"Flame Bruiser 1 Orb","floor":36,"turns":7},{"damage":19,"enemies":"Sphere and 2 Shapes","floor":37,"turns":4},{"damage":12,"enemies":"Maw","floor":39,"turns":7},{"damage":54,"enemies":"Giant Head","floor":41,"turns":8}],"seed_played":"-3843857319725981803","potions_obtained":[{"floor":2,"key":"Fire Potion"},{"floor":4,"key":"SteroidPotion"},{"floor":6,"key":"BloodPotion"},{"floor":7,"key":"Explosive Potion"},{"floor":14,"key":"Block Potion"}],"is_trial":false,"path_per_floor":["M","M","?","M","M","E","M","E","T","M","R","M","$","E","R","B",null,"M","M","M","$","M","R","E","?","T","R","M","?","E","M","R","B",null,"M","M","M","?","M","R"],"character_chosen":"IRONCLAD","items_purchased":["Bronze Scales"],"campfire_rested":1,"item_purchase_floors":[13],"current_hp_per_floor":[88,88,88,94,92,80,72,52,52,48,48,54,54,53,53,40,81,85,78,72,72,49,49,38,38,38,38,44,44,32,22,50,41,82,61,56,43,43,37,49,0],"gold":696,"neow_bonus":"TEN_PERCENT_HP_BONUS","is_prod":false,"is_daily":false,"chose_seed":false,"campfire_upgraded":5,"win_rate":0,"timestamp":1534410080,"path_taken":["M","M","?","M","M","E","M","E","T","M","R","?","?","E","R","BOSS","M","M","M","$","M","R","E","?","T","R","M","?","E","M","R","BOSS","M","M","M","?","M","R","E"],"build_version":"2018-08-09","purchased_purges":2,"victory":false,"max_hp_per_floor":[88,88,95,95,95,95,95,95,95,95,95,95,95,95,95,95,95,95,95,95,95,95,95,95,95,95,95,95,95,95,95,95,95,95,95,95,95,95,95,95,95],"card_choices":[{"not_picked":["Twin Strike","Reckless Charge"],"picked":"Shrug It Off","floor":1},{"not_picked":["Warcry","Fire Breathing"],"picked":"Rampage","floor":2},{"not_picked":["Cleave","Anger"],"picked":"Offering","floor":4},{"not_picked":["Perfected Strike","Warcry"],"picked":"Clothesline","floor":5},{"not_picked":["Flex","Clothesline","Pommel Strike"],"picked":"SKIP","floor":6},{"not_picked":["Evolve","Body Slam"],"picked":"Flame Barrier","floor":7},{"not_picked":["Ghostly Armor","Second Wind"],"picked":"Shrug It Off","floor":8},{"not_picked":["Burning Pact","Perfected Strike"],"picked":"Uppercut","floor":10},{"not_picked":["Warcry","Brutality"],"picked":"Flame Barrier","floor":12},{"not_picked":["Combust","Seeing Red"],"picked":"Warcry","floor":14},{"not_picked":["Immolate","Fiend Fire"],"picked":"Bludgeon","floor":16},{"not_picked":["Intimidate","Entrench"],"picked":"Power Through+1","floor":18},{"not_picked":["Clothesline","Intimidate"],"picked":"Burning Pact","floor":19},{"not_picked":["Searing Blow+1","Intimidate","Thunderclap"],"picked":"SKIP","floor":20},{"not_picked":["Perfected Strike","Iron Wave"],"picked":"Battle Trance","floor":22},{"not_picked":["Exhume","True Grit","Perfected Strike"],"picked":"SKIP","floor":24},{"not_picked":["Anger+1","Havoc+1","Thunderclap"],"picked":"SKIP","floor":28},{"not_picked":["Pummel","Havoc"],"picked":"Pommel Strike+1","floor":30},{"not_picked":["Body Slam","Heavy Blade","Intimidate"],"picked":"SKIP","floor":31},{"not_picked":["Dark Embrace","Berserk"],"picked":"Bludgeon","floor":33},{"not_picked":["Havoc","Perfected Strike+1","Clothesline+1"],"picked":"SKIP","floor":35},{"not_picked":["Flex","Clash","Hemokinesis"],"picked":"SKIP","floor":36},{"not_picked":["Sever Soul","Anger+1"],"picked":"Rampage","floor":37},{"not_picked":["Rampage","Shockwave+1"],"picked":"Headbutt+1","floor":39}],"player_experience":79362,"relics_obtained":[{"floor":6,"key":"Bird Faced Urn"},{"floor":8,"key":"Incense Burner"},{"floor":9,"key":"The Courier"},{"floor":14,"key":"Art of War"},{"floor":24,"key":"Ice Cream"},{"floor":26,"key":"Vajra"},{"floor":30,"key":"MawBank"}],"event_choices":[{"event_name":"Scrap Ooze","player_choice":"success","floor":3,"damage_taken":7},{"event_name":"The Mausoleum","player_choice":"Yes","floor":25,"damage_taken":0},{"event_name":"Vampires","player_choice":"Ignored","floor":29,"damage_taken":0},{"event_name":"Falling","player_choice":"Removed Attack","floor":38,"damage_taken":0}],"is_beta":false,"boss_relics":[{"not_picked":["Pandora\u0027s Box","Orrery"],"picked":"Sozu"},{"not_picked":["Runic Pyramid","Runic Dome"],"picked":"Eternal Feather"}],"items_purged_floors":[13,21],"is_endless":false,"potions_floor_spawned":[2,4,6,7,14,20,22,24,31,35,37],"killed_by":"Giant Head","ascension_level":5}