{"gold_per_floor":[113,113,127,140,17,48,48,65,65,65,35,210,243,258,258,359,359,371,371,371,371,386,416,416,446,446,461,461,472,490,19,19,117,117,128,128,78,95,115,115,40,40,40,57,74,122,122,135,135,135],"floor_reached":51,"playtime":5495,"items_purged":["Strike_G","Shame","Doubt"],"score":948,"play_id":"8615ee4c-dfa8-4b62-b232-abbfcf4a85c6","local_time":"20190406120558","is_ascension_mode":true,"campfire_choices":[{"floor":7,"key":"REST"},{"floor":10,"key":"REST"},{"floor":15,"key":"REST"},{"floor":24,"key":"REST"},{"floor":28,"key":"REST"},{"floor":32,"key":"REST"},{"floor":40,"key":"REST"},{"data":"Well Laid Plans","floor":42,"key":"SMITH"},{"data":"Catalyst","floor":49,"key":"SMITH"}],"neow_cost":"NONE","seed_source_timestamp":120459599072065,"circlet_count":0,"master_deck":["Defend_G","Defend_G","Defend_G","Defend_G","Strike_G","Strike_G","Strike_G","Survivor","Neutralize+1","Well Laid Plans+1","Parasite","Neutralize","Burst","Leg Sweep","Dodge and Roll","Noxious Fumes","Dash","Bouncing Flask","Crippling Poison","Glass Knife","Deadly Poison","Catalyst+1","Outmaneuver","Adrenaline","Bouncing Flask","Footwork+1","Dash","Shame","Parasite","Escape Plan+1","Blur+1","Dodge and Roll+1","PiercingWail","Predator+1","Catalyst","Blur+1","Doubt","Malaise"],"relics":["Ring of the Snake","Singing Bowl","Ornamental Fan","Darkstone Periapt","Velvet Choker","Smiling Mask","Centennial Puzzle","Mercury Hourglass","Dream Catcher","MealTicket","Calling Bell","PreservedInsect","Dodecahedron","FossilizedHelix","Meat on the Bone","Gambling Chip"],"potions_floor_usage":[6,13,23,25,33,33,46,50],"damage_taken":[{"damage":0,"enemies":"Small Slimes","floor":1,"turns":3},{"damage":0,"enemies":"Cultist","floor":3,"turns":5},{"damage":7,"enemies":"Jaw Worm","floor":4,"turns":7},{"damage":20,"enemies":"Lagavulin","floor":6,"turns":9},{"damage":18,"enemies":"2 Fungi Beasts","floor":8,"turns":6},{"damage":0,"enemies":"Looter","floor":11,"turns":4},{"damage":20,"enemies":"Gremlin Nob","floor":13,"turns":5},{"damage":0,"enemies":"Blue Slaver","floor":14,"turns":5},{"damage":4,"enemies":"The Guardian","floor":16,"turns":10},{"damage":16,"enemies":"3 Byrds","floor":18,"turns":5},{"damage":5,"enemies":"Shell Parasite","floor":22,"turns":5},{"damage":29,"enemies":"Gremlin Leader","floor":23,"turns":9},{"damage":16,"enemies":"Book of Stabbing","floor":25,"turns":6},{"damage":15,"enemies":"Shelled Parasite and Fungi","floor":27,"turns":5},{"damage":6,"enemies":"Snecko","floor":29,"turns":4},{"damage":8,"enemies":"Sentry and Sphere","floor":30,"turns":4},{"damage":52,"enemies":"Automaton","floor":33,"turns":11},{"damage":7,"enemies":"3 Darklings","floor":35,"turns":7},{"damage":8,"enemies":"3 Shapes","floor":38,"turns":6},{"damage":37,"enemies":"Spire Growth","floor":39,"turns":7},{"damage":0,"enemies":"Maw","floor":44,"turns":9},{"damage":1,"enemies":"Writhing Mass","floor":45,"turns":7},{"damage":86,"enemies":"2 Orb Walkers","floor":46,"turns":8},{"damage":21,"enemies":"Jaw Worm Horde","floor":48,"turns":5},{"damage":15,"enemies":"Time Eater","floor":50,"turns":15}],"seed_played":"-1086356650507650582","potions_obtained":[{"floor":1,"key":"SkillPotion"},{"floor":6,"key":"Poison Potion"},{"floor":8,"key":"Strength Potion"},{"floor":14,"key":"SpeedPotion"},{"floor":23,"key":"PowerPotion"},{"floor":25,"key":"PowerPotion"},{"floor":27,"key":"Swift Potion"},{"floor":33,"key":"Explosive Potion"},{"floor":35,"key":"Energy Potion"},{"floor":36,"key":"SteroidPotion"},{"floor":36,"key":"FairyPotion"},{"floor":46,"key":"SkillPotion"},{"floor":48,"key":"GamblersBrew"}],"is_trial":false,"path_per_floor":["?","M","$","?","?","?","?","$","?","M","$","?","?"],"character_chosen":"THE_SILENT","items_purchased":["Noxious Fumes","AttackPotion","Dash","Dream Catcher","MealTicket","PiercingWail"],"campfire_rested":7,"item_purchase_floors":[5,5,31,31,31,41],"current_hp_per_floor":[63,63,63,56,56,38,59,41,41,62,62,62,42,44,66,62,71,55,55,55,55,50,23,45,31,31,18,42,38,30,30,56,6,84,79,79,94,86,49,80,80,80,80,80,79,18,112,91,91,76],"gold":135,"neow_bonus":"UPGRADE_CARD","is_prod":false,"is_daily":false,"chose_seed":false,"campfire_upgraded":2,"win_rate":0,"timestamp":1554573958,"path_taken":["M","?","M","?","?","E","R","M","T","R","M","?","E","M","R","BOSS","M","?","?","?","M","E","R","E","T","M","R","M","M","?","R","BOSS","M","?","$","M","?","R","?","R","T","M","M","?","?","M","R","BOSS"],"build_version":"2019-01-23","purchased_purges":3,"victory":true,"max_hp_per_floor":[70,70,70,70,70,72,72,72,72,72,72,72,72,74,74,74,74,74,74,74,74,74,76,76,78,78,80,80,82,82,82,84,86,104,106,106,106,106,106,106,106,106,106,106,106,106,112,112,112,112],"card_choices":[{"not_picked":["Underhanded Strike","Dagger Throw"],"picked":"Well Laid Plans","floor":1},{"not_picked":["Slice","Flying Knee"],"picked":"Leg Sweep","floor":3},{"not_picked":["Blade Dance","Bane"],"picked":"Dodge and Roll","floor":4},{"not_picked":["Poisoned Stab","Concentrate","Infinite Blades"],"picked":"Singing Bowl","floor":6},{"not_picked":["Deadly Poison","Calculated Gamble"],"picked":"Dash","floor":8},{"not_picked":["Bouncing Flask","Venomology","Outmaneuver"],"picked":"SKIP","floor":11},{"not_picked":["Venomology","Outmaneuver"],"picked":"Bouncing Flask","floor":11},{"not_picked":["Prepared","Skewer"],"picked":"Crippling Poison","floor":13},{"not_picked":["Flying Knee","Accuracy","Cloak And Dagger"],"picked":"Singing Bowl","floor":14},{"not_picked":["Doppelganger","Burst"],"picked":"Glass Knife","floor":16},{"not_picked":["Dagger Spray","Acrobatics"],"picked":"Deadly Poison","floor":18},{"not_picked":["Underhanded Strike","Dash"],"picked":"Bouncing Flask","floor":22},{"not_picked":["Concentrate","Acrobatics+1","Endless Agony"],"picked":"Singing Bowl","floor":23},{"not_picked":["Choke","Dagger Throw","Deflect+1"],"picked":"Singing Bowl","floor":25},{"not_picked":["Bane","Poisoned Stab","Endless Agony"],"picked":"Singing Bowl","floor":27},{"not_picked":["Riddle With Holes","Poisoned Stab","Flying Knee"],"picked":"Singing Bowl","floor":29},{"not_picked":["Deadly Poison","Predator+1"],"picked":"Footwork+1","floor":30},{"not_picked":["Flechettes+1","Tactician+1","Escape Plan"],"picked":"Singing Bowl","floor":32},{"not_picked":["Adrenaline","Glass Knife","Tools of the Trade"],"picked":"Singing Bowl","floor":33},{"not_picked":["Heel Hook","Outmaneuver+1","Cloak And Dagger"],"picked":"Singing Bowl","floor":35},{"not_picked":["Tactician","Reflex"],"picked":"Escape Plan+1","floor":38},{"not_picked":["Slice","Crippling Poison"],"picked":"Blur+1","floor":39},{"not_picked":["Outmaneuver+1","Leg Sweep+1"],"picked":"Dodge and Roll+1","floor":40},{"not_picked":["Cloak And Dagger","Dagger Throw"],"picked":"Predator+1","floor":44},{"not_picked":["Crippling Poison","Caltrops+1"],"picked":"Catalyst","floor":45},{"not_picked":["Accuracy+1","Outmaneuver"],"picked":"Blur+1","floor":46},{"not_picked":["Poisoned Stab+1","Acrobatics+1"],"picked":"Malaise","floor":48}],"player_experience":527081,"relics_obtained":[{"floor":6,"key":"Singing Bowl"},{"floor":9,"key":"Ornamental Fan"},{"floor":13,"key":"Darkstone Periapt"},{"floor":23,"key":"Smiling Mask"},{"floor":25,"key":"Centennial Puzzle"},{"floor":26,"key":"Mercury Hourglass"},{"floor":34,"key":"PreservedInsect"},{"floor":34,"key":"Dodecahedron"},{"floor":34,"key":"FossilizedHelix"},{"floor":43,"key":"Meat on the Bone"},{"floor":46,"key":"Gambling Chip"}],"event_choices":[{"damage_healed":0,"gold_gain":0,"player_choice":"3 cards matched","damage_taken":0,"max_hp_gain":0,"max_hp_loss":0,"event_name":"Match and Keep!","floor":2,"gold_loss":0,"cards_obtained":["Parasite","Neutralize","Burst"]},{"damage_healed":0,"gold_gain":175,"player_choice":"AGREE","damage_taken":0,"max_hp_gain":0,"max_hp_loss":0,"event_name":"Liars Game","floor":12,"gold_loss":0,"cards_obtained":["Doubt"]},{"damage_healed":0,"gold_gain":0,"player_choice":"Ignored","damage_taken":0,"max_hp_gain":0,"max_hp_loss":0,"event_name":"Ghosts","floor":19,"gold_loss":0},{"damage_healed":0,"gold_gain":0,"player_choice":"Read","damage_taken":0,"max_hp_gain":0,"max_hp_loss":0,"event_name":"The Library","floor":20,"gold_loss":0,"cards_obtained":["Catalyst"]},{"damage_healed":0,"gold_gain":0,"cards_transformed":["Strike_G","Defend_G"],"player_choice":"Became Test Subject","damage_taken":0,"max_hp_gain":0,"max_hp_loss":0,"event_name":"Drug Dealer","floor":21,"gold_loss":0,"cards_obtained":["Outmaneuver","Adrenaline"]},{"damage_healed":0,"gold_gain":0,"player_choice":"Got Potions","damage_taken":0,"max_hp_gain":0,"max_hp_loss":0,"event_name":"Lab","floor":36,"gold_loss":0},{"damage_healed":0,"gold_gain":0,"player_choice":"Fight","damage_taken":0,"max_hp_gain":0,"max_hp_loss":0,"event_name":"Mysterious Sphere","floor":46,"gold_loss":0},{"damage_healed":88,"gold_gain":0,"player_choice":"Heal","damage_taken":0,"max_hp_gain":0,"max_hp_loss":0,"event_name":"MindBloom","floor":47,"gold_loss":0,"cards_obtained":["Doubt"]}],"is_beta":false,"boss_relics":[{"not_picked":["Runic Dome","Astrolabe"],"picked":"Velvet Choker"},{"not_picked":["Lizard Tail","Coffee Dripper"],"picked":"Calling Bell"}],"items_purged_floors":[31,37,41],"is_endless":false,"potions_floor_spawned":[1,6,8,14,16,23,25,27,29,33,35,46,48],"ascension_level":7}