{"gold_per_floor":[109,184,184,200,6,39,58,91,91,13,13,28,28,41,41,143,143,157,172,186,186,186,217,217,251,275,275,292,310,310],"floor_reached":30,"playtime":1824,"items_purged":[],"score":280,"play_id":"6a14700c-60e6-4f3b-b3b0-e19f1bbc7c25","local_time":"20181113121659","daily_mods":["SealedDeck"],"is_ascension_mode":false,"campfire_choices":[{"floor":13,"key":"REST"},{"data":"Scrape","floor":15,"key":"SMITH"},{"floor":24,"key":"REST"},{"floor":27,"key":"REST"}],"neow_cost":"","seed_source_timestamp":0,"circlet_count":0,"master_deck":["Loop","Capacitor","Static Discharge","Streamline","Rebound","Streamline","Scrape","FTL","Gash","Scrape+1","Go for the Eyes","Defragment","Echo Form","Scrape+1","Sunder+1"],"relics":["Cracked Core","Membership Card","Kunai","Peace Pipe","Bird Faced Urn","Blood Vial","Black Star","Sundial","Cables","Bronze Scales","Omamori","Potion Belt"],"potions_floor_usage":[7,7,7,7,8,8,16,19,19,29,29],"damage_taken":[{"damage":0,"enemies":"2 Louse","floor":1,"turns":2},{"damage":0,"enemies":"Cultist","floor":4,"turns":2},{"damage":10,"enemies":"Gremlin Nob","floor":6,"turns":3},{"damage":0,"enemies":"Jaw Worm","floor":7,"turns":2},{"damage":13,"enemies":"Lagavulin","floor":8,"turns":4},{"damage":9,"enemies":"Gremlin Gang","floor":12,"turns":3},{"damage":12,"enemies":"Blue Slaver","floor":14,"turns":2},{"damage":66,"enemies":"The Guardian","floor":16,"turns":6},{"damage":6,"enemies":"Chosen","floor":18,"turns":3},{"damage":10,"enemies":"Spheric Guardian","floor":19,"turns":3},{"damage":23,"enemies":"Centurion and Healer","floor":20,"turns":5},{"damage":42,"enemies":"Gremlin Leader","floor":23,"turns":6},{"damage":35,"enemies":"Book of Stabbing","floor":25,"turns":4},{"damage":30,"enemies":"Sentry and Sphere","floor":28,"turns":4},{"damage":9,"enemies":"Snecko","floor":29,"turns":4},{"damage":10,"enemies":"Snake Plant","floor":30,"turns":1}],"seed_played":"2976952521147355028","potions_obtained":[{"floor":1,"key":"EntropicBrew"},{"floor":14,"key":"Regen Potion"},{"floor":16,"key":"Poison Potion"},{"floor":18,"key":"LiquidBronze"},{"floor":25,"key":"SteroidPotion"},{"floor":28,"key":"Block Potion"},{"floor":29,"key":"SpeedPotion"}],"is_trial":true,"path_per_floor":["M","?","?","M","$","E","M","E","T","$","?","M","R","M","R","B",null,"M","M","M","?","?","E","R","E","T","R","M","M","M"],"character_chosen":"DEFECT","items_purchased":["Membership Card","Blood Vial"],"campfire_rested":3,"item_purchase_floors":[5,10],"current_hp_per_floor":[75,64,64,64,64,54,54,41,41,41,41,34,56,52,52,8,75,69,63,44,44,44,12,34,9,9,31,7,4,0],"gold":310,"neow_bonus":"","is_prod":false,"is_daily":false,"chose_seed":false,"campfire_upgraded":1,"win_rate":0.0,"timestamp":1542107819,"path_taken":["M","?","?","?","$","E","M","E","T","$","?","M","R","?","R","BOSS","M","M","M","?","?","E","R","E","T","R","M","M","?"],"build_version":"2018-11-08","purchased_purges":0,"victory":false,"max_hp_per_floor":[75,75,75,75,75,75,75,75,75,75,75,75,75,75,75,75,75,75,75,75,75,75,75,75,75,75,75,75,75,75],"card_choices":[{"not_picked":["Chill","Turbo"],"picked":"Go for the Eyes","floor":1},{"not_picked":["Storm","Hologram","Blizzard"],"picked":"SKIP","floor":4},{"not_picked":["Coolheaded","Conserve Battery"],"picked":"Defragment","floor":6},{"not_picked":["Beam Cell","Reinforced Body","Leap"],"picked":"SKIP","floor":7},{"not_picked":["Loop","Redo","Beam Cell"],"picked":"SKIP","floor":8},{"not_picked":["Static Discharge","Cold Snap","Steam"],"picked":"SKIP","floor":12},{"not_picked":["Doom and Gloom","Coolheaded","Ball Lightning"],"picked":"SKIP","floor":14},{"not_picked":["Biased Cognition","Electrodynamics"],"picked":"Echo Form","floor":16},{"not_picked":["Capacitor","Cold Snap"],"picked":"Scrape+1","floor":18},{"not_picked":["Compile Driver+1","Melter","Leap"],"picked":"SKIP","floor":19},{"not_picked":["Rip and Tear+1","Compile Driver","Rebound"],"picked":"SKIP","floor":20},{"not_picked":["Blizzard","Cold Snap","Redo"],"picked":"SKIP","floor":23},{"not_picked":["Compile Driver","Leap"],"picked":"Sunder+1","floor":25},{"not_picked":["Rebound","Sweeping Beam+1","Go for the Eyes"],"picked":"SKIP","floor":28},{"not_picked":["Fission","Conserve Battery","Hologram"],"picked":"SKIP","floor":29}],"player_experience":196267,"relics_obtained":[{"floor":6,"key":"Kunai"},{"floor":8,"key":"Peace Pipe"},{"floor":9,"key":"Bird Faced Urn"},{"floor":23,"key":"Sundial"},{"floor":23,"key":"Cables"},{"floor":25,"key":"Bronze Scales"},{"floor":25,"key":"Omamori"},{"floor":26,"key":"Potion Belt"}],"event_choices":[{"damage_healed":0,"gold_gain":75,"player_choice":"Gather Gold","damage_taken":11,"max_hp_gain":0,"max_hp_loss":0,"event_name":"World of Goop","floor":2,"gold_loss":0},{"damage_healed":0,"gold_gain":0,"player_choice":"Bought 0 Potions","damage_taken":0,"max_hp_gain":0,"max_hp_loss":0,"event_name":"The Woman in Blue","floor":3,"gold_loss":0},{"damage_healed":0,"gold_gain":0,"player_choice":"Ignored","damage_taken":0,"max_hp_gain":0,"max_hp_loss":0,"event_name":"WeMeetAgain","floor":11,"gold_loss":0},{"damage_healed":0,"gold_gain":0,"player_choice":"Ignored","damage_taken":0,"max_hp_gain":0,"max_hp_loss":0,"event_name":"The Mausoleum","floor":21,"gold_loss":0},{"damage_healed":0,"gold_gain":0,"player_choice":"Ignored","damage_taken":0,"max_hp_gain":0,"max_hp_loss":0,"event_name":"Ghosts","floor":22,"gold_loss":0}],"is_beta":false,"boss_relics":[{"not_picked":["Lizard Tail","Velvet Choker"],"picked":"Black Star"}],"items_purged_floors":[],"is_endless":false,"potions_floor_spawned":[1,14,16,18,25,28,29],"killed_by":"Snake Plant","ascension_level":0}