{"gold_per_floor":[117,117,44,61,71,99,99,174,174,174,207,226,254,128,128,232,232,249,249,249,249,268,299,312,340,340,79,89,89,99,99,99,99],"floor_reached":33,"playtime":1946,"items_purged":["Clumsy"],"score":371,"play_id":"d041ae8d-6ed5-4dee-ad8e-9bb8f72c1cad","local_time":"20190501182236","is_ascension_mode":true,"campfire_choices":[{"data":"Zap","floor":7.0,"key":"SMITH"},{"data":"Dualcast","floor":10.0,"key":"SMITH"},{"floor":15.0,"key":"REST"},{"floor":29,"key":"REST"},{"floor":32,"key":"REST"}],"neow_cost":"CURSE","seed_source_timestamp":0,"circlet_count":0,"master_deck":["Strike_B","Strike_B","Strike_B","Strike_B","Defend_B","Defend_B","Defend_B+1","Defend_B","Zap+1","Dualcast+1","Rainbow+1","BootSequence+1","Go for the Eyes","Coolheaded","Defragment+1","Ball Lightning","Cold Snap","Biased Cognition","Go for the Eyes+1","Rip and Tear+1","Defragment","Transmutation"],"special_seed":0,"relics":["Cracked Core","Pantograph","Bottled Lightning","War Paint","Sundial","Sozu","Anchor","Du-Vu Doll","Vajra"],"potions_floor_usage":[],"damage_taken":[{"damage":5.0,"enemies":"Small Slimes","floor":1.0,"turns":4.0},{"damage":0.0,"enemies":"2 Louse","floor":4.0,"turns":2.0},{"damage":0.0,"enemies":"Jaw Worm","floor":5.0,"turns":2.0},{"damage":26.0,"enemies":"Gremlin Nob","floor":6.0,"turns":4.0},{"damage":11.0,"enemies":"3 Sentries","floor":11.0,"turns":6.0},{"damage":3.0,"enemies":"Red Slaver","floor":12.0,"turns":3.0},{"damage":11.0,"enemies":"Lagavulin","floor":13.0,"turns":5.0},{"damage":0.0,"enemies":"Slime Boss","floor":16.0,"turns":6.0},{"damage":0.0,"enemies":"Chosen","floor":18.0,"turns":3.0},{"damage":3,"enemies":"2 Thieves","floor":22,"turns":3},{"damage":17,"enemies":"Slavers","floor":23,"turns":6},{"damage":0,"enemies":"Snecko","floor":24,"turns":5},{"damage":34,"enemies":"Gremlin Leader","floor":25,"turns":6},{"damage":16,"enemies":"Sentry and Sphere","floor":28,"turns":4},{"damage":0,"enemies":"Snake Plant","floor":30,"turns":4},{"damage":80,"enemies":"Collector","floor":33,"turns":12}],"seed_played":"8125092534582877321","potions_obtained":[{"floor":5.0,"key":"Strength Potion"},{"floor":11.0,"key":"GamblersBrew"},{"floor":16.0,"key":"LiquidBronze"}],"is_trial":false,"path_per_floor":["M","?","$","M","M","E","R","?","T","R","E","M","E","$","R","B",null,"M","$","?","?","M","E","M","E","T","$","M","R","M","$","R","B"],"character_chosen":"DEFECT","items_purchased":["BootSequence","PowerPotion","Defragment","Transmutation"],"campfire_rested":3,"item_purchase_floors":[3,14,27,27],"current_hp_per_floor":[70,70,70,70,70,44,44,33,33,33,22,19,8,8,30,55,75,75,75,75,75,72,55,55,21,21,21,5,27,27,27,49,0],"gold":99,"neow_bonus":"THREE_RARE_CARDS","is_prod":false,"is_daily":false,"chose_seed":false,"campfire_upgraded":2,"win_rate":0,"timestamp":1556731356,"path_taken":["M","?","$","M","M","E","R","?","T","R","E","M","E","$","R","BOSS","M","$","?","?","M","E","M","E","T","$","M","R","?","?","R","BOSS"],"build_version":"2019-01-23","purchased_purges":1,"victory":false,"max_hp_per_floor":[75,75,75,75,75,75,75,75,75,75,75,75,75,75,75,75,75,75,75,75,75,75,75,75,75,75,75,75,75,75,75,75,75],"card_choices":[{"not_picked":["All For One","Amplify"],"picked":"Rainbow","floor":0.0},{"not_picked":["Stack","Compile Driver","Sweeping Beam"],"picked":"SKIP","floor":1.0},{"not_picked":["Storm","Rip and Tear"],"picked":"Go for the Eyes","floor":4.0},{"not_picked":["Redo","Go for the Eyes","Stack"],"picked":"SKIP","floor":5.0},{"not_picked":["Skim","Barrage"],"picked":"Coolheaded","floor":6.0},{"not_picked":["Buffer","Stack"],"picked":"Defragment","floor":11.0},{"not_picked":["Stack","Gash"],"picked":"Ball Lightning","floor":12.0},{"not_picked":["Steam Power","Melter"],"picked":"Cold Snap","floor":13.0},{"not_picked":["Thunder Strike","Meteor Strike"],"picked":"Biased Cognition","floor":16.0},{"not_picked":["Barrage+1","Streamline","Redo"],"picked":"SKIP","floor":18.0},{"not_picked":["Beam Cell","Reinforced Body","Sunder"],"picked":"SKIP","floor":22},{"not_picked":["Sunder","Leap"],"picked":"Go for the Eyes+1","floor":23},{"not_picked":["Conserve Battery","Barrage","Fusion+1"],"picked":"SKIP","floor":24},{"not_picked":["Cold Snap","Multi-Cast"],"picked":"Rip and Tear+1","floor":25},{"not_picked":["Streamline+1","Ball Lightning","Stack"],"picked":"SKIP","floor":28},{"not_picked":["Barrage+1","Skim","Rip and Tear"],"picked":"SKIP","floor":30}],"player_experience":1882054,"relics_obtained":[{"floor":6.0,"key":"Pantograph"},{"floor":9.0,"key":"Bottled Lightning"},{"floor":11.0,"key":"War Paint"},{"floor":13.0,"key":"Sundial"},{"floor":23,"key":"Anchor"},{"floor":25,"key":"Du-Vu Doll"},{"floor":26,"key":"Vajra"}],"event_choices":[{"damage_healed":0.0,"max_hp_gain":0.0,"max_hp_loss":0.0,"gold_gain":0.0,"event_name":"Living Wall","player_choice":"Grow","floor":2.0,"gold_loss":0.0,"damage_taken":0.0,"cards_upgraded":["Rainbow"]},{"damage_healed":0.0,"max_hp_gain":0.0,"max_hp_loss":0.0,"gold_gain":75.0,"event_name":"World of Goop","player_choice":"Gather Gold","floor":8.0,"gold_loss":0.0,"damage_taken":11.0},{"damage_healed":0.0,"max_hp_gain":0.0,"max_hp_loss":0.0,"gold_gain":0.0,"event_name":"Ghosts","player_choice":"Ignored","floor":20.0,"gold_loss":0.0,"damage_taken":0.0},{"damage_healed":0.0,"max_hp_gain":0.0,"max_hp_loss":0.0,"gold_gain":0.0,"event_name":"Upgrade Shrine","player_choice":"Upgraded","floor":21.0,"gold_loss":0.0,"damage_taken":0.0,"cards_upgraded":["Defragment"]}],"is_beta":false,"boss_relics":[{"not_picked":["Tiny House","Busted Crown"],"picked":"Sozu"}],"items_purged_floors":[14],"is_endless":false,"potions_floor_spawned":[5,11,16,18,23,24],"killed_by":"Collector","ascension_level":1}