{"gold_per_floor":[119,38,53,53,67,67,83,101,151,166,183,183,211,227,227,326,326,338,263,263,280,280,306,405,430,455,475,500,500,500,517,517,517],"floor_reached":33,"playtime":1506,"items_purged":["Strike_R"],"score":334,"play_id":"ee6936b6-5952-44dc-b55b-f2cceb335fb6","local_time":"20181111163914","is_ascension_mode":false,"campfire_choices":[{"data":"Bash","floor":6,"key":"SMITH"},{"data":"Dual Wield","floor":12,"key":"SMITH"},{"data":"Iron Wave","floor":15,"key":"SMITH"},{"floor":30,"key":"REST"},{"floor":32,"key":"REST"}],"neow_cost":"NONE","seed_source_timestamp":1647041350039960,"circlet_count":0,"master_deck":["Strike_R","Strike_R","Defend_R","Defend_R","Defend_R","Defend_R+1","Bash+1","Iron Wave+1","Iron Wave","Dropkick","Dual Wield+1","Clash","Clash","Spot Weakness+1","Dropkick","Flame Barrier+1","True Grit+1","Shrug It Off+1","Iron Wave+1"],"relics":["Black Blood","War Paint","Toxic Egg 2","PreservedInsect","Orichalcum","Letter Opener","Red Skull","Self Forming Clay"],"potions_floor_usage":[13,16,16,16,27,28,28,29,33],"damage_taken":[{"damage":6,"enemies":"Cultist","floor":1,"turns":3},{"damage":5,"enemies":"Small Slimes","floor":3,"turns":3},{"damage":6,"enemies":"Jaw Worm","floor":5,"turns":3},{"damage":0,"enemies":"Exordium Wildlife","floor":7,"turns":3},{"damage":3,"enemies":"3 Louse","floor":8,"turns":2},{"damage":1,"enemies":"2 Fungi Beasts","floor":10,"turns":2},{"damage":0,"enemies":"Blue Slaver","floor":11,"turns":2},{"damage":13,"enemies":"Lagavulin","floor":13,"turns":7},{"damage":0,"enemies":"Lots of Slimes","floor":14,"turns":4},{"damage":75,"enemies":"The Guardian","floor":16,"turns":13},{"damage":3,"enemies":"Shell Parasite","floor":18,"turns":7},{"damage":0,"enemies":"Spheric Guardian","floor":21,"turns":3},{"damage":47,"enemies":"Gremlin Leader","floor":23,"turns":6},{"damage":26,"enemies":"Slavers","floor":25,"turns":4},{"damage":11,"enemies":"Snake Plant","floor":27,"turns":4},{"damage":0,"enemies":"Gremlin Leader","floor":28,"turns":3},{"damage":21,"enemies":"Colosseum Slavers","floor":29,"turns":5},{"damage":14,"enemies":"Cultist and Chosen","floor":31,"turns":5},{"damage":77,"enemies":"Collector","floor":33,"turns":12}],"seed_played":"-9200335029771645847","potions_obtained":[{"floor":1,"key":"AttackPotion"},{"floor":5,"key":"GamblersBrew"},{"floor":10,"key":"Weak Potion"},{"floor":13,"key":"Energy Potion"},{"floor":18,"key":"BloodPotion"},{"floor":23,"key":"Explosive Potion"},{"floor":25,"key":"Explosive Potion"},{"floor":28,"key":"Swift Potion"},{"floor":31,"key":"Strength Potion"}],"is_trial":false,"path_per_floor":["M","$","M","?","M","R","M","M","T","M","M","R","E","M","R","B",null,"M","$","?","M","?","E","?","E","T","M","E","?","R","M","R","B"],"character_chosen":"IRONCLAD","items_purchased":["Dropkick"],"campfire_rested":2,"item_purchase_floors":[2],"current_hp_per_floor":[80,80,80,80,80,80,80,80,80,80,80,80,73,79,79,10,80,80,80,65,75,75,38,38,22,22,29,39,28,53,49,74,0],"gold":517,"neow_bonus":"TRANSFORM_CARD","is_prod":false,"is_daily":false,"chose_seed":false,"campfire_upgraded":3,"win_rate":0,"timestamp":1541983154,"path_taken":["M","?","M","?","M","R","?","M","T","M","M","R","E","M","R","BOSS","M","$","?","M","?","E","?","E","T","M","E","?","R","?","R","BOSS"],"build_version":"2018-11-08","purchased_purges":1,"victory":false,"max_hp_per_floor":[80,80,80,80,80,80,80,80,80,80,80,80,80,80,80,80,80,80,80,85,85,85,85,85,85,85,85,85,85,85,85,85,85],"card_choices":[{"not_picked":["Feel No Pain","Sever Soul"],"picked":"Iron Wave","floor":1},{"not_picked":["Pommel Strike","Warcry"],"picked":"Dual Wield","floor":3},{"not_picked":["Carnage","Wild Strike"],"picked":"Clash","floor":5},{"not_picked":["Anger","Entrench"],"picked":"Clash","floor":7},{"not_picked":["Searing Blow","Flame Barrier"],"picked":"Spot Weakness","floor":8},{"not_picked":["Rampage","Rage","Bloodletting"],"picked":"SKIP","floor":10},{"not_picked":["Thunderclap","Feed"],"picked":"Dropkick","floor":11},{"not_picked":["Thunderclap","Dropkick"],"picked":"Flame Barrier","floor":13},{"not_picked":["Second Wind+1","Sword Boomerang","Wild Strike"],"picked":"SKIP","floor":14},{"not_picked":["Pommel Strike","Second Wind+1"],"picked":"True Grit+1","floor":18},{"not_picked":["Rampage","Anger","Power Through+1"],"picked":"SKIP","floor":21},{"not_picked":["Perfected Strike","Warcry+1","Demon Form"],"picked":"SKIP","floor":23},{"not_picked":["Pommel Strike","Warcry+1"],"picked":"Shrug It Off+1","floor":25},{"not_picked":["Offering+1","Cleave+1","Twin Strike"],"picked":"SKIP","floor":27},{"not_picked":["Uppercut+1","Headbutt"],"picked":"Iron Wave+1","floor":28},{"not_picked":["Infernal Blade+1","Spot Weakness+1","Iron Wave"],"picked":"SKIP","floor":31}],"player_experience":331033,"relics_obtained":[{"floor":9,"key":"War Paint"},{"floor":13,"key":"Toxic Egg 2"},{"floor":23,"key":"Orichalcum"},{"floor":25,"key":"Letter Opener"},{"floor":26,"key":"Red Skull"},{"floor":28,"key":"Self Forming Clay"}],"event_choices":[{"cards_removed":["Strike_R"],"damage_healed":0,"gold_gain":0,"player_choice":"Purged","damage_taken":0,"max_hp_gain":0,"max_hp_loss":0,"event_name":"Purifier","floor":4,"gold_loss":0},{"damage_healed":0,"gold_gain":0,"player_choice":"Shed Blood","damage_taken":20,"max_hp_gain":5,"max_hp_loss":0,"event_name":"Forgotten Altar","floor":20,"gold_loss":0},{"damage_healed":0,"gold_gain":0,"player_choice":"Opened","damage_taken":0,"relics_obtained":["PreservedInsect"],"max_hp_gain":0,"max_hp_loss":0,"event_name":"The Mausoleum","floor":22,"gold_loss":0},{"damage_healed":0,"gold_gain":99,"player_choice":"Stole From Cult","damage_taken":0,"max_hp_gain":0,"max_hp_loss":0,"event_name":"Nest","floor":24,"gold_loss":0},{"damage_healed":0,"gold_gain":0,"player_choice":"Fight","damage_taken":0,"max_hp_gain":0,"max_hp_loss":0,"event_name":"Colosseum","floor":29,"gold_loss":0},{"damage_healed":0,"gold_gain":0,"player_choice":"Fled From Nobs","damage_taken":0,"max_hp_gain":0,"max_hp_loss":0,"event_name":"Colosseum","floor":29,"gold_loss":0}],"is_beta":false,"boss_relics":[{"not_picked":["Runic Cube","Philosopher\u0027s Stone"],"picked":"Black Blood"}],"items_purged_floors":[19],"is_endless":false,"potions_floor_spawned":[1,5,10,13,18,23,25,28,31],"killed_by":"Collector","ascension_level":0}