{"gold_per_floor":[114,114,129,129,144,144,159,159,159,84,84,36,36,51,51,51],"floor_reached":16,"playtime":482,"items_purged":["Strike_G"],"score":115,"play_id":"7f26d60e-2110-40f8-9193-05127c44bf4f","local_time":"20181228054932","daily_mods":["Specialized","Flight","Lethality"],"is_ascension_mode":false,"campfire_choices":[{"floor":6,"key":"REST"},{"floor":11,"key":"REST"},{"floor":15,"key":"REST"}],"neow_cost":"","seed_source_timestamp":0,"circlet_count":0,"master_deck":["Defend_G","Defend_G","Defend_G","Defend_G","Defend_G","Strike_G","Strike_G","Strike_G","Survivor","Neutralize","Grand Finale","Grand Finale","Grand Finale","Grand Finale","Grand Finale"],"special_seed":17893,"relics":["Ring of the Snake","Unceasing Top","Potion Belt","Molten Egg 2"],"potions_floor_usage":[3],"damage_taken":[{"damage":8,"enemies":"Small Slimes","floor":1,"turns":3},{"damage":0,"enemies":"Jaw Worm","floor":3,"turns":3},{"damage":0,"enemies":"Cultist","floor":5,"turns":4},{"damage":38,"enemies":"Exordium Thugs","floor":7,"turns":7},{"damage":19,"enemies":"Large Slime","floor":14,"turns":5},{"damage":39,"enemies":"Slime Boss","floor":16,"turns":11}],"seed_played":"-53600940269430925","potions_obtained":[{"floor":1,"key":"Explosive Potion"}],"is_trial":false,"path_per_floor":["M","?","M","?","M","R","M","T","T","$","R","?","$","M","R","B"],"character_chosen":"THE_SILENT","items_purchased":[],"campfire_rested":3,"item_purchase_floors":[],"current_hp_per_floor":[62,62,62,44,44,65,27,27,27,27,48,48,48,29,50,11],"gold":51,"neow_bonus":"","is_prod":false,"is_daily":true,"chose_seed":false,"campfire_upgraded":0,"win_rate":0,"timestamp":1545972572,"path_taken":["M","?","M","?","?","R","?","?","T","$","R","?","?","M","R","BOSS"],"build_version":"2018-12-20","purchased_purges":1,"victory":false,"max_hp_per_floor":[70,70,70,70,70,70,70,70,70,70,70,70,70,70,70,70],"card_choices":[{"not_picked":["PiercingWail","Slice","Prepared"],"picked":"SKIP","floor":1},{"not_picked":["Quick Slash","Choke","All Out Attack"],"picked":"SKIP","floor":3},{"not_picked":["Backflip","Dodge and Roll","Cloak And Dagger"],"picked":"SKIP","floor":5},{"not_picked":["Poisoned Stab","Deadly Poison","Flechettes"],"picked":"SKIP","floor":7},{"not_picked":["Deadly Poison","Dagger Spray+1","Underhanded Strike+1"],"picked":"SKIP","floor":14}],"player_experience":429175,"relics_obtained":[{"floor":8,"key":"Potion Belt"},{"floor":9,"key":"Molten Egg 2"}],"event_choices":[{"cards_removed":["Strike_G"],"damage_healed":0,"gold_gain":0,"player_choice":"Forget","damage_taken":0,"max_hp_gain":0,"max_hp_loss":0,"event_name":"Living Wall","floor":2,"gold_loss":0},{"damage_healed":0,"gold_gain":0,"player_choice":"Success","damage_taken":18,"relics_obtained":["Unceasing Top"],"max_hp_gain":0,"max_hp_loss":0,"event_name":"Scrap Ooze","floor":4,"gold_loss":0},{"damage_healed":0,"gold_gain":0,"player_choice":"Left Gold","damage_taken":0,"max_hp_gain":0,"max_hp_loss":0,"event_name":"World of Goop","floor":12,"gold_loss":48}],"is_beta":false,"boss_relics":[],"items_purged_floors":[10],"is_endless":false,"potions_floor_spawned":[1],"killed_by":"Slime Boss","ascension_level":0}