{"gold_per_floor":[109,128,147,160,180,214,226,226,226,226,247,322,322,33,33,33],"floor_reached":16,"playtime":690,"items_purged":[],"score":104,"play_id":"b0cae627-bf83-4bbc-8def-0568538720be","local_time":"20181207142430","is_ascension_mode":false,"campfire_choices":[{"floor":13,"key":"REST"},{"data":"Armaments","floor":15,"key":"SMITH"}],"neow_cost":"NONE","seed_source_timestamp":1303166990720003,"circlet_count":0,"master_deck":["Strike_R","Strike_R","Strike_R","Strike_R","Strike_R+1","Defend_R","Defend_R","Defend_R","Defend_R","Bash","Offering","Armaments+1","Flame Barrier+1","True Grit","Double Tap"],"relics":["Burning Blood","Shuriken","Ginger","Golden Idol","Ice Cream"],"potions_floor_usage":[16],"damage_taken":[{"damage":6,"enemies":"Cultist","floor":1,"turns":2},{"damage":0,"enemies":"2 Louse","floor":2,"turns":3},{"damage":9,"enemies":"Jaw Worm","floor":3,"turns":3},{"damage":6,"enemies":"3 Louse","floor":4,"turns":6},{"damage":6,"enemies":"2 Fungi Beasts","floor":5,"turns":4},{"damage":26,"enemies":"Gremlin Nob","floor":6,"turns":4},{"damage":7,"enemies":"Red Slaver","floor":7,"turns":4},{"damage":6,"enemies":"Looter","floor":11,"turns":3},{"damage":53,"enemies":"Slime Boss","floor":16,"turns":9}],"seed_played":"-2045082582698566036","potions_obtained":[{"floor":2,"key":"Regen Potion"},{"floor":5,"key":"Energy Potion"},{"floor":6,"key":"Regen Potion"}],"is_trial":false,"path_per_floor":["M","M","M","M","M","E","M","?","T","?","M","?","R","$","R","B"],"character_chosen":"IRONCLAD","items_purchased":["Ice Cream"],"campfire_rested":1,"item_purchase_floors":[14],"current_hp_per_floor":[80,80,77,77,77,57,56,40,40,20,20,9,33,33,33,0],"gold":33,"neow_bonus":"ONE_RANDOM_RARE_CARD","is_prod":false,"is_daily":false,"chose_seed":false,"campfire_upgraded":1,"win_rate":0,"timestamp":1544221470,"path_taken":["M","?","M","?","M","E","M","?","T","?","M","?","R","$","R","BOSS"],"build_version":"2018-12-06","purchased_purges":0,"victory":false,"max_hp_per_floor":[80,80,80,80,80,80,80,80,80,80,80,80,80,80,80,80],"card_choices":[{"not_picked":["Pommel Strike","Warcry"],"picked":"Armaments","floor":1},{"not_picked":["Armaments","Hemokinesis","Heavy Blade"],"picked":"SKIP","floor":2},{"not_picked":["Battle Trance","Headbutt"],"picked":"Flame Barrier","floor":3},{"not_picked":["Sentinel","Heavy Blade"],"picked":"True Grit","floor":4},{"not_picked":["Thunderclap","Carnage"],"picked":"Double Tap","floor":5},{"not_picked":["Cleave","Carnage","Bloodletting"],"picked":"SKIP","floor":6},{"not_picked":["Warcry","Thunderclap","Armaments"],"picked":"SKIP","floor":7},{"not_picked":["Havoc","Twin Strike","Blood for Blood"],"picked":"SKIP","floor":11}],"player_experience":346270,"relics_obtained":[{"floor":6,"key":"Shuriken"},{"floor":9,"key":"Ginger"}],"event_choices":[{"damage_healed":0,"gold_gain":0,"player_choice":"Entered Light","damage_taken":16,"max_hp_gain":0,"max_hp_loss":0,"event_name":"Shining Light","floor":8,"gold_loss":0,"cards_upgraded":["Strike_R","Flame Barrier"]},{"damage_healed":0,"gold_gain":0,"player_choice":"Take Damage","damage_taken":20,"relics_obtained":["Golden Idol"],"max_hp_gain":0,"max_hp_loss":0,"event_name":"Golden Idol","floor":10,"gold_loss":0},{"damage_healed":0,"gold_gain":75,"player_choice":"Gather Gold","damage_taken":11,"max_hp_gain":0,"max_hp_loss":0,"event_name":"World of Goop","floor":12,"gold_loss":0}],"is_beta":false,"boss_relics":[],"items_purged_floors":[],"is_endless":false,"potions_floor_spawned":[2,5,6,7],"killed_by":"Slime Boss","ascension_level":0}