{"gold_per_floor":[114,114,67,86,261,286,340,0,26,26,88,88,115,132,132,234,234,249,249,264,264,296,327,21,54,105,7,21,21,21,40,40,141,141,153,165,61,73,73,73,73,92,118,118,118,133,133,8,8,8],"floor_reached":51,"playtime":1369,"items_purged":["Doubt"],"score":1098,"play_id":"01c7acad-94fa-4122-900e-6fcf629e2c73","local_time":"20190113214756","is_ascension_mode":true,"campfire_choices":[{"data":"Shrug It Off","floor":10,"key":"SMITH"},{"data":"True Grit","floor":15,"key":"SMITH"},{"data":"Double Tap","floor":29,"key":"SMITH"},{"data":"Sword Boomerang","floor":32,"key":"SMITH"},{"data":"Heavy Blade","floor":40,"key":"SMITH"},{"data":"Impatience","floor":44,"key":"SMITH"},{"data":"Impervious","floor":49,"key":"SMITH"}],"neow_cost":"NONE","seed_source_timestamp":697397278114092,"circlet_count":0,"master_deck":["Bash","Sword Boomerang+1","Thunderclap","Reckless Charge","Shrug It Off+1","Twin Strike","Pommel Strike","Fiend Fire","True Grit+1","Offering","Reaper","Exhume","Exhume","Cleave","Clash","Havoc","Cleave","Clothesline","Sword Boomerang+1","Necronomicurse","Feed","Double Tap+1","Rage","Impervious+1","Heavy Blade+1","Impatience+1","Pommel Strike+1"],"relics":["Burning Blood","NeowsBlessing","Bottled Flame","Pen Nib","Sling","Lantern","Blood Vial","Red Skull","Pandora\u0027s Box","Necronomicon","Red Mask","Dodecahedron","Membership Card","Vajra","Ornamental Fan","Ancient Tea Set","Brimstone","Philosopher\u0027s Stone","Toolbox","Dream Catcher","Gremlin Horn"],"potions_floor_usage":[16,16,22,23,50,50],"damage_taken":[{"damage":0,"enemies":"Cultist","floor":1,"turns":1},{"damage":0,"enemies":"Small Slimes","floor":4,"turns":1},{"damage":0,"enemies":"Lagavulin","floor":6,"turns":1},{"damage":5,"enemies":"3 Sentries","floor":11,"turns":4},{"damage":0,"enemies":"Gremlin Nob","floor":13,"turns":2},{"damage":0,"enemies":"Jaw Worm","floor":14,"turns":1},{"damage":57,"enemies":"The Guardian","floor":16,"turns":11},{"damage":13,"enemies":"Chosen","floor":18,"turns":3},{"damage":12,"enemies":"Shell Parasite","floor":20,"turns":2},{"damage":9,"enemies":"Masked Bandits","floor":22,"turns":3},{"damage":22,"enemies":"Book of Stabbing","floor":23,"turns":2},{"damage":0,"enemies":"Gremlin Leader","floor":25,"turns":2},{"damage":17,"enemies":"Shelled Parasite and Fungi","floor":28,"turns":2},{"damage":2,"enemies":"Snake Plant","floor":31,"turns":2},{"damage":55,"enemies":"Champ","floor":33,"turns":6},{"damage":38,"enemies":"3 Shapes","floor":35,"turns":2},{"damage":12,"enemies":"3 Darklings","floor":36,"turns":2},{"damage":22,"enemies":"Writhing Mass","floor":38,"turns":2},{"damage":6,"enemies":"Spire Growth","floor":42,"turns":1},{"damage":7,"enemies":"Maw","floor":46,"turns":3},{"damage":95,"enemies":"Awakened One","floor":50,"turns":6}],"seed_played":"-8563603069616005316","potions_obtained":[{"floor":2,"key":"Block Potion"},{"floor":2,"key":"GamblersBrew"},{"floor":2,"key":"BloodPotion"},{"floor":11,"key":"PowerPotion"},{"floor":16,"key":"Fire Potion"},{"floor":22,"key":"FearPotion"},{"floor":23,"key":"Explosive Potion"},{"floor":42,"key":"FearPotion"}],"is_trial":false,"path_per_floor":["M","?","$","M","?","E","T","$","T","R","?","$","E","M","R","B",null,"M","?","M","?","?","E","$","E","T","$","M","R","?","M","R","B",null,"M","M","$","M","?","R","?","M","T","R","?","M","?","$","R","B",null],"character_chosen":"IRONCLAD","items_purchased":["Thunderclap","Sling","Twin Strike","Pommel Strike","Membership Card","Vajra","Fire Potion","Brimstone","Toolbox","Gremlin Horn"],"campfire_rested":0,"item_purchase_floors":[3,8,8,8,24,24,24,27,37,48],"current_hp_per_floor":[78,78,78,80,80,80,80,80,80,80,80,80,80,80,80,29,67,62,46,61,61,60,46,46,57,57,57,78,78,96,96,96,90,95,64,90,90,95,91,91,91,94,94,94,94,93,93,93,93,52],"gold":8,"neow_bonus":"THREE_ENEMY_KILL","is_prod":false,"is_daily":false,"chose_seed":false,"campfire_upgraded":7,"win_rate":0,"timestamp":1547416076,"path_taken":["M","?","?","?","?","E","?","$","T","R","?","$","E","M","R","BOSS","M","?","M","?","?","E","?","E","T","$","M","R","?","M","R","BOSS","M","M","$","?","?","R","?","M","T","R","?","?","?","$","R","BOSS"],"build_version":"2019-01-10","purchased_purges":1,"victory":true,"max_hp_per_floor":[80,80,80,80,80,80,80,80,80,80,80,80,80,80,80,80,80,80,80,80,80,80,80,80,83,83,83,86,86,96,96,96,96,96,96,96,96,96,91,91,91,94,94,94,94,94,94,94,94,97],"card_choices":[{"not_picked":["Spot Weakness","Fire Breathing"],"picked":"Sword Boomerang","floor":1},{"not_picked":["Perfected Strike","Twin Strike"],"picked":"Reckless Charge","floor":4},{"not_picked":["Body Slam","Rage"],"picked":"Shrug It Off","floor":6},{"not_picked":["Combust","Sentinel"],"picked":"Clash","floor":11},{"not_picked":["Armaments","Fire Breathing"],"picked":"Fiend Fire","floor":13},{"not_picked":["Combust","Perfected Strike"],"picked":"True Grit","floor":14},{"not_picked":["Exhume","Impervious"],"picked":"Offering","floor":16},{"not_picked":["Pommel Strike","Blood for Blood"],"picked":"Sword Boomerang+1","floor":18},{"not_picked":["Searing Blow+1","Armaments+1","Second Wind"],"picked":"SKIP","floor":20},{"not_picked":["Rupture","Warcry"],"picked":"Feed","floor":23},{"not_picked":["Anger","Headbutt"],"picked":"Double Tap","floor":25},{"not_picked":["Warcry","Wild Strike"],"picked":"Rage","floor":28},{"not_picked":["Rupture","Spot Weakness","Perfected Strike+1"],"picked":"SKIP","floor":31},{"not_picked":["Brutality","Juggernaut"],"picked":"Impervious","floor":33},{"not_picked":["Anger+1","Hemokinesis","Inflame"],"picked":"SKIP","floor":35},{"not_picked":["Anger","True Grit","Fire Breathing"],"picked":"SKIP","floor":36},{"not_picked":["Heavy Blade","True Grit","Fire Breathing+1"],"picked":"SKIP","floor":38},{"not_picked":["True Grit","Fire Breathing+1"],"picked":"Heavy Blade","floor":38},{"not_picked":["Secret Technique","Jack Of All Trades"],"picked":"Impatience","floor":41},{"not_picked":["Shockwave","Warcry","Corruption"],"picked":"SKIP","floor":42},{"not_picked":["Flame Barrier+1","Warcry+1"],"picked":"Pommel Strike+1","floor":46}],"player_experience":74454,"relics_obtained":[{"floor":6,"key":"Bottled Flame"},{"floor":7,"key":"Pen Nib"},{"floor":9,"key":"Lantern"},{"floor":11,"key":"Blood Vial"},{"floor":13,"key":"Red Skull"},{"floor":19,"key":"Necronomicon"},{"floor":22,"key":"Red Mask"},{"floor":23,"key":"Dodecahedron"},{"floor":25,"key":"Ornamental Fan"},{"floor":26,"key":"Ancient Tea Set"},{"floor":43,"key":"Dream Catcher"}],"event_choices":[{"damage_healed":0,"gold_gain":0,"player_choice":"Got Potions","damage_taken":0,"max_hp_gain":0,"max_hp_loss":0,"event_name":"Lab","floor":2,"gold_loss":0},{"damage_healed":0,"gold_gain":175,"player_choice":"AGREE","damage_taken":0,"max_hp_gain":0,"max_hp_loss":0,"event_name":"Liars Game","floor":5,"gold_loss":0,"cards_obtained":["Doubt"]},{"damage_healed":0,"gold_gain":0,"player_choice":"Searched \u00271\u0027 times","damage_taken":0,"max_hp_gain":0,"max_hp_loss":0,"event_name":"Dead Adventurer","floor":11,"gold_loss":0},{"damage_healed":0,"gold_gain":0,"player_choice":"Obtained Book","damage_taken":16,"max_hp_gain":0,"max_hp_loss":0,"event_name":"Cursed Tome","floor":19,"gold_loss":0},{"damage_healed":0,"gold_gain":0,"player_choice":"Ignored","damage_taken":0,"max_hp_gain":0,"max_hp_loss":0,"event_name":"Vampires","floor":21,"gold_loss":0},{"damage_healed":0,"gold_gain":0,"player_choice":"Fought Bandits","damage_taken":0,"max_hp_gain":0,"max_hp_loss":0,"event_name":"Masked Bandits","floor":22,"gold_loss":0},{"cards_removed":["Juggernaut"],"damage_healed":8,"gold_gain":0,"player_choice":"Offered Rare","damage_taken":0,"max_hp_gain":10,"max_hp_loss":0,"event_name":"Bonfire Elementals","floor":30,"gold_loss":0},{"damage_healed":0,"gold_gain":0,"player_choice":"Max HP","damage_taken":0,"max_hp_gain":0,"max_hp_loss":5,"event_name":"Winding Halls","floor":39,"gold_loss":0},{"damage_healed":0,"gold_gain":0,"player_choice":"Memory 1","damage_taken":0,"max_hp_gain":0,"max_hp_loss":0,"event_name":"SensoryStone","floor":41,"gold_loss":0},{"damage_healed":0,"gold_gain":0,"player_choice":"Bought 0 Potions","damage_taken":0,"max_hp_gain":0,"max_hp_loss":0,"event_name":"The Woman in Blue","floor":45,"gold_loss":0},{"cards_removed":["Clash"],"damage_healed":0,"gold_gain":0,"player_choice":"Removed Attack","damage_taken":0,"max_hp_gain":0,"max_hp_loss":0,"event_name":"Falling","floor":47,"gold_loss":0}],"is_beta":false,"boss_relics":[{"not_picked":["Eternal Feather","Coffee Dripper"],"picked":"Pandora\u0027s Box"},{"not_picked":["Snecko Eye","Busted Crown"],"picked":"Philosopher\u0027s Stone"}],"items_purged_floors":[8],"is_endless":false,"potions_floor_spawned":[6,11,16,22,23,28,33,35,38,42],"ascension_level":7}