{"gold_per_floor":[118,118,293,312,312,356,356,377,377,418,432,451,451,526,526,645,645,645,645,417,417,417,417,417,417,417,417,342,342,342,342,342,342,342,342,342,342,342,342,136,136,136,136,136,136,136,16,16,16,16],"floor_reached":51,"playtime":2489,"items_purged":["Doubt"],"score":808,"play_id":"ff0eaeb0-0121-4c84-8ce7-b137feeabff8","local_time":"20190218185535","is_ascension_mode":false,"campfire_choices":[{"data":"Bash","floor":13,"key":"SMITH"},{"data":"Headbutt","floor":15,"key":"SMITH"},{"data":"Bludgeon","floor":23,"key":"SMITH"},{"floor":29,"key":"REST"},{"data":"Disarm","floor":32,"key":"SMITH"},{"floor":49,"key":"RECALL"}],"neow_cost":"NONE","seed_source_timestamp":501117710768364,"circlet_count":0,"master_deck":["Strike_R+1","Strike_R","Strike_R+1","Strike_R","Defend_R","Defend_R","Defend_R","Defend_R","Bash+1","Headbutt+1","Rampage+1","Bludgeon+1","Disarm+1","Clothesline+1","Disarm+1","Intimidate+1","Feel No Pain+1","Shrug It Off+1","Sentinel+1","True Grit+1","Reckless Charge+1","Metallicize","Sentinel","Disarm+1"],"relics":["Burning Blood","NeowsBlessing","Golden Idol","Sundial","Singing Bowl","Bottled Flame","Ectoplasm","Oddly Smooth Stone","Prayer Wheel","Dead Branch","PreservedInsect","GremlinMask","Coffee Dripper","Lee\u0027s Waffle","Gambling Chip","Bag of Marbles","Unceasing Top","Dream Catcher"],"potions_floor_usage":[16,16,25,25,33,33,37,44,44,46,50,50],"damage_taken":[{"damage":0,"enemies":"Small Slimes","floor":1,"turns":1},{"damage":0,"enemies":"Jaw Worm","floor":4,"turns":1},{"damage":0,"enemies":"3 Sentries","floor":6,"turns":2},{"damage":2,"enemies":"2 Louse","floor":8,"turns":3},{"damage":33,"enemies":"Gremlin Nob","floor":10,"turns":5},{"damage":14,"enemies":"Large Slime","floor":11,"turns":5},{"damage":0,"enemies":"2 Fungi Beasts","floor":12,"turns":2},{"damage":7,"enemies":"Hexaghost","floor":16,"turns":9},{"damage":10,"enemies":"Spheric Guardian","floor":18,"turns":3},{"damage":0,"enemies":"3 Byrds","floor":19,"turns":5},{"damage":0,"enemies":"Snecko","floor":21,"turns":3},{"damage":19,"enemies":"Centurion and Healer","floor":22,"turns":5},{"damage":9,"enemies":"3 Cultists","floor":24,"turns":6},{"damage":7,"enemies":"Gremlin Leader","floor":25,"turns":4},{"damage":27,"enemies":"Book of Stabbing","floor":27,"turns":5},{"damage":5,"enemies":"Snake Plant","floor":30,"turns":4},{"damage":86,"enemies":"Automaton","floor":33,"turns":12},{"damage":21,"enemies":"3 Shapes","floor":35,"turns":6},{"damage":1,"enemies":"Orb Walker","floor":36,"turns":3},{"damage":19,"enemies":"Transient","floor":37,"turns":5},{"damage":15,"enemies":"Writhing Mass","floor":38,"turns":6},{"damage":19,"enemies":"Spire Growth","floor":39,"turns":5},{"damage":0,"enemies":"4 Shapes","floor":41,"turns":9},{"damage":0,"enemies":"Mind Bloom Boss Battle","floor":42,"turns":3},{"damage":39,"enemies":"2 Orb Walkers","floor":44,"turns":8},{"damage":4,"enemies":"Giant Head","floor":45,"turns":8},{"damage":7,"enemies":"Sphere and 2 Shapes","floor":46,"turns":4},{"damage":1,"enemies":"Writhing Mass","floor":48,"turns":8},{"damage":87,"enemies":"Donu and Deca","floor":50,"turns":16}],"seed_played":"3059360277825677606","potions_obtained":[{"floor":4,"key":"SteroidPotion"},{"floor":11,"key":"SkillPotion"},{"floor":12,"key":"EssenceOfSteel"},{"floor":18,"key":"Explosive Potion"},{"floor":19,"key":"Fire Potion"},{"floor":27,"key":"Strength Potion"},{"floor":30,"key":"Poison Potion"},{"floor":33,"key":"SteroidPotion"},{"floor":37,"key":"SpeedPotion"},{"floor":38,"key":"AttackPotion"},{"floor":42,"key":"Block Potion"},{"floor":44,"key":"Ancient Potion"},{"floor":45,"key":"Energy Potion"}],"is_trial":false,"path_per_floor":["M","?","?","M","?","E","?","M","T","E","M","M","R","?","R","B",null,"M","M","$","M","M","R","M","E","T","E","?","R","M","?","R","B",null,"M","M","M","M","M","$","M","?","T","?","E","M","$","M","R","B",null],"character_chosen":"IRONCLAD","items_purchased":["Oddly Smooth Stone","Lee\u0027s Waffle","Metallicize","Sentinel"],"campfire_rested":1,"item_purchase_floors":[20,40,47,47],"current_hp_per_floor":[80,60,60,66,50,56,56,60,60,35,29,37,37,26,26,25,86,82,88,88,90,79,79,78,79,79,58,58,86,89,89,89,11,100,87,94,85,78,67,119,121,123,123,92,94,97,97,104,104,23],"gold":16,"neow_bonus":"THREE_ENEMY_KILL","is_prod":false,"is_daily":false,"chose_seed":false,"campfire_upgraded":4,"win_rate":0,"timestamp":1550544935,"path_taken":["M","?","?","M","?","E","?","M","T","E","M","M","R","?","R","BOSS","M","M","$","M","M","R","M","E","T","E","?","R","M","?","R","BOSS","M","?","M","?","M","$","M","?","T","?","E","M","$","M","R","BOSS"],"build_version":"2019-01-23","purchased_purges":1,"victory":true,"max_hp_per_floor":[80,80,80,80,80,80,80,80,80,82,84,86,86,86,86,86,86,86,88,88,90,92,92,94,96,96,96,96,96,98,98,98,100,100,102,104,108,110,112,119,121,123,123,125,125,129,129,131,131,131],"card_choices":[{"not_picked":["Wild Strike","Heavy Blade"],"picked":"Headbutt","floor":1},{"not_picked":["Armaments","Body Slam"],"picked":"Rampage","floor":4},{"not_picked":["Searing Blow","Seeing Red","Thunderclap"],"picked":"SKIP","floor":6},{"not_picked":["Shrug It Off","Hemokinesis","Battle Trance"],"picked":"SKIP","floor":8},{"not_picked":["Sever Soul","Searing Blow","Anger"],"picked":"Singing Bowl","floor":10},{"not_picked":["Anger","Spot Weakness","Corruption"],"picked":"Singing Bowl","floor":11},{"not_picked":["Shrug It Off","Ghostly Armor","Reaper"],"picked":"Singing Bowl","floor":12},{"not_picked":["Juggernaut","Offering"],"picked":"Bludgeon","floor":16},{"not_picked":["Headbutt","Dual Wield+1"],"picked":"Disarm+1","floor":18},{"not_picked":["Combust","Power Through","Armaments"],"picked":"Singing Bowl","floor":19},{"not_picked":["Wild Strike","Flex+1","Metallicize"],"picked":"Singing Bowl","floor":21},{"not_picked":["Blood for Blood+1","Iron Wave","Rupture"],"picked":"Singing Bowl","floor":22},{"not_picked":["Flex","Cleave","Anger"],"picked":"Singing Bowl","floor":24},{"not_picked":["Evolve","Iron Wave","Thunderclap"],"picked":"Singing Bowl","floor":25},{"not_picked":["Rupture","Uppercut"],"picked":"Clothesline+1","floor":27},{"not_picked":["Clash","Pummel","Heavy Blade+1"],"picked":"Singing Bowl","floor":30},{"not_picked":["Thunderclap","Reckless Charge"],"picked":"Disarm","floor":30},{"not_picked":["Demon Form","Immolate","Limit Break"],"picked":"Singing Bowl","floor":33},{"not_picked":["Flex","Searing Blow+1"],"picked":"Intimidate+1","floor":35},{"not_picked":["Headbutt+1","Thunderclap+1","Rampage"],"picked":"Singing Bowl","floor":35},{"not_picked":["Sword Boomerang","Body Slam"],"picked":"Feel No Pain+1","floor":36},{"not_picked":["Uppercut","Iron Wave","Havoc+1"],"picked":"Singing Bowl","floor":36},{"not_picked":["Entrench+1","Havoc","Pommel Strike+1"],"picked":"Singing Bowl","floor":37},{"not_picked":["Dual Wield","Body Slam+1","Twin Strike"],"picked":"Singing Bowl","floor":37},{"not_picked":["Searing Blow","Flex+1","Body Slam+1"],"picked":"Singing Bowl","floor":38},{"not_picked":["Dark Embrace","Perfected Strike+1"],"picked":"Shrug It Off+1","floor":38},{"not_picked":["Spot Weakness","Flex","Clash"],"picked":"Singing Bowl","floor":39},{"not_picked":["Second Wind+1","Perfected Strike"],"picked":"Sentinel+1","floor":39},{"not_picked":["Sword Boomerang+1","Fire Breathing+1","Thunderclap+1"],"picked":"Singing Bowl","floor":41},{"not_picked":["Havoc+1","Wild Strike+1"],"picked":"True Grit+1","floor":41},{"not_picked":["Pommel Strike","Dual Wield","Armaments"],"picked":"Singing Bowl","floor":42},{"not_picked":["Seeing Red","Uppercut","Twin Strike"],"picked":"Singing Bowl","floor":44},{"not_picked":["Searing Blow+1","Whirlwind+1"],"picked":"Reckless Charge+1","floor":45},{"not_picked":["Inflame","Seeing Red","Clothesline+1"],"picked":"Singing Bowl","floor":46},{"not_picked":["Heavy Blade","Sword Boomerang+1","Feed"],"picked":"Singing Bowl","floor":46},{"not_picked":["Whirlwind","Shrug It Off"],"picked":"Disarm+1","floor":48},{"not_picked":["Heavy Blade+1","Sword Boomerang","Clothesline"],"picked":"Singing Bowl","floor":48}],"player_experience":422972,"relics_obtained":[{"floor":6,"key":"Sundial"},{"floor":9,"key":"Singing Bowl"},{"floor":10,"key":"Bottled Flame"},{"floor":25,"key":"Prayer Wheel"},{"floor":26,"key":"Dead Branch"},{"floor":27,"key":"PreservedInsect"},{"floor":42,"key":"Gambling Chip"},{"floor":43,"key":"Bag of Marbles"},{"floor":44,"key":"Unceasing Top"},{"floor":45,"key":"Dream Catcher"}],"event_choices":[{"damage_healed":0,"gold_gain":0,"player_choice":"Take Damage","damage_taken":20,"relics_obtained":["Golden Idol"],"max_hp_gain":0,"max_hp_loss":0,"event_name":"Golden Idol","floor":2,"gold_loss":0},{"damage_healed":0,"gold_gain":175,"player_choice":"AGREE","damage_taken":0,"max_hp_gain":0,"max_hp_loss":0,"event_name":"Liars Game","floor":3,"gold_loss":0,"cards_obtained":["Doubt"]},{"damage_healed":0,"gold_gain":0,"player_choice":"Entered Light","damage_taken":16,"max_hp_gain":0,"max_hp_loss":0,"event_name":"Shining Light","floor":5,"gold_loss":0,"cards_upgraded":["Strike_R","Strike_R"]},{"damage_healed":0,"gold_gain":0,"player_choice":"Grow","damage_taken":0,"max_hp_gain":0,"max_hp_loss":0,"event_name":"Living Wall","floor":7,"gold_loss":0,"cards_upgraded":["Rampage"]},{"damage_healed":0,"gold_gain":75,"player_choice":"Gather Gold","damage_taken":11,"max_hp_gain":0,"max_hp_loss":0,"event_name":"World of Goop","floor":14,"gold_loss":0},{"cards_removed":["Strike_R"],"damage_healed":0,"gold_gain":0,"player_choice":"Gave Gold","damage_taken":0,"max_hp_gain":0,"max_hp_loss":0,"event_name":"Beggar","floor":28,"gold_loss":75},{"damage_healed":0,"gold_gain":0,"player_choice":"Trade","damage_taken":0,"relics_obtained":["GremlinMask"],"max_hp_gain":0,"max_hp_loss":0,"event_name":"FaceTrader","floor":31,"gold_loss":0},{"damage_healed":0,"gold_gain":0,"player_choice":"Fight","damage_taken":0,"max_hp_gain":0,"max_hp_loss":0,"event_name":"MindBloom","floor":42,"gold_loss":0},{"damage_healed":0,"gold_gain":0,"player_choice":"Fight","damage_taken":0,"max_hp_gain":0,"max_hp_loss":0,"event_name":"Mysterious Sphere","floor":44,"gold_loss":0}],"is_beta":false,"boss_relics":[{"not_picked":["Calling Bell","Fusion Hammer"],"picked":"Ectoplasm"},{"not_picked":["Lizard Tail","Philosopher\u0027s Stone"],"picked":"Coffee Dripper"}],"items_purged_floors":[20],"is_endless":false,"potions_floor_spawned":[4,11,12,18,19,27,30,33,37,38,42,44,45],"ascension_level":0}