{"gold_per_floor":[111,127,127,140,155,155,187,202,277,179,179,192,192,192,192,320,320,344,363,363,363],"floor_reached":21,"playtime":1075,"items_purged":["Strike_B"],"score":217,"play_id":"6a4480e6-4f13-4851-9ef3-e1043d83b83f","local_time":"20190330111413","is_ascension_mode":true,"campfire_choices":[{"data":"Chaos","floor":6,"key":"SMITH"},{"data":"Darkness","floor":11,"key":"SMITH"},{"floor":15,"key":"REST"}],"neow_cost":"PERCENT_DAMAGE","seed_source_timestamp":1349337538298017,"circlet_count":0,"master_deck":["Strike_B","Strike_B","Strike_B","Defend_B","Defend_B","Defend_B","Defend_B","Zap+1","Dualcast","Electrodynamics","Ball Lightning","Chaos+1","BootSequence","Darkness+1","Compile Driver","Go for the Eyes","Rebound","Injury","Echo Form","Sunder","Ball Lightning"],"relics":["Cracked Core","Regal Pillow","Ornamental Fan","Golden Idol","Eternal Feather"],"potions_floor_usage":[7,12,21],"damage_taken":[{"damage":1,"enemies":"Cultist","floor":1,"turns":3},{"damage":0,"enemies":"2 Louse","floor":2,"turns":1},{"damage":0,"enemies":"Small Slimes","floor":4,"turns":2},{"damage":8,"enemies":"Looter","floor":5,"turns":3},{"damage":10,"enemies":"Lagavulin","floor":7,"turns":6},{"damage":8,"enemies":"Blue Slaver","floor":8,"turns":3},{"damage":0,"enemies":"2 Fungi Beasts","floor":12,"turns":2},{"damage":40,"enemies":"The Guardian","floor":16,"turns":10},{"damage":36,"enemies":"Shell Parasite","floor":18,"turns":5},{"damage":25,"enemies":"Chosen","floor":19,"turns":5},{"damage":14,"enemies":"Colosseum Slavers","floor":21,"turns":4},{"damage":27,"enemies":"Colosseum Nobs","floor":21,"turns":3}],"seed_played":"2473905953072820695","potions_obtained":[{"floor":4,"key":"Weak Potion"},{"floor":7,"key":"Fire Potion"},{"floor":12,"key":"SpeedPotion"}],"is_trial":false,"path_per_floor":["M","M","?","M","M","R","E","M","T","$","R","M","?","?","R","B",null,"M","M","?","?"],"character_chosen":"DEFECT","items_purchased":["Go for the Eyes"],"campfire_rested":1,"item_purchase_floors":[10],"current_hp_per_floor":[53,53,53,53,45,45,35,27,27,27,27,27,27,27,64,24,75,39,14,39,0],"gold":363,"neow_bonus":"THREE_RARE_CARDS","is_prod":false,"is_daily":false,"chose_seed":false,"campfire_upgraded":2,"win_rate":0,"timestamp":1553912053,"path_taken":["M","M","?","M","M","R","E","M","T","$","R","?","?","?","R","BOSS","M","M","?","?"],"build_version":"2019-01-23","purchased_purges":1,"victory":false,"max_hp_per_floor":[75,75,75,75,75,75,75,75,75,75,75,75,75,75,75,75,75,75,75,75,75],"card_choices":[{"not_picked":["Seek","Creative AI"],"picked":"Electrodynamics","floor":0},{"not_picked":["Turbo","Barrage","Doom and Gloom"],"picked":"SKIP","floor":1},{"not_picked":["Steam Power","Gash"],"picked":"Ball Lightning","floor":2},{"not_picked":["Hologram","BootSequence"],"picked":"Chaos","floor":4},{"not_picked":["Gash","Hologram"],"picked":"BootSequence","floor":5},{"not_picked":["Auto Shields","Turbo"],"picked":"Darkness","floor":7},{"not_picked":["Coolheaded","Hello World"],"picked":"Compile Driver","floor":8},{"not_picked":["Meteor Strike","Steam"],"picked":"Rebound","floor":12},{"not_picked":["Hyperbeam","Amplify"],"picked":"Echo Form","floor":16},{"not_picked":["Go for the Eyes","Beam Cell"],"picked":"Sunder","floor":18},{"not_picked":["Darkness","Compile Driver"],"picked":"Ball Lightning","floor":19}],"player_experience":196347,"relics_obtained":[{"floor":7,"key":"Regal Pillow"},{"floor":9,"key":"Ornamental Fan"}],"event_choices":[{"damage_healed":0,"gold_gain":0,"player_choice":"Bought 0 Potions","damage_taken":0,"max_hp_gain":0,"max_hp_loss":0,"event_name":"The Woman in Blue","floor":3,"gold_loss":0},{"damage_healed":0,"gold_gain":0,"player_choice":"Grow","damage_taken":0,"max_hp_gain":0,"max_hp_loss":0,"event_name":"Living Wall","floor":13,"gold_loss":0,"cards_upgraded":["Zap"]},{"damage_healed":0,"gold_gain":0,"player_choice":"Take Wound","damage_taken":0,"relics_obtained":["Golden Idol"],"max_hp_gain":0,"max_hp_loss":0,"event_name":"Golden Idol","floor":14,"gold_loss":0,"cards_obtained":["Injury"]},{"damage_healed":25,"gold_gain":0,"player_choice":"Heal","damage_taken":0,"max_hp_gain":0,"max_hp_loss":0,"event_name":"The Library","floor":20,"gold_loss":0},{"damage_healed":0,"gold_gain":0,"player_choice":"Fight","damage_taken":0,"max_hp_gain":0,"max_hp_loss":0,"event_name":"Colosseum","floor":21,"gold_loss":0},{"damage_healed":0,"gold_gain":0,"player_choice":"Fought Nobs","damage_taken":0,"max_hp_gain":0,"max_hp_loss":0,"event_name":"Colosseum","floor":21,"gold_loss":0}],"is_beta":false,"boss_relics":[{"not_picked":["Calling Bell","Tiny House"],"picked":"Eternal Feather"}],"items_purged_floors":[10],"is_endless":false,"potions_floor_spawned":[4,7,12,21],"killed_by":"Colosseum Nobs","ascension_level":4}