{"gold_per_floor":[115,115,133,58,58,70,88,101,126,137,137,167,14,27,27,125,125,137,62,78,78,90,90,90,117,117,135,148,166,166,186,186,288,288,303,318,329,329,172,182,194,194,247,247,259,259,359,372,372,372],"floor_reached":51,"playtime":3042,"items_purged":[],"score":707,"play_id":"7389c382-cf6d-427a-ba2a-baa0dc65b4dd","local_time":"20181213195135","is_ascension_mode":false,"campfire_choices":[{"floor":11,"key":"REST"},{"floor":15,"key":"REST"},{"floor":23,"key":"REST"},{"floor":30,"key":"REST"},{"floor":32,"key":"REST"},{"data":"Loop","floor":46,"key":"SMITH"},{"floor":49,"key":"REST"}],"neow_cost":"NONE","seed_source_timestamp":80193804286727,"circlet_count":0,"master_deck":["Strike_B+1","Strike_B+1","Strike_B+1","Strike_B+1","Defend_B+1","Defend_B+1","Defend_B+1","Defend_B+1","Zap","Dualcast","Electrodynamics","Gash","Ball Lightning","Loop+1","Auto Shields+1","Self Repair","Consume","Conserve Battery+1","Conserve Battery","Genetic Algorithm+1","Beam Cell","FTL+1","Beam Cell+1","Go for the Eyes","Tempest","Doom and Gloom","Echo Form","Streamline+1","Static Discharge+1","Hello World+1","Melter","Barrage+1","Writhe","Barrage+1","Sunder","Redo+1"],"relics":["Cracked Core","WarpedTongs","Anchor","Pen Nib","DataDisk","Lizard Tail","Happy Flower","Cables","Nuclear Battery","War Paint","Regal Pillow","Gambling Chip"],"potions_floor_usage":[12,16,33,41,50,50],"damage_taken":[{"damage":2,"enemies":"Jaw Worm","floor":1,"turns":4},{"damage":7,"enemies":"Small Slimes","floor":3,"turns":2},{"damage":8,"enemies":"Cultist","floor":6,"turns":3},{"damage":30,"enemies":"Exordium Thugs","floor":7,"turns":4},{"damage":8,"enemies":"Looter","floor":8,"turns":3},{"damage":1,"enemies":"3 Louse","floor":10,"turns":2},{"damage":18,"enemies":"Gremlin Nob","floor":12,"turns":3},{"damage":15,"enemies":"Gremlin Gang","floor":14,"turns":3},{"damage":2,"enemies":"Slime Boss","floor":16,"turns":5},{"damage":20,"enemies":"2 Thieves","floor":18,"turns":3},{"damage":17,"enemies":"Spheric Guardian","floor":20,"turns":8},{"damage":21,"enemies":"Snake Plant","floor":22,"turns":4},{"damage":16,"enemies":"Centurion and Healer","floor":27,"turns":5},{"damage":14,"enemies":"Sentry and Sphere","floor":28,"turns":5},{"damage":15,"enemies":"Snecko","floor":29,"turns":5},{"damage":14,"enemies":"Shelled Parasite and Fungi","floor":31,"turns":4},{"damage":31,"enemies":"Champ","floor":33,"turns":10},{"damage":12,"enemies":"3 Shapes","floor":35,"turns":3},{"damage":13,"enemies":"Orb Walker","floor":36,"turns":3},{"damage":13,"enemies":"Sphere and 2 Shapes","floor":37,"turns":4},{"damage":37,"enemies":"Transient","floor":40,"turns":5},{"damage":6,"enemies":"Maw","floor":41,"turns":6},{"damage":28,"enemies":"4 Shapes","floor":45,"turns":5},{"damage":24,"enemies":"Mind Bloom Boss Battle","floor":47,"turns":5},{"damage":13,"enemies":"Sphere and 2 Shapes","floor":48,"turns":3},{"damage":68,"enemies":"Awakened One","floor":50,"turns":11}],"seed_played":"3295231502059634683","potions_obtained":[{"floor":3,"key":"Strength Potion"},{"floor":6,"key":"Poison Potion"},{"floor":10,"key":"Fire Potion"},{"floor":16,"key":"Strength Potion"},{"floor":22,"key":"Explosive Potion"},{"floor":33,"key":"Swift Potion"},{"floor":35,"key":"SteroidPotion"},{"floor":36,"key":"Block Potion"},{"floor":47,"key":"Strength Potion"}],"is_trial":false,"path_per_floor":["M","?","M","$","?","M","M","M","T","M","R","E","$","M","R","B",null,"M","?","M","?","M","R","?","T","T","M","M","M","R","M","R","B",null,"M","M","M","?","$","M","M","?","T","?","M","R","?","M","R","B",null],"character_chosen":"DEFECT","items_purchased":["Loop","DataDisk","War Paint"],"campfire_rested":6,"item_purchase_floors":[4,13,39],"current_hp_per_floor":[73,73,66,66,66,58,28,20,20,26,48,30,30,15,37,42,75,55,55,48,48,37,59,59,59,59,50,43,28,50,43,65,41,75,63,60,47,47,47,17,11,30,30,85,64,64,60,47,85,24],"gold":372,"neow_bonus":"ONE_RANDOM_RARE_CARD","is_prod":false,"is_daily":false,"chose_seed":false,"campfire_upgraded":1,"win_rate":0,"timestamp":1544759495,"path_taken":["M","?","M","$","?","?","M","M","T","M","R","E","?","M","R","BOSS","M","?","M","?","M","R","?","?","T","M","M","M","R","M","R","BOSS","M","M","?","?","$","M","M","?","T","?","?","R","?","M","R","BOSS"],"build_version":"2018-12-13","purchased_purges":0,"victory":true,"max_hp_per_floor":[75,75,75,75,75,75,75,75,75,75,75,75,75,75,75,75,75,75,75,75,75,75,75,75,75,75,75,75,75,75,75,75,75,75,75,75,75,75,75,75,75,75,75,85,85,85,85,85,85,85],"card_choices":[{"not_picked":["Compile Driver","Chaos"],"picked":"Gash","floor":1},{"not_picked":["Heatsinks","Darkness"],"picked":"Ball Lightning","floor":3},{"not_picked":["Barrage","Sweeping Beam"],"picked":"Storm","floor":6},{"not_picked":["Recycle","Sweeping Beam"],"picked":"Auto Shields","floor":7},{"not_picked":["Force Field","FTL"],"picked":"Self Repair","floor":8},{"not_picked":["Fusion","Reinforced Body"],"picked":"Consume","floor":10},{"not_picked":["Recycle","Thunder Strike"],"picked":"Conserve Battery","floor":12},{"not_picked":["Leap","Aggregate"],"picked":"Conserve Battery","floor":14},{"not_picked":["Fission","Core Surge"],"picked":"Rainbow","floor":16},{"not_picked":["Ball Lightning","Steam+1"],"picked":"Genetic Algorithm+1","floor":18},{"not_picked":["Rebound","Conserve Battery"],"picked":"Beam Cell","floor":20},{"not_picked":["Coolheaded","Fusion"],"picked":"FTL+1","floor":22},{"not_picked":["Steam+1","Hologram"],"picked":"Beam Cell+1","floor":27},{"not_picked":["Hologram","Storm"],"picked":"Go for the Eyes","floor":28},{"not_picked":["Beam Cell","Defragment"],"picked":"Tempest","floor":29},{"not_picked":["Rebound","Sweeping Beam+1"],"picked":"Doom and Gloom","floor":31},{"not_picked":["Thunder Strike","Amplify"],"picked":"Echo Form","floor":33},{"not_picked":["Fusion","Hologram+1"],"picked":"Streamline+1","floor":35},{"not_picked":["Stack","Barrage"],"picked":"Static Discharge+1","floor":36},{"not_picked":["Beam Cell","Stack+1"],"picked":"Hello World+1","floor":37},{"not_picked":["Steam","Hologram"],"picked":"Melter","floor":40},{"not_picked":["Sweeping Beam+1","Fusion+1"],"picked":"Barrage+1","floor":41},{"not_picked":["Steam Power+1","Amplify"],"picked":"Barrage+1","floor":45},{"not_picked":["Stack+1","Ball Lightning+1"],"picked":"Sunder","floor":47},{"not_picked":["Sweeping Beam","Coolheaded+1"],"picked":"Redo+1","floor":48}],"player_experience":252035,"relics_obtained":[{"floor":9,"key":"Anchor"},{"floor":12,"key":"Pen Nib"},{"floor":25,"key":"Happy Flower"},{"floor":26,"key":"Cables"},{"floor":43,"key":"Regal Pillow"},{"floor":47,"key":"Gambling Chip"}],"event_choices":[{"damage_healed":0,"gold_gain":0,"player_choice":"Leave","damage_taken":0,"max_hp_gain":0,"max_hp_loss":0,"event_name":"The Cleric","floor":2,"gold_loss":0},{"damage_healed":0,"gold_gain":0,"player_choice":"Rummage","damage_taken":0,"relics_obtained":["WarpedTongs"],"max_hp_gain":0,"max_hp_loss":0,"event_name":"Accursed Blacksmith","floor":5,"gold_loss":0,"cards_obtained":["Pain"]},{"cards_removed":["Pain"],"damage_healed":0,"gold_gain":0,"player_choice":"Gave Gold","damage_taken":0,"max_hp_gain":0,"max_hp_loss":0,"event_name":"Beggar","floor":19,"gold_loss":75},{"damage_healed":0,"gold_gain":0,"player_choice":"Ignored","damage_taken":0,"max_hp_gain":0,"max_hp_loss":0,"event_name":"Ghosts","floor":21,"gold_loss":0},{"damage_healed":0,"gold_gain":0,"player_choice":"Simplicity","damage_taken":0,"max_hp_gain":0,"max_hp_loss":0,"event_name":"Back to Basics","floor":24,"gold_loss":0,"cards_upgraded":["Strike_B","Strike_B","Strike_B","Strike_B","Defend_B","Defend_B","Defend_B","Defend_B"]},{"cards_removed":["Storm"],"damage_healed":0,"gold_gain":0,"player_choice":"Removed Power","damage_taken":0,"max_hp_gain":0,"max_hp_loss":0,"event_name":"Falling","floor":38,"gold_loss":0},{"damage_healed":19,"gold_gain":0,"player_choice":"Writhe","damage_taken":0,"max_hp_gain":0,"max_hp_loss":0,"event_name":"Winding Halls","floor":42,"gold_loss":0,"cards_obtained":["Writhe"]},{"cards_removed":["Rainbow"],"damage_healed":45,"gold_gain":0,"player_choice":"Offered Rare","damage_taken":0,"max_hp_gain":10,"max_hp_loss":0,"event_name":"Bonfire Elementals","floor":44,"gold_loss":0},{"damage_healed":0,"gold_gain":0,"player_choice":"Fight","damage_taken":0,"max_hp_gain":0,"max_hp_loss":0,"event_name":"MindBloom","floor":47,"gold_loss":0}],"is_beta":false,"boss_relics":[{"not_picked":["FrozenCore","Sozu"],"picked":"Lizard Tail"},{"not_picked":["Cursed Key","Runic Dome"],"picked":"Nuclear Battery"}],"items_purged_floors":[],"is_endless":false,"potions_floor_spawned":[3,6,10,16,22,28,33,35,36,40,47],"ascension_level":0}