{"gold_per_floor":[115,115,35,52,52,85,102,130,130,159,178,190,81,81,81,176,176,189,104,204,216,216,216,245,68,91,91,116,126,126,143,143,247,247,262,328,13,25,5,5,55,55,55,87,215,543,67,79,79,79,79,79,30,58,58],"floor_reached":55,"playtime":3002,"items_purged":["Strike_G","Strike_G","Pain","Pain"],"score":1349,"play_id":"6d2e3554-90de-45a1-b845-cb479068686b","local_time":"20190418170501","is_ascension_mode":true,"campfire_choices":[{"data":"Noxious Fumes","floor":15.0,"key":"SMITH"},{"data":"Noxious Fumes","floor":23,"key":"SMITH"},{"data":"Footwork","floor":27,"key":"SMITH"},{"floor":30,"key":"REST"},{"data":"Adrenaline","floor":32,"key":"SMITH"},{"floor":40,"key":"REST"},{"data":"Leg Sweep","floor":42,"key":"SMITH"},{"floor":49,"key":"RECALL"},{"data":"Burst","floor":52,"key":"SMITH"}],"neow_cost":"NONE","seed_source_timestamp":0,"circlet_count":0,"master_deck":["AscendersBane","Defend_G","Defend_G","Defend_G","Defend_G","Defend_G","Strike_G","Survivor","Neutralize","Footwork+1","Noxious Fumes+1","Dagger Spray","Noxious Fumes+1","Leg Sweep+1","Poisoned Stab","Leg Sweep","Crippling Poison","Adrenaline+1","Poisoned Stab+1","Dash+1","Noxious Fumes","Noxious Fumes","After Image","Clumsy","Footwork+1","Burst+1","Well Laid Plans+1","Parasite"],"special_seed":0,"relics":["Ring of the Snake","NeowsBlessing","Meat on the Bone","Pantograph","Gambling Chip","Busted Crown","Dodecahedron","Calipers","Pear","SsserpentHead","Singing Bowl","Bag of Preparation","Regal Pillow","Calling Bell","Vajra","Frozen Egg 2","Nunchaku","Oddly Smooth Stone","Bottled Tornado","Thread and Needle","Darkstone Periapt","Old Coin","Paper Crane","Boot"],"potions_floor_usage":[20,20,24,28,33,46,46,48,54,55],"damage_taken":[{"damage":0.0,"enemies":"Jaw Worm","floor":1.0,"turns":1.0},{"damage":0.0,"enemies":"Cultist","floor":4.0,"turns":1.0},{"damage":0.0,"enemies":"Gremlin Nob","floor":6.0,"turns":1.0},{"damage":5.0,"enemies":"Small Slimes","floor":7.0,"turns":5.0},{"damage":2.0,"enemies":"Lagavulin","floor":8.0,"turns":8.0},{"damage":24.0,"enemies":"Gremlin Nob","floor":10.0,"turns":7.0},{"damage":32.0,"enemies":"Gremlin Gang","floor":11.0,"turns":8.0},{"damage":1.0,"enemies":"3 Louse","floor":12.0,"turns":4.0},{"damage":22.0,"enemies":"Hexaghost","floor":16.0,"turns":9.0},{"damage":13.0,"enemies":"Chosen","floor":18.0,"turns":7.0},{"damage":30,"enemies":"Colosseum Slavers","floor":20,"turns":6},{"damage":12,"enemies":"Colosseum Nobs","floor":20,"turns":4},{"damage":2,"enemies":"Shell Parasite","floor":21,"turns":6},{"damage":19,"enemies":"Book of Stabbing","floor":24,"turns":8},{"damage":34,"enemies":"Slavers","floor":28,"turns":5},{"damage":7,"enemies":"Centurion and Healer","floor":29,"turns":7},{"damage":3,"enemies":"Snake Plant","floor":31,"turns":5},{"damage":24,"enemies":"Collector","floor":33,"turns":8},{"damage":29,"enemies":"3 Darklings","floor":35,"turns":5},{"damage":36,"enemies":"3 Shapes","floor":36,"turns":4},{"damage":22,"enemies":"Transient","floor":38,"turns":5},{"damage":18,"enemies":"Giant Head","floor":44,"turns":11},{"damage":4,"enemies":"Reptomancer","floor":46,"turns":6},{"damage":0,"enemies":"Writhing Mass","floor":48,"turns":8},{"damage":23,"enemies":"Awakened One","floor":50,"turns":19},{"damage":7,"enemies":"Shield and Spear","floor":54,"turns":9},{"damage":115,"enemies":"The Heart","floor":55,"turns":15}],"seed_played":"4103919440599517541","potions_obtained":[{"floor":7.0,"key":"FearPotion"},{"floor":8.0,"key":"Swift Potion"},{"floor":11.0,"key":"Dexterity Potion"},{"floor":20,"key":"SneckoOil"},{"floor":21,"key":"SkillPotion"},{"floor":28,"key":"EssenceOfSteel"},{"floor":35,"key":"SpeedPotion"},{"floor":44,"key":"Explosive Potion"},{"floor":46,"key":"Regen Potion"},{"floor":48,"key":"Swift Potion"}],"is_trial":false,"path_per_floor":["M","?","$","M","?","E","M","E","T","E","M","M","$","?","R","B",null,"M","?","?","M","?","R","E","$","T","R","E","M","R","M","R","B",null,"M","M","$","M","$","R","$","R","T","E","T","E","$","M","R","B",null,"R","$","E","B"],"character_chosen":"THE_SILENT","items_purchased":["Noxious Fumes","Crippling Poison","Noxious Fumes","Oddly Smooth Stone","Footwork+1","Burst","Well Laid Plans+1","Paper Crane","SpeedPotion"],"campfire_rested":2,"item_purchase_floors":[3,13,25,37,37,39,47,47,53],"current_hp_per_floor":[63,63,63,63,63,63,58,56,56,44,24,35,35,40,40,43,67,54,54,46,44,44,44,37,37,37,37,15,22,63,62,62,63,83,56,34,34,26,26,69,69,69,69,53,53,51,51,74,74,76,99,99,99,94,0],"gold":58,"neow_bonus":"THREE_ENEMY_KILL","is_prod":false,"is_daily":false,"chose_seed":false,"campfire_upgraded":6,"win_rate":0,"timestamp":1555632301,"path_taken":["M","?","?","M","?","E","M","E","T","E","M","?","$","?","R","BOSS","M","?","?","M","?","R","E","$","T","R","E","M","R","M","R","BOSS","M","?","$","M","?","R","?","R","T","E","?","E","$","M","R","BOSS","R","$","E","BOSS"],"build_version":"2019-01-23","purchased_purges":4,"victory":false,"max_hp_per_floor":[70,70,70,70,70,70,70,70,70,70,70,70,70,75,75,75,75,75,75,85,85,85,85,85,85,85,85,85,87,87,89,89,89,89,91,93,93,95,95,95,95,95,95,97,97,99,99,107,107,107,107,107,107,109,109],"card_choices":[{"not_picked":["Acrobatics","Backflip"],"picked":"Footwork","floor":1.0},{"not_picked":["Choke","Acrobatics"],"picked":"Dagger Spray","floor":4.0},{"not_picked":["Expertise","Blade Dance"],"picked":"Noxious Fumes","floor":6.0},{"not_picked":["Slice","Bane"],"picked":"Leg Sweep","floor":7.0},{"not_picked":["Distraction","Finisher","Predator"],"picked":"SKIP","floor":8.0},{"not_picked":["Skewer","Dagger Spray"],"picked":"Poisoned Stab","floor":10.0},{"not_picked":["Outmaneuver","Quick Slash"],"picked":"Leg Sweep","floor":11.0},{"not_picked":["Dodge and Roll","Blade Dance","Cloak And Dagger"],"picked":"SKIP","floor":12.0},{"not_picked":["Storm of Steel","Bullet Time"],"picked":"Adrenaline","floor":16.0},{"not_picked":["Acrobatics"],"picked":"SKIP","floor":18.0},{"not_picked":[],"picked":"Poisoned Stab+1","floor":21},{"not_picked":[],"picked":"Dash+1","floor":24},{"not_picked":[],"picked":"Noxious Fumes","floor":28},{"not_picked":["Quick Slash"],"picked":"Singing Bowl","floor":29},{"not_picked":["Prepared"],"picked":"Singing Bowl","floor":31},{"not_picked":[],"picked":"After Image","floor":33},{"not_picked":["Deadly Poison"],"picked":"Singing Bowl","floor":35},{"not_picked":["Masterful Stab+1"],"picked":"Singing Bowl","floor":36},{"not_picked":["Expertise"],"picked":"Singing Bowl","floor":38},{"not_picked":["Dagger Throw+1"],"picked":"Singing Bowl","floor":44},{"not_picked":["Bane+1"],"picked":"Singing Bowl","floor":46},{"not_picked":["Underhanded Strike+1"],"picked":"Singing Bowl","floor":48},{"not_picked":["Slice"],"picked":"Singing Bowl","floor":54}],"player_experience":260438,"relics_obtained":[{"floor":6.0,"key":"Meat on the Bone"},{"floor":8.0,"key":"Pantograph"},{"floor":10.0,"key":"Gambling Chip"},{"floor":20,"key":"Calipers"},{"floor":20,"key":"Pear"},{"floor":24,"key":"Singing Bowl"},{"floor":26,"key":"Bag of Preparation"},{"floor":28,"key":"Regal Pillow"},{"floor":34,"key":"Vajra"},{"floor":34,"key":"Frozen Egg 2"},{"floor":34,"key":"Nunchaku"},{"floor":43,"key":"Bottled Tornado"},{"floor":44,"key":"Thread and Needle"},{"floor":45,"key":"Darkstone Periapt"},{"floor":46,"key":"Old Coin"},{"floor":54,"key":"Boot"}],"event_choices":[{"cards_removed":["Strike_G"],"damage_healed":0.0,"max_hp_gain":0.0,"max_hp_loss":0.0,"gold_gain":0.0,"event_name":"Bonfire Elementals","player_choice":"Offered Basic","floor":2.0,"gold_loss":0.0,"damage_taken":0.0},{"cards_removed":["Strike_G"],"damage_healed":0.0,"max_hp_gain":0.0,"max_hp_loss":0.0,"gold_gain":0.0,"event_name":"Purifier","player_choice":"Purged","floor":5.0,"gold_loss":0.0,"damage_taken":0.0},{"damage_healed":0.0,"max_hp_gain":5.0,"max_hp_loss":0.0,"gold_gain":0.0,"event_name":"Big Fish","player_choice":"Donut","floor":14.0,"gold_loss":0.0,"damage_taken":0.0},{"damage_healed":0.0,"max_hp_gain":0.0,"max_hp_loss":0.0,"gold_gain":0.0,"event_name":"Addict","player_choice":"Obtained Relic","floor":19.0,"gold_loss":85.0,"damage_taken":0.0,"relics_obtained":["Dodecahedron"]},{"damage_healed":0,"gold_gain":0,"player_choice":"Fight","damage_taken":0,"max_hp_gain":0,"max_hp_loss":0,"event_name":"Colosseum","floor":20,"gold_loss":0},{"damage_healed":0,"gold_gain":0,"player_choice":"Fought Nobs","damage_taken":0,"max_hp_gain":0,"max_hp_loss":0,"event_name":"Colosseum","floor":20,"gold_loss":0},{"damage_healed":0,"gold_gain":0,"player_choice":"Trade","damage_taken":0,"relics_obtained":["SsserpentHead"],"max_hp_gain":0,"max_hp_loss":0,"event_name":"FaceTrader","floor":22,"gold_loss":0}],"is_beta":false,"boss_relics":[{"not_picked":["Ring of the Serpent","White Beast Statue"],"picked":"Busted Crown"},{"not_picked":["HoveringKite","WristBlade"],"picked":"Calling Bell"}],"items_purged_floors":[13,25,37,47],"is_endless":false,"potions_floor_spawned":[7,8,11,20,21,28,35,44,46,48],"killed_by":"The Heart","ascension_level":11}