{"gold_per_floor":[116,291,305,80,100,125,138,172,225,240,240,65,97,108,108,205,205,216,227,243,243,254,287,299,318,388,422,294,294,320,320,320,424,424,442,238,238,249,268,278,288,288,288,302,332,346,360,388,388,388],"floor_reached":51,"playtime":2344,"items_purged":["Doubt","Strike_R","Strike_R","Strike_R"],"score":825,"play_id":"d660e877-379b-4a21-b033-0a4b17870fd1","local_time":"20180913184018","is_ascension_mode":false,"campfire_choices":[{"data":"Dual Wield","floor":15,"key":"SMITH"},{"floor":29,"key":"REST"},{"data":"Bash","floor":32,"key":"SMITH"},{"data":"Offering","floor":42,"key":"SMITH"},{"data":"Corruption","floor":49,"key":"SMITH"}],"neow_cost":"NONE","seed_source_timestamp":942261070607914,"circlet_count":0,"master_deck":["Defend_R","Defend_R","Defend_R","Bash+1","Dropkick","Shockwave","Flex","Dropkick","Dual Wield+1","Dropkick","Headbutt","Rage+1","Spot Weakness","Rage+1","Offering+1","Disarm+1","Dropkick+1","Injury","Dropkick","Corruption+1"],"relics":["Burning Blood","PreservedInsect","Nunchaku","Blue Candle","Potion Belt","Smiling Mask","Cursed Key","Happy Flower","Mercury Hourglass","Bag of Marbles","Blood Vial","Empty Cage","Vajra","Charon\u0027s Ashes","Darkstone Periapt","Boot","Oddly Smooth Stone"],"potions_floor_usage":[7,16,16,16,25,27,27,27,33,40,46,50,50,50],"damage_taken":[{"damage":6,"enemies":"2 Louse","floor":1,"turns":3},{"damage":3,"enemies":"Small Slimes","floor":3,"turns":3},{"damage":4,"enemies":"Cultist","floor":5,"turns":3},{"damage":21,"enemies":"3 Sentries","floor":6,"turns":6},{"damage":8,"enemies":"Lots of Slimes","floor":7,"turns":4},{"damage":5,"enemies":"Gremlin Nob","floor":8,"turns":3},{"damage":1,"enemies":"2 Fungi Beasts","floor":10,"turns":3},{"damage":16,"enemies":"Lagavulin","floor":13,"turns":4},{"damage":11,"enemies":"Blue Slaver","floor":14,"turns":3},{"damage":61,"enemies":"Slime Boss","floor":16,"turns":15},{"damage":5,"enemies":"Chosen","floor":18,"turns":4},{"damage":29,"enemies":"Spheric Guardian","floor":19,"turns":5},{"damage":7,"enemies":"Snecko","floor":20,"turns":4},{"damage":18,"enemies":"Shelled Parasite and Fungi","floor":22,"turns":3},{"damage":23,"enemies":"Gremlin Leader","floor":23,"turns":3},{"damage":2,"enemies":"Cultist and Chosen","floor":24,"turns":5},{"damage":13,"enemies":"Centurion and Healer","floor":25,"turns":4},{"damage":2,"enemies":"Book of Stabbing","floor":27,"turns":3},{"damage":37,"enemies":"Champ","floor":33,"turns":9},{"damage":0,"enemies":"3 Shapes","floor":35,"turns":2},{"damage":13,"enemies":"Mind Bloom Boss Battle","floor":37,"turns":4},{"damage":11,"enemies":"Orb Walker","floor":38,"turns":3},{"damage":11,"enemies":"4 Shapes","floor":39,"turns":3},{"damage":11,"enemies":"Sphere and 2 Shapes","floor":40,"turns":3},{"damage":6,"enemies":"3 Darklings","floor":41,"turns":2},{"damage":15,"enemies":"Spire Growth","floor":44,"turns":3},{"damage":7,"enemies":"Nemesis","floor":45,"turns":3},{"damage":9,"enemies":"Transient","floor":46,"turns":5},{"damage":9,"enemies":"4 Shapes","floor":47,"turns":3},{"damage":8,"enemies":"2 Orb Walkers","floor":48,"turns":2},{"damage":55,"enemies":"Time Eater","floor":50,"turns":7}],"seed_played":"3007952114784517671","potions_obtained":[{"floor":1,"key":"Regen Potion"},{"floor":3,"key":"GamblersBrew"},{"floor":6,"key":"FearPotion"},{"floor":8,"key":"Block Potion"},{"floor":14,"key":"EssenceOfSteel"},{"floor":19,"key":"SpeedPotion"},{"floor":23,"key":"Swift Potion"},{"floor":24,"key":"Ancient Potion"},{"floor":25,"key":"Swift Potion"},{"floor":27,"key":"Regen Potion"},{"floor":33,"key":"Swift Potion"},{"floor":35,"key":"BloodPotion"},{"floor":40,"key":"Weak Potion"},{"floor":45,"key":"Fire Potion"},{"floor":46,"key":"Explosive Potion"},{"floor":47,"key":"FairyPotion"},{"floor":48,"key":"FearPotion"}],"is_trial":false,"path_per_floor":["M","?","M","$","M","E","M","E","T","M","?","$","E","M","R","B",null,"M","M","M","?","M","E","M","M","T","E","$","R","T","?","R","B",null,"M","$","?","M","M","M","M","R","T","M","E","M","M","E","R","B"],"character_chosen":"IRONCLAD","items_purchased":["PreservedInsect","Dropkick","Offering","Vajra"],"campfire_rested":1,"item_purchase_floors":[4,12,28,36],"current_hp_per_floor":[80,80,80,80,80,65,63,64,64,69,74,74,64,59,59,19,85,85,62,61,45,33,16,20,13,13,17,17,44,44,44,44,24,90,90,90,83,80,77,74,76,76,76,69,70,78,77,77,77,30],"gold":388,"neow_bonus":"REMOVE_CARD","is_prod":false,"is_daily":false,"chose_seed":false,"campfire_upgraded":4,"win_rate":0,"timestamp":1536889218,"path_taken":["M","?","M","$","M","E","M","E","T","?","?","$","E","M","R","BOSS","M","M","?","?","M","E","?","M","T","E","$","R","?","?","R","BOSS","M","$","?","M","M","M","M","R","T","M","E","M","M","E","R","BOSS"],"build_version":"2018-09-06","purchased_purges":4,"victory":true,"max_hp_per_floor":[80,80,80,80,80,80,80,80,80,80,85,85,85,85,85,85,85,85,85,85,90,90,90,90,90,90,90,90,90,90,90,90,90,90,90,90,90,90,90,90,90,90,90,90,90,90,90,90,90,90],"card_choices":[{"not_picked":["Cleave","Thunderclap"],"picked":"Dropkick","floor":1},{"not_picked":["Battle Trance","Shrug It Off"],"picked":"Shockwave","floor":3},{"not_picked":["Combust","Intimidate"],"picked":"Flex","floor":5},{"not_picked":["Clash","Cleave"],"picked":"Dropkick","floor":6},{"not_picked":["Twin Strike","Warcry","True Grit"],"picked":"SKIP","floor":7},{"not_picked":["Brutality","Intimidate","Cleave"],"picked":"SKIP","floor":8},{"not_picked":["Clothesline","Armaments"],"picked":"Dual Wield","floor":10},{"not_picked":["Pommel Strike","Iron Wave","Dark Embrace"],"picked":"SKIP","floor":13},{"not_picked":["Iron Wave","Twin Strike","True Grit"],"picked":"SKIP","floor":14},{"not_picked":["Armaments+1","Cleave"],"picked":"Headbutt","floor":18},{"not_picked":["Clothesline","Twin Strike","True Grit+1"],"picked":"SKIP","floor":19},{"not_picked":["Iron Wave","Intimidate+1"],"picked":"Rage+1","floor":20},{"not_picked":["True Grit","Shockwave"],"picked":"Spot Weakness","floor":22},{"not_picked":["True Grit","Perfected Strike","Searing Blow"],"picked":"SKIP","floor":23},{"not_picked":["Clash","Entrench","Wild Strike"],"picked":"SKIP","floor":24},{"not_picked":["Feel No Pain","Flex","Twin Strike+1"],"picked":"SKIP","floor":25},{"not_picked":["Warcry","Seeing Red"],"picked":"Rage+1","floor":27},{"not_picked":["Power Through+1","Battle Trance","Sever Soul"],"picked":"SKIP","floor":35},{"not_picked":["True Grit+1","Pommel Strike+1"],"picked":"Disarm+1","floor":37},{"not_picked":["True Grit","Hemokinesis+1","Iron Wave"],"picked":"SKIP","floor":38},{"not_picked":["Cleave","Offering","Twin Strike+1"],"picked":"SKIP","floor":39},{"not_picked":["True Grit","Carnage+1"],"picked":"Dropkick+1","floor":40},{"not_picked":["Entrench","Warcry","Pommel Strike+1"],"picked":"SKIP","floor":41},{"not_picked":["Headbutt+1","Havoc","Battle Trance+1"],"picked":"SKIP","floor":44},{"not_picked":["Entrench+1","Uppercut+1"],"picked":"Dropkick","floor":45},{"not_picked":["Havoc+1","Feel No Pain","Sword Boomerang+1"],"picked":"SKIP","floor":46},{"not_picked":["Wild Strike+1","Seeing Red"],"picked":"Corruption","floor":47},{"not_picked":["Sword Boomerang","Cleave","Pommel Strike+1"],"picked":"SKIP","floor":48}],"player_experience":220774,"relics_obtained":[{"floor":6,"key":"Nunchaku"},{"floor":8,"key":"Blue Candle"},{"floor":9,"key":"Potion Belt"},{"floor":13,"key":"Smiling Mask"},{"floor":23,"key":"Happy Flower"},{"floor":26,"key":"Mercury Hourglass"},{"floor":27,"key":"Bag of Marbles"},{"floor":30,"key":"Blood Vial"},{"floor":37,"key":"Charon\u0027s Ashes"},{"floor":43,"key":"Darkstone Periapt"},{"floor":45,"key":"Boot"},{"floor":48,"key":"Oddly Smooth Stone"}],"event_choices":[{"event_name":"Liars Game","player_choice":"agreed","floor":2,"damage_taken":0},{"event_name":"Big Fish","player_choice":"Donut","floor":11,"damage_taken":0},{"event_name":"Forgotten Altar","player_choice":"Shed Blood","floor":21,"damage_taken":0},{"event_name":"Fountain of Cleansing","player_choice":"Removed Curse","floor":31,"damage_taken":0},{"event_name":"MindBloom","player_choice":"Fight","floor":37,"damage_taken":0}],"is_beta":false,"boss_relics":[{"not_picked":["Lizard Tail","Pandora\u0027s Box"],"picked":"Cursed Key"},{"not_picked":["Eternal Feather","Astrolabe"],"picked":"Empty Cage"}],"items_purged_floors":[4,12,28,36],"is_endless":false,"potions_floor_spawned":[1,3,6,8,14,19,23,24,25,27,33,35,40,45,46,47,48],"ascension_level":0}