{"gold_per_floor":[112,112,112,31,49,49,79,79,79,99,174,197,70,89,89,89],"floor_reached":16,"playtime":674,"items_purged":["Strike_B"],"score":113,"play_id":"27d354e9-681a-435f-a97a-8628c69c771d","local_time":"20190310114736","is_ascension_mode":true,"campfire_choices":[{"data":"Zap","floor":6,"key":"SMITH"},{"floor":8,"key":"REST"},{"data":"Sunder","floor":15,"key":"SMITH"}],"neow_cost":"NONE","seed_source_timestamp":701657653311498,"circlet_count":0,"master_deck":["Strike_B","Strike_B","Defend_B","Defend_B","Defend_B","Defend_B","Zap+1","Dualcast","Ball Lightning","Sunder+1","Defragment","Barrage","Self Repair","Leap+1","Conserve Battery+1"],"relics":["Cracked Core","Sundial","Potion Belt","Toxic Egg 2","Blood Vial"],"potions_floor_usage":[16,16],"damage_taken":[{"damage":8,"enemies":"Jaw Worm","floor":1,"turns":4},{"damage":0,"enemies":"Small Slimes","floor":5,"turns":2},{"damage":35,"enemies":"Lagavulin","floor":7,"turns":5},{"damage":1,"enemies":"Cultist","floor":10,"turns":3},{"damage":6,"enemies":"Looter","floor":14,"turns":3},{"damage":48,"enemies":"Slime Boss","floor":16,"turns":7}],"seed_played":"5739894784014143672","potions_obtained":[{"floor":5,"key":"PowerPotion"},{"floor":14,"key":"Weak Potion"}],"is_trial":false,"path_per_floor":["?","?","$","M","?","T"],"character_chosen":"DEFECT","items_purchased":["Sunder","Leap+1"],"campfire_rested":1,"item_purchase_floors":[4,13],"current_hp_per_floor":[74,67,60,60,60,60,25,49,49,48,37,37,37,40,40,0],"gold":89,"neow_bonus":"TEN_PERCENT_HP_BONUS","is_prod":false,"is_daily":false,"chose_seed":false,"campfire_upgraded":2,"win_rate":0,"timestamp":1552240056,"path_taken":["M","?","?","?","?","R","E","R","T","M","?","?","$","M","R","BOSS"],"build_version":"2019-01-23","purchased_purges":1,"victory":false,"max_hp_per_floor":[82,82,82,82,82,82,82,82,82,82,82,82,82,82,82,82],"card_choices":[{"not_picked":["Turbo","Redo"],"picked":"Ball Lightning","floor":1},{"not_picked":["Blizzard","Consume"],"picked":"Defragment","floor":5},{"not_picked":["Aggregate","Scrape"],"picked":"Barrage","floor":7},{"not_picked":["Coolheaded+1","Rebound"],"picked":"Self Repair","floor":10},{"not_picked":["Stack+1","FTL"],"picked":"Conserve Battery+1","floor":14}],"player_experience":176537,"relics_obtained":[{"floor":7,"key":"Potion Belt"},{"floor":9,"key":"Toxic Egg 2"},{"floor":12,"key":"Blood Vial"}],"event_choices":[{"damage_healed":0,"gold_gain":0,"player_choice":"Success","damage_taken":7,"relics_obtained":["Sundial"],"max_hp_gain":0,"max_hp_loss":0,"event_name":"Scrap Ooze","floor":2,"gold_loss":0},{"cards_removed":["Strike_B"],"damage_healed":0,"gold_gain":0,"player_choice":"Card Removal","damage_taken":7,"max_hp_gain":0,"max_hp_loss":0,"event_name":"Golden Wing","floor":3,"gold_loss":0},{"damage_healed":0,"gold_gain":75,"player_choice":"Gather Gold","damage_taken":11,"max_hp_gain":0,"max_hp_loss":0,"event_name":"World of Goop","floor":11,"gold_loss":0}],"is_beta":false,"boss_relics":[],"items_purged_floors":[13],"is_endless":false,"potions_floor_spawned":[5,14],"killed_by":"Slime Boss","ascension_level":3}