{"gold_per_floor":[362,373,383,458,14,14,30,44,115,115,115,115,139,152,152,254,254,274,249,123,136,151,151],"floor_reached":23,"playtime":3759,"items_purged":[],"score":185,"play_id":"3fadb41d-14b2-4e11-a77d-bddfc497baba","local_time":"20190406114203","is_ascension_mode":false,"campfire_choices":[{"data":"Armaments","floor":6,"key":"SMITH"},{"data":"Armaments","floor":10,"key":"SMITH"},{"data":"Armaments","floor":12,"key":"SMITH"},{"data":"Pommel Strike","floor":15,"key":"SMITH"}],"neow_cost":"TEN_PERCENT_HP_LOSS","seed_source_timestamp":1300616253296300,"circlet_count":0,"master_deck":["Strike_R","Strike_R","Strike_R","Strike_R","Strike_R","Defend_R","Defend_R","Defend_R","Defend_R","Bash","Armaments+1","Thunderclap","Armaments+1","Armaments+1","Pommel Strike+1","Anger","Metallicize","Seeing Red","Impervious","Pommel Strike","Dual Wield","Iron Wave","Intimidate+1"],"relics":["Burning Blood","Bottled Lightning","Lantern","Question Card","Smiling Mask","Odd Mushroom","Black Star","Magic Flower"],"potions_floor_usage":[14,16,16,16,23],"damage_taken":[{"damage":10,"enemies":"Cultist","floor":1,"turns":4},{"damage":1,"enemies":"2 Louse","floor":2,"turns":2},{"damage":11,"enemies":"Jaw Worm","floor":3,"turns":2},{"damage":0,"enemies":"Large Slime","floor":7,"turns":5},{"damage":0,"enemies":"2 Fungi Beasts","floor":8,"turns":2},{"damage":13,"enemies":"The Mushroom Lair","floor":13,"turns":4},{"damage":0,"enemies":"Lots of Slimes","floor":14,"turns":3},{"damage":65,"enemies":"Slime Boss","floor":16,"turns":12},{"damage":19,"enemies":"3 Byrds","floor":18,"turns":8},{"damage":36,"enemies":"2 Thieves","floor":19,"turns":5},{"damage":2,"enemies":"Chosen and Byrds","floor":21,"turns":8},{"damage":34,"enemies":"Snake Plant","floor":22,"turns":8},{"damage":6,"enemies":"Gremlin Leader","floor":23,"turns":4}],"seed_played":"-5125280568969707860","potions_obtained":[{"floor":2,"key":"Ancient Potion"},{"floor":3,"key":"SteroidPotion"},{"floor":13,"key":"Fire Potion"},{"floor":14,"key":"SteroidPotion"},{"floor":21,"key":"Block Potion"}],"is_trial":false,"path_per_floor":["M","M","M","?","$","R","M","M","T","R","T","R","?","M","R","B",null,"M","M","?","M","M","E"],"character_chosen":"IRONCLAD","items_purchased":["Bottled Lightning","Lantern","Armaments"],"campfire_rested":0,"item_purchase_floors":[5,5,5],"current_hp_per_floor":[68,72,67,56,56,56,62,68,68,68,68,68,61,67,67,8,72,59,29,29,36,11,5],"gold":151,"neow_bonus":"TWO_FIFTY_GOLD","is_prod":false,"is_daily":false,"chose_seed":false,"campfire_upgraded":4,"win_rate":0.0,"timestamp":1554543723,"path_taken":["M","M","?","?","$","R","M","M","T","R","?","R","?","M","R","BOSS","M","M","?","?","M","E"],"build_version":"2019-01-23","purchased_purges":0,"victory":false,"max_hp_per_floor":[72,72,72,72,72,72,72,72,72,72,72,72,72,72,72,72,72,72,72,72,72,72,72],"card_choices":[{"not_picked":["True Grit","Shrug It Off"],"picked":"Armaments","floor":1},{"not_picked":["Clash","Perfected Strike"],"picked":"Thunderclap","floor":2},{"not_picked":["Sword Boomerang","Intimidate"],"picked":"Armaments","floor":3},{"not_picked":["Sword Boomerang","Uppercut"],"picked":"Pommel Strike","floor":7},{"not_picked":["Pummel","Sword Boomerang"],"picked":"Anger","floor":8},{"not_picked":["Heavy Blade","Flex","Armaments"],"picked":"Metallicize","floor":13},{"not_picked":["Power Through","Armaments","Clash"],"picked":"Seeing Red","floor":14},{"not_picked":["Offering","Reaper","Demon Form"],"picked":"Impervious","floor":16},{"not_picked":["Burning Pact","Uppercut","Feel No Pain"],"picked":"Pommel Strike","floor":18},{"not_picked":["Uppercut+1","Thunderclap","Anger"],"picked":"Dual Wield","floor":19},{"not_picked":["Hemokinesis","Thunderclap","Heavy Blade"],"picked":"Iron Wave","floor":21},{"not_picked":["Dual Wield","Second Wind","Reckless Charge"],"picked":"Intimidate+1","floor":22}],"player_experience":121112,"relics_obtained":[{"floor":9,"key":"Question Card"},{"floor":11,"key":"Smiling Mask"},{"floor":13,"key":"Odd Mushroom"}],"event_choices":[{"damage_healed":0,"gold_gain":75,"player_choice":"Gather Gold","damage_taken":11,"max_hp_gain":0,"max_hp_loss":0,"event_name":"World of Goop","floor":4,"gold_loss":0},{"damage_healed":0,"gold_gain":0,"player_choice":"Fought Mushrooms","damage_taken":0,"max_hp_gain":0,"max_hp_loss":0,"event_name":"Mushrooms","floor":13,"gold_loss":0},{"damage_healed":0,"gold_gain":0,"player_choice":"Paid Gold","damage_taken":0,"relics_obtained":["Magic Flower"],"max_hp_gain":0,"max_hp_loss":0,"event_name":"WeMeetAgain","floor":20,"gold_loss":126}],"is_beta":false,"boss_relics":[{"not_picked":["Ectoplasm","Busted Crown"],"picked":"Black Star"}],"items_purged_floors":[],"is_endless":false,"potions_floor_spawned":[2,3,13,14,21],"killed_by":"Gremlin Leader","ascension_level":0}