{"gold_per_floor":[99,99,99,99,99,99,69,69,69,69,69,69,69,69,69,69,69,0,0,0,0,0,0,0,0,0,0,0,0,0,0,0,0],"floor_reached":33,"playtime":1766,"items_purged":[],"score":265,"play_id":"18faf8e2-cb13-481c-8f54-a3e7a3c8112d","local_time":"20190225162201","is_ascension_mode":false,"campfire_choices":[{"data":"Neutralize","floor":6.0,"key":"SMITH"},{"data":"Well Laid Plans","floor":11.0,"key":"SMITH"},{"data":"Malaise","floor":15.0,"key":"SMITH"},{"floor":25,"key":"REST"},{"floor":32,"key":"REST"}],"neow_cost":"NONE","seed_source_timestamp":0,"circlet_count":0,"master_deck":["Defend_G","Defend_G","Defend_G+1","Defend_G","Defend_G","Strike_G","Strike_G","Strike_G","Strike_G","Strike_G","Survivor+1","Neutralize+1","Terror","Flying Knee","Well Laid Plans+1","Malaise+1","Flying Knee","Malaise","Dagger Throw","Cloak And Dagger+1","Backstab+1","Backflip","PiercingWail+1","Deadly Poison+1"],"special_seed":0,"relics":["Ectoplasm"],"potions_floor_usage":[33,33],"damage_taken":[{"damage":1.0,"enemies":"Cultist","floor":1.0,"turns":5.0},{"damage":1.0,"enemies":"Jaw Worm","floor":2.0,"turns":4.0},{"damage":0.0,"enemies":"Small Slimes","floor":3.0,"turns":4.0},{"damage":4.0,"enemies":"Blue Slaver","floor":4.0,"turns":2.0},{"damage":0.0,"enemies":"Looter","floor":7.0,"turns":3.0},{"damage":0.0,"enemies":"Exordium Wildlife","floor":10.0,"turns":3.0},{"damage":0.0,"enemies":"The Mushroom Lair","floor":12.0,"turns":5.0},{"damage":0.0,"enemies":"Blue Slaver","floor":13.0,"turns":3.0},{"damage":6.0,"enemies":"Slime Boss","floor":16.0,"turns":5.0},{"damage":4.0,"enemies":"2 Thieves","floor":18.0,"turns":5.0},{"damage":0.0,"enemies":"3 Byrds","floor":19.0,"turns":7.0},{"damage":4.0,"enemies":"Centurion and Healer","floor":20.0,"turns":8.0},{"damage":3.0,"enemies":"Snake Plant","floor":22.0,"turns":6.0},{"damage":22.0,"enemies":"Slavers","floor":23.0,"turns":7.0},{"damage":18,"enemies":"3 Cultists","floor":24,"turns":8},{"damage":1,"enemies":"Snecko","floor":28,"turns":5},{"damage":15,"enemies":"Cultist and Chosen","floor":29,"turns":8},{"damage":0,"enemies":"Chosen and Byrds","floor":30,"turns":8},{"damage":3,"enemies":"Centurion and Healer","floor":31,"turns":7},{"damage":45,"enemies":"Collector","floor":33,"turns":5}],"seed_played":"-204189986691816017","potions_obtained":[{"floor":1.0,"key":"Block Potion"},{"floor":4.0,"key":"Energy Potion"},{"floor":12.0,"key":"SteroidPotion"},{"floor":13.0,"key":"PowerPotion"},{"floor":16.0,"key":"LiquidBronze"},{"floor":19.0,"key":"AttackPotion"},{"floor":28,"key":"Energy Potion"},{"floor":30,"key":"GhostInAJar"},{"floor":31,"key":"Dexterity Potion"}],"is_trial":false,"path_per_floor":["M","M","M","M","?","R","M","?","T","M","R","?","M","?","R","B",null,"M","M","M","?","M","E","M","R","T","?","M","M","M","M","R","B"],"character_chosen":"THE_SILENT","items_purchased":[],"campfire_rested":2,"item_purchase_floors":[],"current_hp_per_floor":[69,68,68,64,64,64,64,50,50,50,50,50,50,50,50,44,70,66,66,62,62,59,37,19,40,40,27,26,11,11,8,30,0],"gold":0,"neow_bonus":"BOSS_RELIC","is_prod":false,"is_daily":false,"chose_seed":false,"campfire_upgraded":3,"win_rate":0,"timestamp":1551140521,"path_taken":["M","M","M","M","?","R","M","?","T","M","R","?","M","?","R","BOSS","M","M","M","?","M","E","M","R","T","?","M","M","M","M","R","BOSS"],"build_version":"2019-01-23","purchased_purges":0,"victory":false,"max_hp_per_floor":[70,70,70,70,70,70,70,70,70,70,70,70,70,70,70,70,70,70,70,70,70,70,70,70,70,70,75,75,75,75,75,75,75],"card_choices":[{"not_picked":["Masterful Stab","Setup","PiercingWail"],"picked":"SKIP","floor":1.0},{"not_picked":["Quick Slash","Expertise","Deadly Poison"],"picked":"SKIP","floor":2.0},{"not_picked":["Deflect","Acrobatics"],"picked":"Terror","floor":3.0},{"not_picked":["Reflex","Burst","Expertise"],"picked":"SKIP","floor":4.0},{"not_picked":["Prepared","Slice"],"picked":"Flying Knee","floor":7.0},{"not_picked":["Sucker Punch","Deadly Poison"],"picked":"Well Laid Plans","floor":10.0},{"not_picked":["Flechettes","Slice"],"picked":"Malaise","floor":12.0},{"not_picked":["Well Laid Plans","Outmaneuver"],"picked":"Flying Knee","floor":13.0},{"not_picked":["Envenom","Phantasmal Killer"],"picked":"Malaise","floor":16.0},{"not_picked":["Outmaneuver","Bouncing Flask"],"picked":"Dagger Throw","floor":18.0},{"not_picked":["Choke","Flying Knee","Bane+1"],"picked":"SKIP","floor":19.0},{"not_picked":["Prepared","Terror+1"],"picked":"Cloak And Dagger+1","floor":20.0},{"not_picked":["Escape Plan","Blade Dance","Deflect"],"picked":"SKIP","floor":22.0},{"not_picked":["Escape Plan","Blade Dance","Deflect"],"picked":"SKIP","floor":22.0},{"not_picked":["Unload","Venomology"],"picked":"Backstab+1","floor":23},{"not_picked":["Acrobatics","Choke","Bouncing Flask+1"],"picked":"SKIP","floor":24},{"not_picked":["Choke","Prepared"],"picked":"Backflip","floor":28},{"not_picked":["Quick Slash","Concentrate"],"picked":"PiercingWail+1","floor":29},{"not_picked":["Choke+1","Dodge and Roll"],"picked":"Deadly Poison+1","floor":30},{"not_picked":["Dagger Spray","Slice","Backstab"],"picked":"SKIP","floor":31}],"player_experience":453015,"relics_obtained":[],"event_choices":[{"damage_healed":0.0,"max_hp_gain":0.0,"max_hp_loss":0.0,"gold_gain":0.0,"event_name":"Golden Idol","player_choice":"Ignored","floor":5.0,"gold_loss":0.0,"damage_taken":0.0},{"damage_healed":0.0,"max_hp_gain":0.0,"max_hp_loss":0.0,"gold_gain":0.0,"event_name":"Shining Light","player_choice":"Entered Light","floor":8.0,"gold_loss":0.0,"damage_taken":14.0,"cards_upgraded":["Defend_G","Survivor"]},{"damage_healed":0.0,"max_hp_gain":0.0,"max_hp_loss":0.0,"gold_gain":0.0,"event_name":"Mushrooms","player_choice":"Fought Mushrooms","floor":12.0,"gold_loss":0.0,"damage_taken":0.0},{"damage_healed":0.0,"max_hp_gain":0.0,"max_hp_loss":0.0,"gold_gain":0.0,"event_name":"Liars Game","player_choice":"Ignored","floor":14.0,"gold_loss":0.0,"damage_taken":0.0},{"damage_healed":0.0,"max_hp_gain":0.0,"max_hp_loss":0.0,"gold_gain":0.0,"event_name":"The Mausoleum","player_choice":"Ignored","floor":21.0,"gold_loss":0.0,"damage_taken":0.0},{"damage_healed":0,"gold_gain":0,"player_choice":"Shed Blood","damage_taken":18,"max_hp_gain":5,"max_hp_loss":0,"event_name":"Forgotten Altar","floor":27,"gold_loss":0}],"is_beta":false,"boss_relics":[{"not_picked":["Astrolabe","Empty Cage","HoveringKite"]}],"items_purged_floors":[],"is_endless":false,"potions_floor_spawned":[1,4,12,13,16,19,20,28,30,31],"killed_by":"Collector","ascension_level":0}