{"gold_per_floor":[117,117,131,148,167,199,17,52,79,0,11,11,42,42,42,119,119,133,146,146,164,180,215,226,254,254,169,94,94,126,136,136,208,208,228,228,310,310,22,22,55,55,55,55,69,86,86,103,103,103],"floor_reached":51,"playtime":2267,"items_purged":["Combust"],"score":1596,"play_id":"f67c30ae-7b2f-4056-b31a-fcb147c0bde6","local_time":"20190429145404","is_ascension_mode":true,"campfire_choices":[{"data":"Immolate","floor":12,"key":"SMITH"},{"data":"Battle Trance","floor":15,"key":"SMITH"},{"data":"1","floor":29,"key":"LIFT"},{"data":"2","floor":32,"key":"LIFT"},{"data":"3","floor":40,"key":"LIFT"},{"data":"Shrug It Off","floor":42,"key":"SMITH"},{"data":"Shrug It Off","floor":44,"key":"SMITH"},{"data":"Uppercut","floor":47,"key":"SMITH"},{"data":"Juggernaut","floor":49,"key":"SMITH"}],"neow_cost":"NONE","seed_source_timestamp":3169886735305733,"circlet_count":0,"master_deck":["AscendersBane","Bash","Battle Trance+1","Shockwave+1","Cleave","Metallicize","Shrug It Off+1","Immolate+1","Iron Wave","Juggernaut+1","Shrug It Off+1","Cleave+1","Immolate","Shrug It Off+1","Reaper","Headbutt","Warcry+1","Dropkick","Ghostly Armor+1","Uppercut+1","Feed","Shrug It Off+1","Secret Technique+1","Shrug It Off+1","Ghostly Armor+1"],"special_seed":0,"relics":["Mark of Pain","Pen Nib","Bag of Preparation","Lantern","Vajra","Red Skull","Coffee Dripper","Letter Opener","Girya","Toxic Egg 2","Potion Belt","Bronze Scales","Pandora\u0027s Box","Matryoshka","Gremlin Horn","Boot","Ornamental Fan"],"potions_floor_usage":[25,25,50],"damage_taken":[{"damage":6,"enemies":"Jaw Worm","floor":1,"turns":4},{"damage":0,"enemies":"Cultist","floor":3,"turns":3},{"damage":0,"enemies":"2 Louse","floor":4,"turns":2},{"damage":0,"enemies":"Large Slime","floor":5,"turns":4},{"damage":17,"enemies":"Lagavulin","floor":6,"turns":5},{"damage":22,"enemies":"Gremlin Nob","floor":8,"turns":4},{"damage":0,"enemies":"3 Louse","floor":11,"turns":1},{"damage":1,"enemies":"Lagavulin","floor":13,"turns":5},{"damage":7,"enemies":"Hexaghost","floor":16,"turns":6},{"damage":6,"enemies":"Shell Parasite","floor":18,"turns":5},{"damage":1,"enemies":"Chosen","floor":19,"turns":3},{"damage":0,"enemies":"Centurion and Healer","floor":21,"turns":12},{"damage":0,"enemies":"3 Cultists","floor":22,"turns":3},{"damage":0,"enemies":"Slavers","floor":23,"turns":1},{"damage":9,"enemies":"Snake Plant","floor":24,"turns":3},{"damage":0,"enemies":"Gremlin Leader","floor":25,"turns":4},{"damage":17,"enemies":"Book of Stabbing","floor":30,"turns":3},{"damage":4,"enemies":"Centurion and Healer","floor":31,"turns":4},{"damage":31,"enemies":"Automaton","floor":33,"turns":8},{"damage":0,"enemies":"Orb Walker","floor":35,"turns":3},{"damage":0,"enemies":"Reptomancer","floor":41,"turns":3},{"damage":0,"enemies":"3 Darklings","floor":45,"turns":1},{"damage":0,"enemies":"Writhing Mass","floor":46,"turns":3},{"damage":12,"enemies":"Spire Growth","floor":48,"turns":4},{"damage":23,"enemies":"Awakened One","floor":50,"turns":17}],"seed_played":"269029125263786751","potions_obtained":[{"floor":1,"key":"LiquidBronze"},{"floor":5,"key":"SpeedPotion"},{"floor":6,"key":"Dexterity Potion"},{"floor":11,"key":"SteroidPotion"},{"floor":13,"key":"Regen Potion"},{"floor":16,"key":"Strength Potion"},{"floor":19,"key":"Explosive Potion"},{"floor":33,"key":"Regen Potion"},{"floor":35,"key":"Explosive Potion"}],"is_trial":false,"path_per_floor":["M","?","M","M","M","E","$","E","T","$","M","R","E","?","R","B",null,"M","M","?","M","M","E","M","E","T","?","?","R","E","M","R","B",null,"M","?","T","?","$","R","E","R","T","R","M","M","R","M","R","B",null],"character_chosen":"IRONCLAD","items_purchased":["Shrug It Off","Immolate","Metallicize","Secret Technique+1"],"campfire_rested":0,"item_purchase_floors":[7,7,10,39],"current_hp_per_floor":[62,62,62,62,62,45,45,23,23,23,23,23,22,22,22,15,60,54,53,68,68,68,68,59,59,59,59,59,59,42,38,38,7,58,61,61,61,61,61,61,78,78,78,78,78,78,78,69,69,73],"gold":103,"neow_bonus":"BOSS_RELIC","is_prod":false,"is_daily":false,"chose_seed":false,"campfire_upgraded":6,"win_rate":0,"timestamp":1556546044,"path_taken":["M","?","M","M","?","E","$","E","T","$","M","R","E","?","R","BOSS","M","M","?","M","M","E","M","E","T","?","?","R","E","M","R","BOSS","M","?","?","?","$","R","E","R","T","R","M","?","R","M","R","BOSS"],"build_version":"2019-01-23","purchased_purges":1,"victory":true,"max_hp_per_floor":[75,75,75,75,75,75,75,75,75,75,75,75,75,75,75,75,75,75,75,75,75,75,75,75,75,75,75,75,75,75,75,75,75,75,78,78,78,78,78,78,78,78,78,78,78,78,78,81,81,81],"card_choices":[{"not_picked":["Body Slam","Clash"],"picked":"Battle Trance","floor":1},{"not_picked":["Wild Strike","Clash"],"picked":"Shockwave","floor":3},{"not_picked":["Sword Boomerang","Iron Wave"],"picked":"Cleave","floor":4},{"not_picked":["Ghostly Armor","Feed"],"picked":"Metallicize","floor":5},{"not_picked":["Wild Strike","Anger","Clash"],"picked":"SKIP","floor":6},{"not_picked":["Exhume","Feel No Pain"],"picked":"Iron Wave","floor":8},{"not_picked":["Blood for Blood","Iron Wave","Sentinel"],"picked":"SKIP","floor":11},{"not_picked":["Dual Wield","Twin Strike","Clothesline"],"picked":"SKIP","floor":13},{"not_picked":["Reaper","Impervious"],"picked":"Juggernaut","floor":16},{"not_picked":["Iron Wave","Pommel Strike+1"],"picked":"Shrug It Off+1","floor":18},{"not_picked":["Blood for Blood","Power Through+1","Warcry"],"picked":"SKIP","floor":19},{"not_picked":["Bloodletting","Dropkick"],"picked":"Cleave+1","floor":21},{"not_picked":["Havoc","Bloodletting","Anger"],"picked":"SKIP","floor":22},{"not_picked":["Entrench","Anger+1","Armaments"],"picked":"SKIP","floor":23},{"not_picked":["Ghostly Armor","Clothesline+1"],"picked":"Immolate","floor":24},{"not_picked":["True Grit","Combust+1"],"picked":"Shrug It Off","floor":25},{"not_picked":["Flex+1","Havoc+1","Immolate"],"picked":"SKIP","floor":30},{"not_picked":["Inflame","Clash","Perfected Strike"],"picked":"SKIP","floor":31},{"not_picked":["Feed","Impervious+1"],"picked":"Reaper","floor":33},{"not_picked":["Twin Strike","Inflame","Burning Pact+1"],"picked":"SKIP","floor":35},{"not_picked":["Seeing Red+1","Burning Pact+1","Warcry+1"],"picked":"SKIP","floor":41},{"not_picked":["Burning Pact+1","Pommel Strike","Hemokinesis"],"picked":"SKIP","floor":45},{"not_picked":["Iron Wave+1","Pummel"],"picked":"Shrug It Off+1","floor":46},{"not_picked":["Clash","Power Through+1"],"picked":"Ghostly Armor+1","floor":48}],"player_experience":249393,"relics_obtained":[{"floor":6,"key":"Bag of Preparation"},{"floor":8,"key":"Lantern"},{"floor":9,"key":"Vajra"},{"floor":13,"key":"Red Skull"},{"floor":23,"key":"Letter Opener"},{"floor":25,"key":"Girya"},{"floor":26,"key":"Toxic Egg 2"},{"floor":30,"key":"Bronze Scales"},{"floor":37,"key":"Matryoshka"},{"floor":41,"key":"Gremlin Horn"},{"floor":43,"key":"Boot"},{"floor":43,"key":"Ornamental Fan"}],"event_choices":[{"damage_healed":0,"gold_gain":0,"player_choice":"Gave Potion","damage_taken":0,"relics_obtained":["Pen Nib"],"max_hp_gain":0,"max_hp_loss":0,"event_name":"WeMeetAgain","floor":2,"gold_loss":0},{"damage_healed":0,"gold_gain":0,"player_choice":"Grow","damage_taken":0,"max_hp_gain":0,"max_hp_loss":0,"event_name":"Living Wall","floor":14,"gold_loss":0,"cards_upgraded":["Shockwave"]},{"damage_healed":15,"gold_gain":0,"player_choice":"Heal","damage_taken":0,"max_hp_gain":0,"max_hp_loss":0,"event_name":"The Library","floor":20,"gold_loss":0},{"damage_healed":0,"gold_gain":0,"player_choice":"Obtained Relic","damage_taken":0,"relics_obtained":["Potion Belt"],"max_hp_gain":0,"max_hp_loss":0,"event_name":"Addict","floor":27,"gold_loss":85},{"cards_removed":["Strike_R"],"damage_healed":0,"gold_gain":0,"player_choice":"Gave Gold","damage_taken":0,"max_hp_gain":0,"max_hp_loss":0,"event_name":"Beggar","floor":28,"gold_loss":75},{"cards_removed":["Metallicize"],"damage_healed":0,"gold_gain":0,"player_choice":"Removed Power","damage_taken":0,"max_hp_gain":0,"max_hp_loss":0,"event_name":"Falling","floor":36,"gold_loss":0},{"damage_healed":0,"gold_gain":0,"player_choice":"0 cards matched","damage_taken":0,"max_hp_gain":0,"max_hp_loss":0,"event_name":"Match and Keep!","floor":38,"gold_loss":0,"cards_obtained":[]}],"is_beta":false,"boss_relics":[{"not_picked":["Lizard Tail","Snecko Eye"],"picked":"Coffee Dripper"},{"not_picked":["Cursed Key","Fusion Hammer"],"picked":"Pandora\u0027s Box"}],"items_purged_floors":[39],"is_endless":false,"potions_floor_spawned":[1,5,6,11,13,16,19,21,22,24,33,35],"ascension_level":19}