{"gold_per_floor":[111,9,32,45,62,97,97,107,107,107,119,119,119,132,132,205,205,221,240,240],"floor_reached":20,"playtime":1109,"items_purged":[],"score":308,"play_id":"2d74973c-c594-424f-9cc6-3c432077a74c","local_time":"20190330213311","is_ascension_mode":true,"campfire_choices":[{"data":"Defragment","floor":7,"key":"SMITH"},{"data":"Defragment","floor":10,"key":"SMITH"},{"floor":15,"key":"REST"}],"neow_cost":"NONE","seed_source_timestamp":1652675624187072,"circlet_count":0,"master_deck":["AscendersBane","Strike_B","Strike_B","Strike_B","Strike_B","Defend_B","Defend_B","Defend_B","Defend_B","Zap+1","Dualcast","Defragment+1","Defragment+1","Tempest","Sweeping Beam","Lockon+1","Cold Snap","Echo Form","Fusion"],"relics":["Cracked Core","Centennial Puzzle","Omamori","Sundial","Cursed Key"],"potions_floor_usage":[6],"damage_taken":[{"damage":1,"enemies":"Cultist","floor":1,"turns":3},{"damage":2,"enemies":"Jaw Worm","floor":4,"turns":3},{"damage":0,"enemies":"2 Louse","floor":5,"turns":2},{"damage":25,"enemies":"Lagavulin","floor":6,"turns":7},{"damage":23,"enemies":"Lots of Slimes","floor":8,"turns":3},{"damage":10,"enemies":"2 Fungi Beasts","floor":11,"turns":3},{"damage":12,"enemies":"Exordium Wildlife","floor":14,"turns":4},{"damage":3,"enemies":"Hexaghost","floor":16,"turns":6},{"damage":18,"enemies":"3 Byrds","floor":18,"turns":3},{"damage":22,"enemies":"Spheric Guardian","floor":19,"turns":4},{"damage":34,"enemies":"Centurion and Healer","floor":20,"turns":4}],"seed_played":"-5473955018578508019","potions_obtained":[{"floor":4,"key":"Regen Potion"},{"floor":6,"key":"Strength Potion"},{"floor":8,"key":"Ancient Potion"}],"is_trial":false,"path_per_floor":["M","$","T","M","M","E","R","M","T","R","M","?","?","M","R","B",null,"M","M","M"],"character_chosen":"DEFECT","items_purchased":["Defragment","Tempest"],"campfire_rested":1,"item_purchase_floors":[2,2],"current_hp_per_floor":[63,63,63,61,61,48,48,25,25,25,15,15,15,3,24,21,59,41,19,0],"gold":240,"neow_bonus":"UPGRADE_CARD","is_prod":false,"is_daily":false,"chose_seed":false,"campfire_upgraded":2,"win_rate":0,"timestamp":1553981591,"path_taken":["M","$","?","M","M","E","R","M","T","R","M","?","?","M","R","BOSS","M","?","M"],"build_version":"2019-01-23","purchased_purges":0,"victory":false,"max_hp_per_floor":[71,71,71,71,71,71,71,71,71,71,71,71,71,71,71,71,71,71,71,71],"card_choices":[{"not_picked":["Conserve Battery","Leap"],"picked":"Defragment","floor":1},{"not_picked":["Rebound","Leap"],"picked":"Sweeping Beam","floor":4},{"not_picked":["Reprogram","Aggregate","Hello World"],"picked":"SKIP","floor":5},{"not_picked":["Aggregate","Self Repair","Force Field"],"picked":"SKIP","floor":6},{"not_picked":["Redo","Compile Driver"],"picked":"Lockon","floor":8},{"not_picked":["Coolheaded","Stack"],"picked":"Cold Snap","floor":11},{"not_picked":["Heatsinks","Stack","Hello World"],"picked":"SKIP","floor":14},{"not_picked":["Hyperbeam","All For One"],"picked":"Echo Form","floor":16},{"not_picked":["Conserve Battery","Redo","Undo+1"],"picked":"SKIP","floor":18},{"not_picked":["Sweeping Beam","Rebound"],"picked":"Fusion","floor":19}],"player_experience":1678759,"relics_obtained":[{"floor":3,"key":"Centennial Puzzle"},{"floor":6,"key":"Omamori"},{"floor":9,"key":"Sundial"}],"event_choices":[{"damage_healed":0,"gold_gain":0,"player_choice":"Ignored","damage_taken":0,"max_hp_gain":0,"max_hp_loss":0,"event_name":"Golden Wing","floor":12,"gold_loss":0},{"damage_healed":0,"gold_gain":0,"player_choice":"Upgraded","damage_taken":0,"max_hp_gain":0,"max_hp_loss":0,"event_name":"Upgrade Shrine","floor":13,"gold_loss":0,"cards_upgraded":["Lockon"]}],"is_beta":false,"boss_relics":[{"not_picked":["Orrery","Busted Crown"],"picked":"Cursed Key"}],"items_purged_floors":[],"is_endless":false,"potions_floor_spawned":[4,6,8,14,18],"killed_by":"Centurion and Healer","ascension_level":15}