{"gold_per_floor":[117,128,139,156,181,214,214,225,225,251,266,266,236],"floor_reached":13,"playtime":524,"items_purged":[],"score":112,"play_id":"7800070a-d69d-4542-b046-c87431725969","local_time":"20190412091738","is_ascension_mode":true,"campfire_choices":[{"data":"Infernal Blade","floor":7,"key":"SMITH"}],"neow_cost":"PERCENT_DAMAGE","seed_source_timestamp":212017966657700,"circlet_count":0,"master_deck":["Strike_R","Strike_R","Strike_R","Defend_R","Defend_R","Defend_R","Bash","Intimidate","Rampage","Flex","Sword Boomerang","Shrug It Off","Infernal Blade+1","Headbutt","Anger","Anger","Sentinel","Ghostly Armor"],"relics":["Burning Blood","Happy Flower","Ancient Tea Set","Question Card","Smiling Mask"],"potions_floor_usage":[6],"damage_taken":[{"damage":6,"enemies":"Cultist","floor":1,"turns":3},{"damage":2,"enemies":"Jaw Worm","floor":2,"turns":3},{"damage":12,"enemies":"Small Slimes","floor":3,"turns":4},{"damage":23,"enemies":"2 Fungi Beasts","floor":4,"turns":4},{"damage":32,"enemies":"Gremlin Nob","floor":6,"turns":4},{"damage":8,"enemies":"Blue Slaver","floor":8,"turns":3},{"damage":20,"enemies":"Lagavulin","floor":10,"turns":5},{"damage":1,"enemies":"Looter","floor":11,"turns":2},{"damage":18,"enemies":"Exordium Thugs","floor":13,"turns":2}],"seed_played":"3025343402111698152","potions_obtained":[{"floor":2,"key":"Regen Potion"},{"floor":3,"key":"Energy Potion"},{"floor":8,"key":"Explosive Potion"},{"floor":11,"key":"Block Potion"}],"is_trial":false,"path_per_floor":["M","M","M","M","T","E","R","M","T","E","M","?","M"],"character_chosen":"IRONCLAD","items_purchased":[],"campfire_rested":0,"item_purchase_floors":[],"current_hp_per_floor":[56,60,54,37,37,23,23,21,21,7,12,12,0],"gold":236,"neow_bonus":"TRANSFORM_TWO_CARDS","is_prod":false,"is_daily":false,"chose_seed":false,"campfire_upgraded":1,"win_rate":0,"timestamp":1555053458,"path_taken":["M","M","M","M","?","E","R","M","T","E","M","?","M"],"build_version":"2019-01-23","purchased_purges":0,"victory":false,"max_hp_per_floor":[80,80,80,80,80,80,80,80,80,80,80,80,80],"card_choices":[{"not_picked":["Twin Strike","Reckless Charge"],"picked":"Flex","floor":1},{"not_picked":["Havoc","Burning Pact"],"picked":"Sword Boomerang","floor":2},{"not_picked":["Battle Trance","Headbutt"],"picked":"Shrug It Off","floor":3},{"not_picked":["Heavy Blade","Thunderclap"],"picked":"Infernal Blade","floor":4},{"not_picked":["Metallicize","Intimidate"],"picked":"Headbutt","floor":6},{"not_picked":["Blood for Blood","Dropkick"],"picked":"Anger","floor":8},{"not_picked":["Juggernaut","Dual Wield","True Grit"],"picked":"Anger","floor":10},{"not_picked":["Body Slam","Cleave","Corruption"],"picked":"Sentinel","floor":11}],"player_experience":391328,"relics_obtained":[{"floor":5,"key":"Happy Flower"},{"floor":6,"key":"Ancient Tea Set"},{"floor":9,"key":"Question Card"},{"floor":10,"key":"Smiling Mask"}],"event_choices":[{"damage_healed":0,"gold_gain":0,"cards_transformed":["Defend_R"],"player_choice":"Change","damage_taken":0,"max_hp_gain":0,"max_hp_loss":0,"event_name":"Living Wall","floor":12,"gold_loss":0,"cards_obtained":["Ghostly Armor"]}],"is_beta":false,"boss_relics":[],"items_purged_floors":[],"is_endless":false,"potions_floor_spawned":[2,3,8,11],"killed_by":"Exordium Thugs","ascension_level":3}