{"gold_per_floor":[18,31,46,61,74,101,101,121,121,46,57,57,84,159,159,256,256,244,59,78,78,78,78,91,91,91,91,16,16,34,34],"floor_reached":31,"playtime":1617,"items_purged":["Strike_R"],"score":247,"play_id":"f49d29c3-6a88-4fcb-aca4-1f796ef13610","local_time":"20181129201906","is_ascension_mode":false,"campfire_choices":[{"data":"Metallicize","floor":7,"key":"SMITH"},{"floor":12,"key":"REST"},{"floor":15,"key":"REST"},{"data":"Fiend Fire","floor":23,"key":"SMITH"},{"data":"Fiend Fire","floor":25,"key":"SMITH"},{"data":"Seeing Red","floor":27,"key":"SMITH"},{"data":"Feel No Pain","floor":29,"key":"SMITH"}],"neow_cost":"NO_GOLD","seed_source_timestamp":5812532858917,"circlet_count":0,"master_deck":["Strike_R","Strike_R","Strike_R","Defend_R","Defend_R","Defend_R","Defend_R","Bash","True Grit","True Grit","Metallicize+1","Feel No Pain+1","Warcry","Shrug It Off","Seeing Red+1","Fiend Fire+1","Fiend Fire+1","Burning Pact","Ghostly Armor","Double Tap"],"relics":["Burning Blood","StoneCalendar","Pen Nib","Question Card","Omamori","Black Star","Calipers","Toxic Egg 2"],"potions_floor_usage":[4,5,11,11,20],"damage_taken":[{"damage":12,"enemies":"Small Slimes","floor":1,"turns":4},{"damage":1,"enemies":"2 Louse","floor":2,"turns":3},{"damage":2,"enemies":"Jaw Worm","floor":3,"turns":4},{"damage":0,"enemies":"Large Slime","floor":4,"turns":4},{"damage":11,"enemies":"Exordium Thugs","floor":5,"turns":6},{"damage":31,"enemies":"Lagavulin","floor":6,"turns":8},{"damage":7,"enemies":"Looter","floor":8,"turns":4},{"damage":11,"enemies":"2 Fungi Beasts","floor":11,"turns":4},{"damage":38,"enemies":"Gremlin Nob","floor":13,"turns":7},{"damage":32,"enemies":"Slime Boss","floor":16,"turns":14},{"damage":18,"enemies":"2 Thieves","floor":18,"turns":4},{"damage":46,"enemies":"Spheric Guardian","floor":20,"turns":7},{"damage":18,"enemies":"Snake Plant","floor":24,"turns":7},{"damage":39,"enemies":"Chosen and Byrds","floor":30,"turns":7},{"damage":25,"enemies":"Sentry and Sphere","floor":31,"turns":6}],"seed_played":"8133981096383554332","potions_obtained":[{"floor":2,"key":"Fire Potion"},{"floor":4,"key":"Dexterity Potion"},{"floor":6,"key":"BloodPotion"},{"floor":8,"key":"Swift Potion"},{"floor":18,"key":"Regen Potion"}],"is_trial":false,"path_per_floor":["M","M","M","M","M","E","R","M","T","$","M","R","E","?","R","B",null,"M","$","M","?","T","R","M","R","T","R","?","R","M","M"],"character_chosen":"IRONCLAD","items_purchased":["Fiend Fire","Burning Pact"],"campfire_rested":2,"item_purchase_floors":[19,19],"current_hp_per_floor":[74,79,80,80,75,50,50,49,49,49,52,76,44,33,57,31,80,68,68,43,69,69,69,57,57,57,57,57,57,24,0],"gold":34,"neow_bonus":"ONE_RARE_RELIC","is_prod":false,"is_daily":false,"chose_seed":false,"campfire_upgraded":5,"win_rate":0,"timestamp":1543519146,"path_taken":["M","M","M","M","M","E","R","M","T","$","M","R","E","?","R","BOSS","M","$","M","?","?","R","M","R","T","R","?","R","M","?"],"build_version":"2018-11-15","purchased_purges":1,"victory":false,"max_hp_per_floor":[80,80,80,80,80,80,80,80,80,80,80,80,80,80,80,80,80,80,80,80,80,80,80,80,80,80,80,80,80,80,80],"card_choices":[{"not_picked":["Cleave","Headbutt"],"picked":"True Grit","floor":1},{"not_picked":["Spot Weakness","Havoc"],"picked":"True Grit","floor":2},{"not_picked":["Wild Strike","Pommel Strike","Fire Breathing"],"picked":"SKIP","floor":3},{"not_picked":["Juggernaut","Bloodletting","Body Slam"],"picked":"SKIP","floor":4},{"not_picked":["Flex","Heavy Blade"],"picked":"Metallicize","floor":5},{"not_picked":["Iron Wave","Sword Boomerang"],"picked":"Feel No Pain","floor":6},{"not_picked":["Feel No Pain","Rampage"],"picked":"Warcry","floor":8},{"not_picked":["Heavy Blade","Reckless Charge","Iron Wave"],"picked":"Shrug It Off","floor":11},{"not_picked":["Anger","Dual Wield","Power Through"],"picked":"Seeing Red","floor":13},{"not_picked":["Exhume","Berserk","Bludgeon"],"picked":"Fiend Fire","floor":16},{"not_picked":["Thunderclap","Wild Strike+1","Armaments","Shrug It Off"],"picked":"SKIP","floor":18},{"not_picked":["Wild Strike","Intimidate","Blood for Blood+1"],"picked":"Ghostly Armor","floor":20},{"not_picked":["Wild Strike+1","Pummel","Pommel Strike+1"],"picked":"Double Tap","floor":24},{"not_picked":["True Grit+1","Body Slam","Perfected Strike+1","Bloodletting+1"],"picked":"SKIP","floor":30}],"player_experience":285519,"relics_obtained":[{"floor":6,"key":"Pen Nib"},{"floor":9,"key":"Question Card"},{"floor":13,"key":"Omamori"},{"floor":22,"key":"Calipers"},{"floor":26,"key":"Toxic Egg 2"}],"event_choices":[{"damage_healed":0,"gold_gain":75,"player_choice":"Gather Gold","damage_taken":11,"max_hp_gain":0,"max_hp_loss":0,"event_name":"World of Goop","floor":14,"gold_loss":0},{"damage_healed":26,"gold_gain":0,"player_choice":"Heal","damage_taken":0,"max_hp_gain":0,"max_hp_loss":0,"event_name":"The Library","floor":21,"gold_loss":0},{"cards_removed":["Strike_R"],"damage_healed":0,"gold_gain":0,"player_choice":"Gave Gold","damage_taken":0,"max_hp_gain":0,"max_hp_loss":0,"event_name":"Beggar","floor":28,"gold_loss":75}],"is_beta":false,"boss_relics":[{"not_picked":["Cursed Key","Velvet Choker"],"picked":"Black Star"}],"items_purged_floors":[10],"is_endless":false,"potions_floor_spawned":[2,4,6,8,18],"killed_by":"Sentry and Sphere","ascension_level":0}