{"gold_per_floor":[12,12,27,47,61,89,89,115,139,180,192],"floor_reached":11,"playtime":612,"items_purged":[],"score":144,"play_id":"6f6e5401-1d4e-4114-be12-3b9be6f6a8ce","local_time":"20190418185545","is_ascension_mode":true,"campfire_choices":[{"floor":7.0,"key":"REST"}],"neow_cost":"NO_GOLD","seed_source_timestamp":0,"circlet_count":0,"master_deck":["AscendersBane","Strike_B","Strike_B","Strike_B","Strike_B","Defend_B","Defend_B","Defend_B","Defend_B","Zap","Dualcast","Echo Form","BootSequence","Coolheaded","Steam","Steam","Conserve Battery"],"special_seed":0,"relics":["Cracked Core","DataDisk","Strawberry","MawBank","PreservedInsect"],"potions_floor_usage":[11],"damage_taken":[{"damage":14.0,"enemies":"Small Slimes","floor":1.0,"turns":4.0},{"damage":2.0,"enemies":"Jaw Worm","floor":3.0,"turns":4.0},{"damage":0.0,"enemies":"2 Louse","floor":4.0,"turns":4.0},{"damage":8.0,"enemies":"Red Slaver","floor":5.0,"turns":4.0},{"damage":38.0,"enemies":"Gremlin Nob","floor":6.0,"turns":5.0},{"damage":7.0,"enemies":"3 Sentries","floor":8.0,"turns":10.0},{"damage":25.0,"enemies":"Gremlin Nob","floor":10.0,"turns":5.0},{"damage":4,"enemies":"Exordium Thugs","floor":11,"turns":3}],"seed_played":"4011065038652129132","potions_obtained":[{"floor":3.0,"key":"Strength Potion"},{"floor":4.0,"key":"SteroidPotion"},{"floor":8.0,"key":"Explosive Potion"},{"floor":10.0,"key":"FearPotion"}],"is_trial":false,"path_per_floor":["M","?","M","M","M","E","R","E","T","E","M"],"character_chosen":"DEFECT","items_purchased":[],"campfire_rested":1,"item_purchase_floors":[],"current_hp_per_floor":[54,54,52,52,44,6,28,28,28,3,0],"gold":192,"neow_bonus":"THREE_RARE_CARDS","is_prod":false,"is_daily":false,"chose_seed":false,"campfire_upgraded":0,"win_rate":0,"timestamp":1555638945,"path_taken":["M","?","M","M","M","E","R","E","T","E","M"],"build_version":"2019-01-23","purchased_purges":0,"victory":false,"max_hp_per_floor":[75,75,75,75,75,75,75,82,82,82,82],"card_choices":[{"not_picked":["Machine Learning","Reboot"],"picked":"Echo Form","floor":0.0},{"not_picked":["Coolheaded","White Noise"],"picked":"BootSequence","floor":1.0},{"not_picked":["Redo","Lockon"],"picked":"Coolheaded","floor":3.0},{"not_picked":["Sweeping Beam","Coolheaded","Storm"],"picked":"SKIP","floor":4.0},{"not_picked":["Beam Cell","Streamline"],"picked":"Steam","floor":5.0},{"not_picked":["Gash","All For One"],"picked":"Steam","floor":6.0},{"not_picked":["Steam","Hologram","Sweeping Beam"],"picked":"SKIP","floor":8.0},{"not_picked":["Coolheaded","Turbo"],"picked":"Conserve Battery","floor":10.0}],"player_experience":263440,"relics_obtained":[{"floor":6.0,"key":"DataDisk"},{"floor":8.0,"key":"Strawberry"},{"floor":9.0,"key":"MawBank"},{"floor":10.0,"key":"PreservedInsect"}],"event_choices":[{"damage_healed":0.0,"max_hp_gain":0.0,"max_hp_loss":0.0,"gold_gain":0.0,"event_name":"Liars Game","player_choice":"Ignored","floor":2.0,"gold_loss":0.0,"damage_taken":0.0}],"is_beta":false,"boss_relics":[],"items_purged_floors":[],"is_endless":false,"potions_floor_spawned":[3,4,8,10],"killed_by":"Exordium Thugs","ascension_level":11}