{"gold_per_floor":[369,0,75,102,112,147,165,165,165,165,183,214,214,164,164,266,266,279,48,67,37,49,49,82,82,106,126,140,140,153,7,7,108,108,126,138,138,157,177,177,211,227,227,227,241,268,268,36,36,36],"floor_reached":51,"playtime":4580,"items_purged":["Strike_B"],"score":978,"play_id":"4086bc5f-3d67-4208-a745-3a3a6838f6b7","local_time":"20190502142644","is_ascension_mode":true,"campfire_choices":[{"floor":8,"key":"REST"},{"data":"Sunder","floor":10,"key":"SMITH"},{"floor":13,"key":"REST"},{"data":"Zap","floor":15,"key":"SMITH"},{"floor":23,"key":"REST"},{"data":"Buffer","floor":25,"key":"SMITH"},{"data":"Self Repair","floor":29,"key":"SMITH"},{"floor":32,"key":"REST"},{"floor":40,"key":"REST"},{"data":"Consume","floor":44,"key":"SMITH"},{"data":"Heatsinks","floor":47,"key":"SMITH"},{"data":"Static Discharge","floor":49,"key":"SMITH"}],"neow_cost":"PERCENT_DAMAGE","seed_source_timestamp":1197370218335900,"circlet_count":0,"master_deck":["Strike_B","Strike_B","Defend_B","Defend_B+1","Defend_B","Defend_B","Zap+1","Dualcast","Storm","Gash","Sunder+1","Consume+1","Barrage","Static Discharge+1","Self Repair+1","Buffer+1","Heatsinks+1","Capacitor+1","Streamline","Doom and Gloom","Conserve Battery+1","Echo Form","Buffer+1","Melter+1","Static Discharge","Compile Driver"],"relics":["Cracked Core","Pocketwatch","Art of War","Regal Pillow","Blue Candle","Orichalcum","Snecko Eye","DataDisk","Bottled Tornado","Bag of Preparation","Busted Crown","War Paint","Pear","Bag of Marbles"],"potions_floor_usage":[6,12,12,16,22,22,28,33,39,39,50,50],"damage_taken":[{"damage":4,"enemies":"Jaw Worm","floor":1,"turns":3},{"damage":9,"enemies":"2 Louse","floor":5,"turns":2},{"damage":18,"enemies":"Gremlin Nob","floor":6,"turns":3},{"damage":0,"enemies":"Small Slimes","floor":7,"turns":2},{"damage":0,"enemies":"2 Fungi Beasts","floor":11,"turns":2},{"damage":26,"enemies":"Lagavulin","floor":12,"turns":5},{"damage":42,"enemies":"Hexaghost","floor":16,"turns":9},{"damage":13,"enemies":"3 Byrds","floor":18,"turns":3},{"damage":16,"enemies":"2 Thieves","floor":20,"turns":3},{"damage":20,"enemies":"3 Cultists","floor":22,"turns":4},{"damage":32,"enemies":"Book of Stabbing","floor":24,"turns":4},{"damage":0,"enemies":"Snecko","floor":27,"turns":3},{"damage":2,"enemies":"Centurion and Healer","floor":28,"turns":5},{"damage":0,"enemies":"3 Cultists","floor":30,"turns":4},{"damage":52,"enemies":"Champ","floor":33,"turns":8},{"damage":9,"enemies":"3 Shapes","floor":35,"turns":5},{"damage":18,"enemies":"3 Darklings","floor":36,"turns":4},{"damage":0,"enemies":"4 Shapes","floor":38,"turns":5},{"damage":24,"enemies":"Jaw Worm Horde","floor":39,"turns":5},{"damage":14,"enemies":"Giant Head","floor":41,"turns":7},{"damage":29,"enemies":"Spire Growth","floor":42,"turns":4},{"damage":9,"enemies":"Writhing Mass","floor":45,"turns":5},{"damage":64,"enemies":"Donu and Deca","floor":50,"turns":8}],"seed_played":"6584088925542102910","potions_obtained":[{"floor":1,"key":"Dexterity Potion"},{"floor":11,"key":"Regen Potion"},{"floor":12,"key":"Block Potion"},{"floor":20,"key":"PowerPotion"},{"floor":21,"key":"Ancient Potion"},{"floor":21,"key":"FocusPotion"},{"floor":22,"key":"Explosive Potion"},{"floor":33,"key":"Weak Potion"},{"floor":36,"key":"Swift Potion"},{"floor":45,"key":"SteroidPotion"}],"is_trial":false,"path_per_floor":["?","T","?","?","M","?","M","T"],"character_chosen":"DEFECT","items_purchased":["Pocketwatch","Gash","Fire Potion","DataDisk","Heatsinks","Doom and Gloom","Conserve Battery","Strength Potion","Static Discharge","AttackPotion","Compile Driver"],"campfire_rested":5,"item_purchase_floors":[2,2,2,19,19,31,31,31,48,48,48],"current_hp_per_floor":[46,46,35,35,26,8,8,45,45,45,45,33,70,70,70,35,65,52,52,43,43,23,60,35,35,35,42,47,47,57,57,75,33,65,66,58,58,68,54,75,75,56,66,66,77,77,77,77,77,23],"gold":36,"neow_bonus":"TWO_FIFTY_GOLD","is_prod":false,"is_daily":false,"chose_seed":false,"campfire_upgraded":7,"win_rate":0,"timestamp":1556828804,"path_taken":["M","$","?","?","M","E","M","R","T","R","M","E","R","?","R","BOSS","M","$","M","?","M","R","E","R","T","?","M","R","M","$","R","BOSS","M","M","?","?","M","R","E","M","T","R","M","?","R","$","R","BOSS"],"build_version":"2019-01-23","purchased_purges":1,"victory":true,"max_hp_per_floor":[75,75,75,75,75,75,75,75,75,75,75,75,75,75,75,75,75,75,75,75,75,75,75,75,75,75,75,75,75,75,75,75,75,75,75,75,75,75,75,75,75,75,85,85,85,85,85,85,85,85],"card_choices":[{"not_picked":["Recycle","BootSequence"],"picked":"Storm","floor":1},{"not_picked":["Ball Lightning","Redo"],"picked":"Sunder","floor":5},{"not_picked":["Darkness","Tempest"],"picked":"Consume","floor":6},{"not_picked":["Aggregate","Tempest"],"picked":"Barrage","floor":7},{"not_picked":["Chill","Glacier"],"picked":"Static Discharge","floor":11},{"not_picked":["Reprogram","Blizzard"],"picked":"Self Repair","floor":12},{"not_picked":["Fission","Reboot"],"picked":"Buffer","floor":16},{"not_picked":["Redo+1","Steam Power","Hologram"],"picked":"SKIP","floor":18},{"not_picked":["Auto Shields","Static Discharge"],"picked":"Capacitor+1","floor":20},{"not_picked":["Beam Cell","Lockon+1","Rip and Tear"],"picked":"SKIP","floor":22},{"not_picked":["Ball Lightning+1","Hologram"],"picked":"Streamline","floor":24},{"not_picked":["Darkness","Beam Cell+1","Lockon"],"picked":"SKIP","floor":27},{"not_picked":["Self Repair","Redo","Hologram+1"],"picked":"SKIP","floor":28},{"not_picked":["BootSequence","Steam","Compile Driver+1"],"picked":"SKIP","floor":30},{"not_picked":["Multi-Cast","Rainbow"],"picked":"Echo Form","floor":33},{"not_picked":["Lockon"],"picked":"SKIP","floor":35},{"not_picked":["Steam"],"picked":"SKIP","floor":36},{"not_picked":["Rebound+1"],"picked":"SKIP","floor":38},{"not_picked":["Rip and Tear+1"],"picked":"SKIP","floor":39},{"not_picked":["Go for the Eyes+1"],"picked":"SKIP","floor":41},{"not_picked":["Go for the Eyes+1"],"picked":"SKIP","floor":41},{"not_picked":[],"picked":"Melter+1","floor":42},{"not_picked":["Melter+1"],"picked":"SKIP","floor":45}],"player_experience":598170,"relics_obtained":[{"floor":4,"key":"Art of War"},{"floor":6,"key":"Regal Pillow"},{"floor":9,"key":"Blue Candle"},{"floor":12,"key":"Orichalcum"},{"floor":24,"key":"Bottled Tornado"},{"floor":26,"key":"Bag of Preparation"},{"floor":41,"key":"War Paint"},{"floor":43,"key":"Pear"},{"floor":46,"key":"Bag of Marbles"}],"event_choices":[{"damage_healed":0,"gold_gain":75,"player_choice":"Gather Gold","damage_taken":11,"max_hp_gain":0,"max_hp_loss":0,"event_name":"World of Goop","floor":3,"gold_loss":0},{"cards_removed":["Strike_B"],"damage_healed":0,"gold_gain":0,"player_choice":"Card Removal","damage_taken":0,"max_hp_gain":0,"max_hp_loss":0,"event_name":"The Cleric","floor":14,"gold_loss":50},{"damage_healed":0,"gold_gain":0,"player_choice":"Bought 2 Potions","damage_taken":0,"max_hp_gain":0,"max_hp_loss":0,"event_name":"The Woman in Blue","floor":21,"gold_loss":0},{"damage_healed":0,"gold_gain":0,"player_choice":"Copied","damage_taken":0,"max_hp_gain":0,"max_hp_loss":0,"event_name":"Duplicator","floor":37,"gold_loss":0,"cards_obtained":["Buffer"]}],"is_beta":false,"boss_relics":[{"not_picked":["White Beast Statue","Runic Pyramid"],"picked":"Snecko Eye"},{"not_picked":["Nuclear Battery","Coffee Dripper"],"picked":"Busted Crown"}],"items_purged_floors":[48],"is_endless":false,"potions_floor_spawned":[1,11,12,20,22,33,36,45],"ascension_level":9}