{"gold_per_floor":[109,109,34,54,54,88,115,135,135,135,153,153,153,169,169,268,268,278,377,409,409,409,409,441,441,468,486,498,498,524,536,536,639,639,656,669,569,585,585,585,602,602,602,180,197,213,213,232,232,232],"floor_reached":51,"playtime":1713,"items_purged":["Defend_R","Strike_R","Strike_R"],"score":837,"play_id":"be360130-036d-4981-944e-4511b0c8ccc1","local_time":"20181005160951","is_ascension_mode":false,"campfire_choices":[{"data":"Searing Blow","floor":10,"key":"SMITH"},{"data":"Armaments","floor":12,"key":"SMITH"},{"data":"Searing Blow+1","floor":15,"key":"SMITH"},{"data":"Writhe","floor":23,"key":"PURGE"},{"data":"Searing Blow+2","floor":25,"key":"SMITH"},{"data":"Searing Blow+3","floor":29,"key":"SMITH"},{"data":"Searing Blow+4","floor":32,"key":"SMITH"},{"data":"Searing Blow+5","floor":40,"key":"SMITH"},{"data":"Searing Blow+6","floor":42,"key":"SMITH"},{"data":"Searing Blow+7","floor":47,"key":"SMITH"},{"data":"Searing Blow+8","floor":49,"key":"SMITH"}],"neow_cost":"NONE","seed_source_timestamp":1031269983696605,"circlet_count":0,"master_deck":["Strike_R","Strike_R+1","Strike_R+1","Defend_R","Defend_R","Defend_R","Bash","Clash","Shrug It Off","Searing Blow+9","Whirlwind","Armaments+1","Dropkick","Disarm","Shrug It Off+1"],"relics":["Burning Blood","NeowsBlessing","Pear","Gremlin Horn","Odd Mushroom","Letter Opener","Busted Crown","Red Mask","Peace Pipe","Bird Faced Urn","Whetstone","Paper Frog","Sozu","The Courier","Dodecahedron","Bag of Preparation"],"potions_floor_usage":[7,16,20,27,30,50],"damage_taken":[{"damage":0,"enemies":"2 Louse","floor":1,"turns":1},{"damage":0,"enemies":"Jaw Worm","floor":4,"turns":1},{"damage":0,"enemies":"Lagavulin","floor":6,"turns":1},{"damage":13,"enemies":"The Mushroom Lair","floor":7,"turns":4},{"damage":0,"enemies":"Small Slimes","floor":8,"turns":2},{"damage":0,"enemies":"3 Louse","floor":11,"turns":1},{"damage":3,"enemies":"Large Slime","floor":14,"turns":4},{"damage":11,"enemies":"The Guardian","floor":16,"turns":11},{"damage":10,"enemies":"Chosen","floor":18,"turns":4},{"damage":2,"enemies":"Masked Bandits","floor":20,"turns":2},{"damage":30,"enemies":"Gremlin Leader","floor":24,"turns":6},{"damage":0,"enemies":"Spheric Guardian","floor":27,"turns":3},{"damage":1,"enemies":"3 Cultists","floor":28,"turns":4},{"damage":18,"enemies":"Slavers","floor":30,"turns":5},{"damage":7,"enemies":"Snake Plant","floor":31,"turns":3},{"damage":49,"enemies":"Champ","floor":33,"turns":12},{"damage":4,"enemies":"3 Darklings","floor":35,"turns":5},{"damage":3,"enemies":"3 Shapes","floor":36,"turns":4},{"damage":6,"enemies":"3 Darklings","floor":38,"turns":5},{"damage":12,"enemies":"Maw","floor":41,"turns":5},{"damage":9,"enemies":"Spire Growth","floor":45,"turns":4},{"damage":0,"enemies":"4 Shapes","floor":46,"turns":3},{"damage":0,"enemies":"Transient","floor":48,"turns":5},{"damage":54,"enemies":"Awakened One","floor":50,"turns":11}],"seed_played":"868572929629827207","potions_obtained":[{"floor":1,"key":"SteroidPotion"},{"floor":4,"key":"Fire Potion"},{"floor":6,"key":"Poison Potion"},{"floor":14,"key":"PowerPotion"},{"floor":24,"key":"Ancient Potion"},{"floor":28,"key":"Poison Potion"}],"is_trial":false,"path_per_floor":["M","?","$","M","?","E","?","M","T","R","M","R","?","M","R","B",null,"M","?","?","?","?","R","E","R","T","M","M","R","E","M","R","B",null,"M","M","$","M","?","R","M","R","T","$","M","M","R","M","R","B"],"character_chosen":"IRONCLAD","items_purchased":["Dodecahedron","Bag of Preparation"],"campfire_rested":0,"item_purchase_floors":[44,44],"current_hp_per_floor":[80,87,87,90,95,95,88,94,94,94,95,95,95,95,95,90,95,91,91,95,95,95,95,71,71,71,77,82,82,70,69,69,26,95,95,95,95,95,95,95,89,89,89,89,86,92,92,95,95,47],"gold":232,"neow_bonus":"THREE_ENEMY_KILL","is_prod":false,"is_daily":false,"chose_seed":false,"campfire_upgraded":10,"win_rate":0,"timestamp":1538780991,"path_taken":["M","?","$","M","?","E","?","?","T","R","?","R","?","?","R","BOSS","M","?","?","?","?","R","E","R","T","?","?","R","E","M","R","BOSS","M","M","$","M","?","R","?","R","T","?","M","M","R","M","R","BOSS"],"build_version":"2018-10-04","purchased_purges":3,"victory":true,"max_hp_per_floor":[80,90,90,90,95,95,95,95,95,95,95,95,95,95,95,95,95,95,95,95,95,95,95,95,95,95,95,95,95,95,95,95,95,95,95,95,95,95,95,95,95,95,95,95,95,95,95,95,95,95],"card_choices":[{"not_picked":["Inflame","Wild Strike"],"picked":"Clash","floor":1},{"not_picked":["Clothesline","Cleave"],"picked":"Shrug It Off","floor":4},{"not_picked":["Flex","Pommel Strike"],"picked":"Searing Blow","floor":6},{"not_picked":["Battle Trance","Body Slam"],"picked":"Whirlwind","floor":8},{"not_picked":["Spot Weakness","Pommel Strike"],"picked":"Armaments","floor":11},{"not_picked":["Anger","Infernal Blade"],"picked":"Dropkick","floor":14},{"not_picked":["Second Wind"],"picked":"SKIP","floor":18},{"not_picked":["Bludgeon"],"picked":"SKIP","floor":24},{"not_picked":[],"picked":"Shrug It Off+1","floor":27},{"not_picked":["Sword Boomerang"],"picked":"SKIP","floor":28},{"not_picked":["Reckless Charge"],"picked":"SKIP","floor":30},{"not_picked":["Entrench"],"picked":"SKIP","floor":31},{"not_picked":["Intimidate+1"],"picked":"SKIP","floor":35},{"not_picked":["Power Through+1"],"picked":"SKIP","floor":36},{"not_picked":["Reckless Charge+1"],"picked":"SKIP","floor":38},{"not_picked":["Body Slam"],"picked":"SKIP","floor":41},{"not_picked":["Wild Strike"],"picked":"SKIP","floor":45},{"not_picked":["Headbutt"],"picked":"SKIP","floor":46},{"not_picked":["Thunderclap"],"picked":"SKIP","floor":48}],"player_experience":272425,"relics_obtained":[{"floor":6,"key":"Gremlin Horn"},{"floor":7,"key":"Odd Mushroom"},{"floor":9,"key":"Letter Opener"},{"floor":20,"key":"Red Mask"},{"floor":24,"key":"Bird Faced Urn"},{"floor":26,"key":"Whetstone"},{"floor":30,"key":"Paper Frog"},{"floor":43,"key":"The Courier"}],"event_choices":[{"event_name":"Scrap Ooze","player_choice":"success","floor":2,"damage_taken":3},{"event_name":"Big Fish","player_choice":"Donut","floor":5,"damage_taken":0},{"event_name":"Mushrooms","player_choice":"Fought Mushrooms","floor":7,"damage_taken":0},{"event_name":"The Woman in Blue","player_choice":"Bought 0 Potions","floor":13,"damage_taken":0},{"event_name":"Nest","player_choice":"Stole From Cult","floor":19,"damage_taken":0},{"event_name":"Masked Bandits","player_choice":"Fought Bandits","floor":20,"damage_taken":0},{"event_name":"The Mausoleum","player_choice":"Yes","floor":21,"damage_taken":0},{"event_name":"The Library","player_choice":"Read","floor":22,"damage_taken":0},{"event_name":"The Lab","player_choice":"Got Potions","floor":39,"damage_taken":0}],"is_beta":false,"boss_relics":[{"not_picked":["Runic Dome","Orrery"],"picked":"Busted Crown"},{"not_picked":["Tiny House","Lizard Tail"],"picked":"Sozu"}],"items_purged_floors":[3,37,44],"is_endless":false,"potions_floor_spawned":[1,4,6,14,24,28,36,46,48],"ascension_level":0}