{"gold_per_floor":[109,127,140,152,171,171,198,198,277,277,277,291,315,334,334,462,462,476,27,28,28,55,88,102,102,128,128],"floor_reached":27,"playtime":2083,"items_purged":[],"score":262,"play_id":"d8e8b6c1-71e7-4c9a-8491-3d9069888d47","local_time":"20190406000200","is_ascension_mode":false,"campfire_choices":[{"data":"Metallicize","floor":6,"key":"SMITH"},{"data":"Barricade","floor":8,"key":"SMITH"},{"data":"Metallicize","floor":10,"key":"SMITH"},{"floor":15,"key":"REST"}],"neow_cost":"NONE","seed_source_timestamp":1260286291248800,"circlet_count":0,"master_deck":["Strike_R","Strike_R","Strike_R","Strike_R","Strike_R","Defend_R","Defend_R","Defend_R","Defend_R","Bash","Metallicize+1","Twin Strike","Dual Wield","Warcry","Metallicize+1","Thunderclap","Barricade+1","Shrug It Off","Shrug It Off","Offering","Juggernaut","Shrug It Off","Brutality","Shrug It Off+1","Demon Form","Ghostly Armor+1","Flame Barrier+1"],"relics":["Burning Blood","Matryoshka","Tiny Chest","Regal Pillow","Golden Idol","Fusion Hammer","Toxic Egg 2","Happy Flower","Dream Catcher","Pen Nib","Vajra","Lantern"],"potions_floor_usage":[7,12,27,27,27],"damage_taken":[{"damage":8,"enemies":"Jaw Worm","floor":1,"turns":3},{"damage":0,"enemies":"Small Slimes","floor":2,"turns":3},{"damage":6,"enemies":"Cultist","floor":3,"turns":3},{"damage":8,"enemies":"Red Slaver","floor":4,"turns":6},{"damage":14,"enemies":"Blue Slaver","floor":5,"turns":6},{"damage":7,"enemies":"Gremlin Nob","floor":7,"turns":5},{"damage":52,"enemies":"Gremlin Gang","floor":12,"turns":7},{"damage":0,"enemies":"Exordium Wildlife","floor":13,"turns":9},{"damage":0,"enemies":"Looter","floor":14,"turns":4},{"damage":11,"enemies":"The Guardian","floor":16,"turns":18},{"damage":12,"enemies":"Chosen","floor":18,"turns":6},{"damage":24,"enemies":"2 Thieves","floor":20,"turns":4},{"damage":15,"enemies":"Book of Stabbing","floor":23,"turns":6},{"damage":27,"enemies":"Snake Plant","floor":24,"turns":6},{"damage":31,"enemies":"Slavers","floor":27,"turns":4}],"seed_played":"4974680779837182933","potions_obtained":[{"floor":2,"key":"BloodPotion"},{"floor":5,"key":"AttackPotion"},{"floor":7,"key":"FearPotion"},{"floor":12,"key":"SteroidPotion"},{"floor":14,"key":"FearPotion"},{"floor":18,"key":"Strength Potion"},{"floor":20,"key":"PowerPotion"},{"floor":23,"key":"Swift Potion"}],"is_trial":false,"path_per_floor":["M","M","M","M","M","R","E","R","T","R","?","M","M","M","R","B",null,"M","$","M","?","T","E","M","?","T","E"],"character_chosen":"IRONCLAD","items_purchased":["Toxic Egg 2","Brutality","Shrug It Off+1"],"campfire_rested":1,"item_purchase_floors":[19,19,19],"current_hp_per_floor":[78,80,80,78,70,70,69,69,69,69,49,11,17,23,62,57,80,74,74,56,56,56,47,26,26,26,0],"gold":128,"neow_bonus":"THREE_CARDS","is_prod":false,"is_daily":false,"chose_seed":false,"campfire_upgraded":3,"win_rate":0.0,"timestamp":1554501720,"path_taken":["M","M","M","M","M","R","E","R","T","R","?","M","M","M","R","BOSS","M","$","M","?","?","E","M","?","T","E"],"build_version":"2019-01-23","purchased_purges":0,"victory":false,"max_hp_per_floor":[80,80,80,80,80,80,80,80,80,80,80,80,80,80,80,80,80,80,80,80,80,80,80,80,80,80,80],"card_choices":[{"not_picked":["Seeing Red","Dual Wield"],"picked":"Metallicize","floor":0},{"not_picked":["True Grit","Thunderclap"],"picked":"Twin Strike","floor":1},{"not_picked":["Thunderclap","Body Slam"],"picked":"Dual Wield","floor":2},{"not_picked":["Ghostly Armor","Burning Pact"],"picked":"Warcry","floor":3},{"not_picked":["Sword Boomerang","Infernal Blade"],"picked":"Metallicize","floor":4},{"not_picked":["Flex","Twin Strike"],"picked":"Thunderclap","floor":5},{"not_picked":["Shrug It Off","Entrench"],"picked":"Barricade","floor":7},{"not_picked":["Sever Soul","True Grit"],"picked":"Shrug It Off","floor":12},{"not_picked":["Sword Boomerang","Armaments"],"picked":"Shrug It Off","floor":13},{"not_picked":["Spot Weakness","Twin Strike"],"picked":"Offering","floor":14},{"not_picked":["Limit Break","Brutality"],"picked":"Juggernaut","floor":16},{"not_picked":["Thunderclap","Reckless Charge"],"picked":"Shrug It Off","floor":18},{"not_picked":["Anger","Sever Soul"],"picked":"Demon Form","floor":20},{"not_picked":["Warcry+1","Twin Strike"],"picked":"Ghostly Armor+1","floor":23},{"not_picked":["Cleave","Thunderclap"],"picked":"Flame Barrier+1","floor":24}],"player_experience":114842,"relics_obtained":[{"floor":7,"key":"Matryoshka"},{"floor":9,"key":"Tiny Chest"},{"floor":9,"key":"Regal Pillow"},{"floor":22,"key":"Dream Catcher"},{"floor":22,"key":"Pen Nib"},{"floor":23,"key":"Vajra"},{"floor":26,"key":"Lantern"}],"event_choices":[{"damage_healed":0,"gold_gain":0,"player_choice":"Take Damage","damage_taken":20,"relics_obtained":["Golden Idol"],"max_hp_gain":0,"max_hp_loss":0,"event_name":"Golden Idol","floor":11,"gold_loss":0},{"damage_healed":0,"gold_gain":0,"player_choice":"Opened","damage_taken":0,"relics_obtained":["Happy Flower"],"max_hp_gain":0,"max_hp_loss":0,"event_name":"The Mausoleum","floor":21,"gold_loss":0,"cards_obtained":["Writhe"]},{"cards_removed":["Writhe"],"damage_healed":0,"gold_gain":0,"player_choice":"Removed Curses","damage_taken":0,"max_hp_gain":0,"max_hp_loss":0,"event_name":"Fountain of Cleansing","floor":25,"gold_loss":0}],"is_beta":false,"boss_relics":[{"not_picked":["Ectoplasm","Busted Crown"],"picked":"Fusion Hammer"}],"items_purged_floors":[],"is_endless":false,"potions_floor_spawned":[2,5,7,12,14,18,20,23,24],"killed_by":"Slavers","ascension_level":0}