{"gold_per_floor":[114,128,16,31,47,47,57,89,89,115,132,91,91,91,91,169,169,179,94,120,120,70,70,83,83,164,181,181],"floor_reached":28,"playtime":1980,"items_purged":["Decay"],"score":388,"play_id":"c355adaa-9e0c-40ef-ba7c-c6c45f3bf5dd","local_time":"20190321141125","is_ascension_mode":true,"campfire_choices":[{"data":"Clothesline","floor":6,"key":"SMITH"},{"floor":13,"key":"REST"},{"floor":15,"key":"REST"},{"data":"Demon Form","floor":23,"key":"SMITH"},{"data":"Battle Trance","floor":25,"key":"SMITH"}],"neow_cost":"NONE","seed_source_timestamp":0,"circlet_count":0,"master_deck":["AscendersBane","Strike_R","Strike_R","Strike_R","Strike_R","Strike_R","Defend_R","Defend_R","Defend_R","Defend_R","Bash","Brutality","Shrug It Off","Clothesline+1","Shrug It Off","Flash of Steel","Infernal Blade","Cleave","Battle Trance+1","Parasite","Demon Form+1","Whirlwind","Decay","Sword Boomerang"],"special_seed":0,"relics":["Burning Blood","Sundial","Bag of Marbles","Smiling Mask","Cursed Key","Shuriken","Lantern","Tiny Chest"],"potions_floor_usage":[8,8,16,28],"damage_taken":[{"damage":1.0,"enemies":"2 Louse","floor":1.0,"turns":3.0},{"damage":15.0,"enemies":"Jaw Worm","floor":2.0,"turns":5.0},{"damage":0,"enemies":"Cultist","floor":4,"turns":4},{"damage":18,"enemies":"Large Slime","floor":5,"turns":7},{"damage":17,"enemies":"Lots of Slimes","floor":7,"turns":4},{"damage":15,"enemies":"Lagavulin","floor":8,"turns":7},{"damage":36,"enemies":"3 Sentries","floor":10,"turns":8},{"damage":7,"enemies":"Blue Slaver","floor":11,"turns":5},{"damage":64,"enemies":"The Guardian","floor":16,"turns":16},{"damage":3,"enemies":"3 Byrds","floor":18,"turns":5},{"damage":22,"enemies":"Spheric Guardian","floor":24,"turns":4},{"damage":26,"enemies":"3 Cultists","floor":27,"turns":5},{"damage":43,"enemies":"Book of Stabbing","floor":28,"turns":4}],"seed_played":"-2759274311428126189","potions_obtained":[{"floor":1.0,"key":"Block Potion"},{"floor":2.0,"key":"Poison Potion"},{"floor":10,"key":"Strength Potion"},{"floor":27,"key":"Weak Potion"}],"is_trial":false,"path_per_floor":["M","M","$","M","M","R","M","E","T","E","M","?","R","?","R","B",null,"M","?","T","?","$","R","M","R","T","M","E"],"character_chosen":"IRONCLAD","items_purchased":["Shrug It Off","Flash of Steel"],"campfire_rested":2,"item_purchase_floors":[3,3],"current_hp_per_floor":[73,64,64,70,58,58,47,38,38,8,7,7,29,47,69,11,59,62,62,62,62,62,62,46,46,46,26,0],"gold":181,"neow_bonus":"ONE_RANDOM_RARE_CARD","is_prod":false,"is_daily":false,"chose_seed":false,"campfire_upgraded":3,"win_rate":0,"timestamp":1553177485,"path_taken":["M","M","$","M","M","R","M","E","T","E","M","?","R","?","R","BOSS","M","?","?","?","$","R","M","R","T","?","E"],"build_version":"2019-01-23","purchased_purges":1,"victory":false,"max_hp_per_floor":[75,75,75,75,75,75,75,75,75,75,75,75,75,75,75,75,75,75,75,75,75,75,75,75,75,75,75,75],"card_choices":[{"not_picked":["Dual Wield","Wild Strike"],"picked":"Shrug It Off","floor":1.0},{"not_picked":["Reckless Charge","Warcry"],"picked":"Clothesline","floor":2.0},{"not_picked":["Metallicize","True Grit"],"picked":"Infernal Blade","floor":4},{"not_picked":["Body Slam","Rage","Flex"],"picked":"SKIP","floor":5},{"not_picked":["Clash","Headbutt"],"picked":"Cleave","floor":7},{"not_picked":["Sword Boomerang","Juggernaut","Iron Wave"],"picked":"SKIP","floor":8},{"not_picked":["Clothesline","Second Wind","Bloodletting"],"picked":"SKIP","floor":10},{"not_picked":["Fire Breathing","Heavy Blade"],"picked":"Battle Trance","floor":11},{"not_picked":["Limit Break","Reaper"],"picked":"Demon Form","floor":16},{"not_picked":["Anger","Warcry","Blood for Blood"],"picked":"SKIP","floor":18},{"not_picked":["Anger","Body Slam","Perfected Strike+1"],"picked":"SKIP","floor":24},{"not_picked":["Second Wind","Intimidate"],"picked":"Sword Boomerang","floor":27}],"player_experience":1600240,"relics_obtained":[{"floor":8,"key":"Sundial"},{"floor":9,"key":"Bag of Marbles"},{"floor":10,"key":"Smiling Mask"},{"floor":20,"key":"Lantern"},{"floor":26,"key":"Tiny Chest"}],"event_choices":[{"damage_healed":0,"gold_gain":0,"player_choice":"Left Gold","damage_taken":0,"max_hp_gain":0,"max_hp_loss":0,"event_name":"World of Goop","floor":12,"gold_loss":41},{"damage_healed":18,"gold_gain":0,"player_choice":"Healed and dodged fight","damage_taken":0,"max_hp_gain":0,"max_hp_loss":0,"event_name":"Mushrooms","floor":14,"gold_loss":0,"cards_obtained":["Parasite"]},{"damage_healed":0,"gold_gain":0,"player_choice":"Obtained Relic","damage_taken":0,"relics_obtained":["Shuriken"],"max_hp_gain":0,"max_hp_loss":0,"event_name":"Addict","floor":19,"gold_loss":85},{"damage_healed":0,"gold_gain":0,"player_choice":"Read","damage_taken":0,"max_hp_gain":0,"max_hp_loss":0,"event_name":"The Library","floor":21,"gold_loss":0,"cards_obtained":["Whirlwind"]}],"is_beta":false,"boss_relics":[{"not_picked":["Philosopher\u0027s Stone","Busted Crown"],"picked":"Cursed Key"}],"items_purged_floors":[22],"is_endless":false,"potions_floor_spawned":[1,2,10,27],"killed_by":"Book of Stabbing","ascension_level":14}