{"gold_per_floor":[110,126,145,145,145,145,188,188,188,226,240,240,240,258,258,382,382,401,29,49,69,82,82,125,125,125,125,125,125,125,161,161,282,282,295,308,321,321,321],"floor_reached":39,"playtime":1810,"items_purged":[],"score":493,"play_id":"c790ee90-4a95-4bf0-a465-6c18f12f4bb8","local_time":"20190422163942","is_ascension_mode":true,"campfire_choices":[{"data":"Zap","floor":6,"key":"SMITH"},{"data":"Redo","floor":8,"key":"SMITH"},{"data":"Redo","floor":13,"key":"SMITH"},{"floor":15,"key":"REST"},{"data":"Defragment","floor":23,"key":"SMITH"},{"data":"White Noise","floor":25,"key":"SMITH"},{"data":"Dualcast","floor":29,"key":"SMITH"},{"data":"Reboot","floor":32,"key":"SMITH"}],"neow_cost":"NONE","seed_source_timestamp":1101249240235599,"circlet_count":0,"master_deck":["Strike_B","Strike_B","Strike_B","Defend_B","Defend_B","Defend_B","Defend_B","Zap+1","Dualcast+1","Defragment+1","Redo+1","Compile Driver","Sunder","Steam Power","Redo+1","Reboot","Hologram","Defragment+1","Redo","White Noise+1","Turbo","Steam","Reboot+1","Echo Form","Conserve Battery+1","Steam Power+1"],"relics":["Cracked Core","NeowsBlessing","Golden Idol","Torii","Symbiotic Virus","Pear","Nuclear Battery","Bottled Flame","Mummified Hand","Juzu Bracelet","Boot","Sundial","Sozu"],"potions_floor_usage":[14,33],"damage_taken":[{"damage":0,"enemies":"Cultist","floor":1,"turns":1},{"damage":0,"enemies":"2 Louse","floor":2,"turns":1},{"damage":0,"enemies":"Small Slimes","floor":3,"turns":1},{"damage":25,"enemies":"Lagavulin","floor":7,"turns":5},{"damage":12,"enemies":"3 Sentries","floor":10,"turns":4},{"damage":16,"enemies":"Exordium Thugs","floor":11,"turns":3},{"damage":0,"enemies":"Large Slime","floor":14,"turns":4},{"damage":10,"enemies":"Hexaghost","floor":16,"turns":7},{"damage":1,"enemies":"Spheric Guardian","floor":18,"turns":3},{"damage":14,"enemies":"Chosen","floor":20,"turns":4},{"damage":6,"enemies":"Sentry and Sphere","floor":21,"turns":3},{"damage":10,"enemies":"Chosen and Byrds","floor":22,"turns":4},{"damage":35,"enemies":"Book of Stabbing","floor":24,"turns":3},{"damage":15,"enemies":"Slavers","floor":31,"turns":3},{"damage":63,"enemies":"Automaton","floor":33,"turns":7},{"damage":0,"enemies":"3 Shapes","floor":35,"turns":2},{"damage":19,"enemies":"3 Darklings","floor":36,"turns":3},{"damage":49,"enemies":"Sphere and 2 Shapes","floor":37,"turns":4},{"damage":18,"enemies":"4 Shapes","floor":39,"turns":1}],"seed_played":"-5656674522149574628","potions_obtained":[{"floor":1,"key":"EssenceOfSteel"},{"floor":7,"key":"GamblersBrew"},{"floor":10,"key":"SkillPotion"},{"floor":21,"key":"SpeedPotion"},{"floor":31,"key":"Poison Potion"}],"is_trial":false,"path_per_floor":["M","M","M","?","?","R","E","R","T","E","M","?","R","M","R","B",null,"M","$","M","M","M","R","E","R","T","?","?","R","?","E","R","B",null,"M","M","M","?","M"],"character_chosen":"DEFECT","items_purchased":["Defragment","Bottled Flame","Redo"],"campfire_rested":1,"item_purchase_floors":[19,19,19],"current_hp_per_floor":[75,75,75,75,57,57,32,32,32,30,14,14,14,14,39,29,85,84,84,70,64,54,54,19,19,19,19,85,85,85,70,70,7,85,85,66,17,17,0],"gold":321,"neow_bonus":"THREE_ENEMY_KILL","is_prod":false,"is_daily":false,"chose_seed":false,"campfire_upgraded":7,"win_rate":0,"timestamp":1555943982,"path_taken":["M","?","M","?","?","R","E","R","T","E","M","?","R","M","R","BOSS","M","$","M","M","M","R","E","R","T","?","?","R","?","E","R","BOSS","M","M","M","?","M"],"build_version":"2019-01-23","purchased_purges":0,"victory":false,"max_hp_per_floor":[75,75,75,75,75,75,75,75,75,85,85,85,85,85,85,85,85,85,85,85,85,85,85,85,85,85,85,85,85,85,85,85,85,85,85,85,85,85,85],"card_choices":[{"not_picked":["Aggregate","Stack"],"picked":"Defragment","floor":1},{"not_picked":["Rebound","Reinforced Body"],"picked":"Redo","floor":2},{"not_picked":["Ball Lightning","Beam Cell"],"picked":"Compile Driver","floor":3},{"not_picked":["Buffer","Go for the Eyes"],"picked":"Sunder","floor":7},{"not_picked":["Recycle","Gash"],"picked":"Steam Power","floor":10},{"not_picked":["Cold Snap","Consume"],"picked":"Redo","floor":11},{"not_picked":["Go for the Eyes","Tempest","Capacitor"],"picked":"SKIP","floor":14},{"not_picked":["Thunder Strike","Core Surge"],"picked":"Reboot","floor":16},{"not_picked":["Go for the Eyes","Capacitor"],"picked":"Hologram","floor":18},{"not_picked":["Streamline","Melter+1"],"picked":"White Noise","floor":20},{"not_picked":["Streamline","Rip and Tear"],"picked":"Turbo","floor":21},{"not_picked":["Cold Snap","Streamline"],"picked":"Reinforced Body","floor":22},{"not_picked":["Cold Snap+1","Doom and Gloom"],"picked":"Steam","floor":24},{"not_picked":["Barrage","Chill"],"picked":"Reboot","floor":31},{"not_picked":["Rainbow","Buffer"],"picked":"Echo Form","floor":33},{"not_picked":["Barrage+1","Leap","Go for the Eyes+1"],"picked":"SKIP","floor":35},{"not_picked":["Gash","Go for the Eyes"],"picked":"Conserve Battery+1","floor":36},{"not_picked":["Sweeping Beam+1","Gash+1"],"picked":"Steam Power+1","floor":37}],"player_experience":584352,"relics_obtained":[{"floor":7,"key":"Torii"},{"floor":9,"key":"Symbiotic Virus"},{"floor":10,"key":"Pear"},{"floor":24,"key":"Mummified Hand"},{"floor":26,"key":"Juzu Bracelet"},{"floor":31,"key":"Sundial"}],"event_choices":[{"damage_healed":0,"gold_gain":0,"player_choice":"Grow","damage_taken":0,"max_hp_gain":0,"max_hp_loss":0,"event_name":"Living Wall","floor":4,"gold_loss":0,"cards_upgraded":["Defragment"]},{"damage_healed":0,"gold_gain":0,"player_choice":"Take Damage","damage_taken":18,"relics_obtained":["Golden Idol"],"max_hp_gain":0,"max_hp_loss":0,"event_name":"Golden Idol","floor":5,"gold_loss":0},{"damage_healed":0,"gold_gain":0,"player_choice":"Ignored","damage_taken":0,"max_hp_gain":0,"max_hp_loss":0,"event_name":"Shining Light","floor":12,"gold_loss":0},{"damage_healed":0,"gold_gain":0,"player_choice":"Ignored","damage_taken":0,"max_hp_gain":0,"max_hp_loss":0,"event_name":"Vampires","floor":27,"gold_loss":0},{"cards_removed":["Reinforced Body"],"damage_healed":66,"gold_gain":0,"player_choice":"Offered Uncommon","damage_taken":0,"max_hp_gain":0,"max_hp_loss":0,"event_name":"Bonfire Elementals","floor":28,"gold_loss":0},{"damage_healed":0,"gold_gain":0,"player_choice":"Gave Potion","damage_taken":0,"relics_obtained":["Boot"],"max_hp_gain":0,"max_hp_loss":0,"event_name":"WeMeetAgain","floor":30,"gold_loss":0},{"cards_removed":["Strike_B"],"damage_healed":0,"gold_gain":0,"player_choice":"Removed Attack","damage_taken":0,"max_hp_gain":0,"max_hp_loss":0,"event_name":"Falling","floor":38,"gold_loss":0}],"is_beta":false,"boss_relics":[{"not_picked":["Cursed Key","Snecko Eye"],"picked":"Nuclear Battery"},{"not_picked":["Eternal Feather","Astrolabe"],"picked":"Sozu"}],"items_purged_floors":[],"is_endless":false,"potions_floor_spawned":[1,7,10,21,31,36],"killed_by":"4 Shapes","ascension_level":3}