{"gold_per_floor":[115,128,141,154,170,202,202,213,265,265,265],"floor_reached":11,"playtime":472,"items_purged":[],"score":85,"play_id":"40c50057-9610-4561-8072-1fd3e648c4ee","local_time":"20190414130042","is_ascension_mode":true,"campfire_choices":[{"data":"Concentrate","floor":7,"key":"SMITH"}],"neow_cost":"NONE","seed_source_timestamp":398251484021100,"circlet_count":0,"master_deck":["Defend_G","Defend_G","Defend_G","Defend_G","Defend_G","Strike_G","Strike_G","Strike_G","Strike_G","Strike_G","Survivor","Neutralize","Concentrate+1","Bouncing Flask","Reflex","Choke","Infinite Blades","Reflex","Eviscerate","Injury"],"relics":["Cursed Key","Torii","Potion Belt","Golden Idol"],"potions_floor_usage":[6,6,11],"damage_taken":[{"damage":0,"enemies":"Cultist","floor":1,"turns":5},{"damage":0,"enemies":"Small Slimes","floor":2,"turns":4},{"damage":4,"enemies":"Jaw Worm","floor":3,"turns":3},{"damage":9,"enemies":"Lots of Slimes","floor":4,"turns":5},{"damage":8,"enemies":"Looter","floor":5,"turns":2},{"damage":20,"enemies":"Gremlin Nob","floor":6,"turns":4},{"damage":20,"enemies":"Gremlin Gang","floor":8,"turns":4},{"damage":0,"enemies":"Blue Slaver","floor":11,"turns":1}],"seed_played":"-7318911242904794407","potions_obtained":[{"floor":1,"key":"Dexterity Potion"},{"floor":5,"key":"Swift Potion"},{"floor":6,"key":"LiquidBronze"}],"is_trial":false,"path_per_floor":["M","M","M","M","M","E","R","M","T","?","M"],"character_chosen":"THE_SILENT","items_purchased":[],"campfire_rested":0,"item_purchase_floors":[],"current_hp_per_floor":[70,70,66,57,49,29,29,9,9,9,9],"gold":265,"neow_bonus":"BOSS_RELIC","is_prod":false,"is_daily":false,"chose_seed":false,"campfire_upgraded":1,"win_rate":0,"timestamp":1555239642,"path_taken":["M","M","M","M","?","E","R","M","T","?","M"],"build_version":"2019-01-23","purchased_purges":0,"victory":false,"max_hp_per_floor":[70,70,70,70,70,70,70,70,70,65,65],"card_choices":[{"not_picked":["Finisher","Prepared"],"picked":"Concentrate","floor":1},{"not_picked":["Distraction","Slice"],"picked":"Bouncing Flask","floor":2},{"not_picked":["Poisoned Stab","Sucker Punch"],"picked":"Reflex","floor":3},{"not_picked":["Riddle With Holes","Dodge and Roll"],"picked":"Choke","floor":4},{"not_picked":["Dash","Quick Slash"],"picked":"Infinite Blades","floor":5},{"not_picked":["Calculated Gamble","Concentrate"],"picked":"Reflex","floor":6},{"not_picked":["Deadly Poison","Backstab"],"picked":"Eviscerate","floor":8}],"player_experience":446833,"relics_obtained":[{"floor":6,"key":"Torii"},{"floor":9,"key":"Potion Belt"}],"event_choices":[{"damage_healed":0,"gold_gain":0,"player_choice":"Lose Max HP","damage_taken":0,"relics_obtained":["Golden Idol"],"max_hp_gain":0,"max_hp_loss":5,"event_name":"Golden Idol","floor":10,"gold_loss":0}],"is_beta":false,"boss_relics":[],"items_purged_floors":[],"is_endless":false,"potions_floor_spawned":[1,5,6],"killed_by":"Blue Slaver","ascension_level":2}