{"gold_per_floor":[111,130,305,324,324,324,358,358,358,358,20,36,65,76,76,171,171,183,36,40,56,56,56],"floor_reached":23,"playtime":706,"items_purged":[],"score":322,"play_id":"80b6ae0e-9cd6-4b89-ada1-0226415b8174","local_time":"20190422203119","is_ascension_mode":true,"campfire_choices":[{"data":"Feel No Pain","floor":6,"key":"SMITH"},{"floor":8,"key":"REST"},{"data":"Inflame","floor":10,"key":"SMITH"},{"floor":15,"key":"REST"}],"neow_cost":"NONE","seed_source_timestamp":810819166427983,"circlet_count":0,"master_deck":["AscendersBane","Strike_R","Strike_R","Strike_R","Strike_R","Strike_R+1","Defend_R+1","Defend_R","Defend_R","Defend_R","Bash","Sword Boomerang","Feel No Pain+1","Doubt","Cleave","Inflame+1","Uppercut","Shockwave","Reaper","Armaments"],"relics":["Burning Blood","NeowsBlessing","Matryoshka","Blue Candle","Bottled Tornado","OrangePellets","Art of War","Bird Faced Urn","Runic Pyramid","Potion Belt"],"potions_floor_usage":[14,16,16,20,20,20,20,23],"damage_taken":[{"damage":0,"enemies":"Cultist","floor":1,"turns":1},{"damage":0,"enemies":"2 Louse","floor":2,"turns":1},{"damage":0,"enemies":"Jaw Worm","floor":4,"turns":1},{"damage":60,"enemies":"Gremlin Nob","floor":7,"turns":6},{"damage":13,"enemies":"Blue Slaver","floor":12,"turns":4},{"damage":25,"enemies":"3 Sentries","floor":13,"turns":7},{"damage":0,"enemies":"2 Fungi Beasts","floor":14,"turns":3},{"damage":44,"enemies":"Slime Boss","floor":16,"turns":11},{"damage":33,"enemies":"Spheric Guardian","floor":18,"turns":5},{"damage":20,"enemies":"2 Thieves","floor":20,"turns":4},{"damage":64,"enemies":"3 Cultists","floor":21,"turns":6},{"damage":69,"enemies":"Gremlin Leader","floor":23,"turns":4}],"seed_played":"2673085521330442817","potions_obtained":[{"floor":4,"key":"EssenceOfSteel"},{"floor":13,"key":"Block Potion"},{"floor":14,"key":"SteroidPotion"},{"floor":16,"key":"EntropicBrew"}],"is_trial":false,"path_per_floor":["M","M","?","M","?","R","E","R","T","R","$","M","E","M","R","B",null,"M","$","M","M","?","E"],"character_chosen":"IRONCLAD","items_purchased":["OrangePellets","Art of War","Potion Belt"],"campfire_rested":2,"item_purchase_floors":[11,11,19],"current_hp_per_floor":[78,80,80,80,64,64,10,34,34,34,34,27,8,18,42,8,62,46,46,64,30,56,0],"gold":56,"neow_bonus":"THREE_ENEMY_KILL","is_prod":false,"is_daily":false,"chose_seed":false,"campfire_upgraded":2,"win_rate":0,"timestamp":1555990279,"path_taken":["M","?","?","M","?","R","E","R","T","R","$","M","E","M","R","BOSS","M","$","M","M","?","E"],"build_version":"2019-01-23","purchased_purges":0,"victory":false,"max_hp_per_floor":[80,80,80,80,80,80,80,80,80,80,80,80,80,80,80,80,80,80,80,80,80,80,80],"card_choices":[{"not_picked":["Flex","Entrench"],"picked":"Sword Boomerang","floor":1},{"not_picked":["Clash","Flex"],"picked":"Feel No Pain","floor":2},{"not_picked":["Corruption","Heavy Blade"],"picked":"Cleave","floor":4},{"not_picked":["Uppercut","Iron Wave"],"picked":"Inflame","floor":7},{"not_picked":["Intimidate","Cleave"],"picked":"Uppercut","floor":12},{"not_picked":["Burning Pact","Headbutt","Havoc"],"picked":"SKIP","floor":13},{"not_picked":["Flex","Battle Trance"],"picked":"Shockwave","floor":14},{"not_picked":["Demon Form","Bludgeon"],"picked":"Reaper","floor":16},{"not_picked":["True Grit","Battle Trance"],"picked":"Armaments","floor":18},{"not_picked":["Headbutt","Heavy Blade","Clash"],"picked":"SKIP","floor":20},{"not_picked":["Armaments","Sword Boomerang","Perfected Strike"],"picked":"SKIP","floor":21}],"player_experience":289498,"relics_obtained":[{"floor":7,"key":"Matryoshka"},{"floor":9,"key":"Blue Candle"},{"floor":9,"key":"Bottled Tornado"},{"floor":13,"key":"Bird Faced Urn"}],"event_choices":[{"damage_healed":0,"gold_gain":175,"player_choice":"AGREE","damage_taken":0,"max_hp_gain":0,"max_hp_loss":0,"event_name":"Liars Game","floor":3,"gold_loss":0,"cards_obtained":["Doubt"]},{"damage_healed":0,"gold_gain":0,"player_choice":"Entered Light","damage_taken":16,"max_hp_gain":0,"max_hp_loss":0,"event_name":"Shining Light","floor":5,"gold_loss":0,"cards_upgraded":["Strike_R","Defend_R"]},{"damage_healed":26,"gold_gain":0,"player_choice":"Heal","damage_taken":0,"max_hp_gain":0,"max_hp_loss":0,"event_name":"The Library","floor":22,"gold_loss":0}],"is_beta":false,"boss_relics":[{"not_picked":["Orrery","Runic Cube"],"picked":"Runic Pyramid"}],"items_purged_floors":[],"is_endless":false,"potions_floor_spawned":[4,13,14,16],"killed_by":"Gremlin Leader","ascension_level":12}