{"gold_per_floor":[110,128,4,19,19,62,62,76,99,138,138,413,143,178,178,299,299,299,299,31,31,31,31,31,31,31,31,31,31,31,31,31,31,31,31,31,31,31,31,31,31,31,31,31,31,31,31,31,31,31],"floor_reached":51,"playtime":1440,"items_purged":["Regret"],"score":1065,"play_id":"277b6d36-e381-4ab5-ae25-14f184e5de00","local_time":"20190112170029","is_ascension_mode":true,"campfire_choices":[{"data":"Whirlwind","floor":7,"key":"SMITH"},{"data":"Flex","floor":11,"key":"SMITH"},{"data":"Shrug It Off","floor":15,"key":"SMITH"},{"data":"Whirlwind","floor":23,"key":"SMITH"},{"data":"Flex","floor":25,"key":"SMITH"},{"data":"Offering","floor":28,"key":"SMITH"},{"data":"Flex","floor":32,"key":"SMITH"},{"data":"Limit Break","floor":40,"key":"SMITH"},{"floor":42,"key":"REST"},{"floor":44,"key":"REST"},{"floor":46,"key":"REST"},{"floor":49,"key":"REST"}],"neow_cost":"TEN_PERCENT_HP_LOSS","seed_source_timestamp":593669413569973,"circlet_count":0,"master_deck":["Strike_R","Strike_R","Strike_R","Strike_R","Defend_R","Defend_R","Defend_R","Defend_R","Bash","Cleave","Twin Strike","Anger","Flex+1","Whirlwind+1","Pummel","Pommel Strike","Hemokinesis","Shrug It Off+1","Offering+1","Flex+1","Headbutt","Whirlwind+1","Whirlwind+1","Battle Trance","Flex+1","Limit Break+1","Sword Boomerang+1","Shockwave+1"],"relics":["Burning Blood","Bird Faced Urn","Golden Idol","Lantern","Happy Flower","Red Skull","Bag of Marbles","Mummified Hand","Ectoplasm","DollysMirror","Question Card","Anchor","Red Mask","Prayer Wheel","Runic Dome","Self Forming Clay","Pen Nib"],"potions_floor_usage":[6,16,31,33,33,39,50,50],"damage_taken":[{"damage":7,"enemies":"Jaw Worm","floor":1,"turns":5},{"damage":12,"enemies":"2 Louse","floor":2,"turns":3},{"damage":1,"enemies":"Cultist","floor":4,"turns":3},{"damage":0,"enemies":"3 Sentries","floor":6,"turns":1},{"damage":2,"enemies":"Looter","floor":8,"turns":3},{"damage":25,"enemies":"Lagavulin","floor":10,"turns":5},{"damage":3,"enemies":"Gremlin Nob","floor":14,"turns":1},{"damage":47,"enemies":"The Guardian","floor":16,"turns":9},{"damage":0,"enemies":"3 Byrds","floor":18,"turns":1},{"damage":8,"enemies":"Chosen","floor":19,"turns":2},{"damage":19,"enemies":"Snake Plant","floor":21,"turns":2},{"damage":7,"enemies":"3 Cultists","floor":22,"turns":3},{"damage":9,"enemies":"Gremlin Leader","floor":24,"turns":2},{"damage":0,"enemies":"Masked Bandits","floor":29,"turns":1},{"damage":6,"enemies":"Snecko","floor":30,"turns":2},{"damage":0,"enemies":"Book of Stabbing","floor":31,"turns":2},{"damage":30,"enemies":"Champ","floor":33,"turns":5},{"damage":0,"enemies":"3 Darklings","floor":35,"turns":3},{"damage":6,"enemies":"3 Shapes","floor":38,"turns":1},{"damage":17,"enemies":"Transient","floor":39,"turns":5},{"damage":43,"enemies":"Maw","floor":41,"turns":5},{"damage":30,"enemies":"Reptomancer","floor":45,"turns":3},{"damage":47,"enemies":"Awakened One","floor":50,"turns":6}],"seed_played":"-6942720597980060012","potions_obtained":[{"floor":1,"key":"AttackPotion"},{"floor":2,"key":"Fire Potion"},{"floor":8,"key":"PowerPotion"},{"floor":18,"key":"FearPotion"},{"floor":29,"key":"PowerPotion"},{"floor":31,"key":"SpeedPotion"},{"floor":35,"key":"Weak Potion"},{"floor":38,"key":"GamblersBrew"}],"is_trial":false,"path_per_floor":["M","M","$","M","?","E","R","M","T","E","R","?","$","E","R","B",null,"M","M","$","M","M","R","E","R","T","?","R","?","M","E","R","B",null,"M","?","?","M","M","R","M","R","T","R","E","R","?","$","R","B",null],"character_chosen":"IRONCLAD","items_purchased":["Twin Strike","Anger","Flex","Bag of Marbles","Block Potion","DollysMirror","Whirlwind"],"campfire_rested":4,"item_purchase_floors":[3,3,3,13,13,20,20],"current_hp_per_floor":[71,65,65,70,67,67,67,67,67,48,48,48,48,51,51,10,53,59,57,57,44,43,43,40,40,40,62,62,67,67,67,67,43,61,67,67,67,67,56,56,19,39,39,59,35,55,55,55,67,26],"gold":31,"neow_bonus":"ONE_RARE_RELIC","is_prod":false,"is_daily":false,"chose_seed":false,"campfire_upgraded":8,"win_rate":0,"timestamp":1547312429,"path_taken":["M","M","$","M","?","E","R","M","T","E","R","?","$","E","R","BOSS","M","M","$","M","M","R","E","R","T","?","R","?","?","E","R","BOSS","M","?","?","M","?","R","M","R","T","R","E","R","?","?","R","BOSS"],"build_version":"2019-01-10","purchased_purges":1,"victory":true,"max_hp_per_floor":[72,72,72,72,67,67,67,67,67,67,67,67,67,67,67,67,67,67,67,67,67,67,67,67,67,67,67,67,67,67,67,67,67,67,67,67,67,67,67,67,67,67,67,67,67,67,67,67,67,67],"card_choices":[{"not_picked":["Intimidate","Armaments","Blood for Blood"],"picked":"SKIP","floor":1},{"not_picked":["Perfected Strike","Heavy Blade"],"picked":"Cleave","floor":2},{"not_picked":["Reckless Charge","Entrench"],"picked":"Whirlwind","floor":4},{"not_picked":["Berserk","Intimidate"],"picked":"Pummel","floor":6},{"not_picked":["Armaments","Pummel"],"picked":"Pommel Strike","floor":8},{"not_picked":["Heavy Blade","Rampage"],"picked":"Hemokinesis","floor":10},{"not_picked":["Fire Breathing","Reaper"],"picked":"Shrug It Off","floor":14},{"not_picked":["Exhume","Juggernaut"],"picked":"Offering","floor":16},{"not_picked":["Cleave","Thunderclap"],"picked":"Flex","floor":18},{"not_picked":["Thunderclap","Pommel Strike"],"picked":"Headbutt","floor":19},{"not_picked":["Uppercut","Body Slam+1","Heavy Blade"],"picked":"SKIP","floor":21},{"not_picked":["Disarm","Ghostly Armor","Sentinel+1"],"picked":"SKIP","floor":22},{"not_picked":["Body Slam","Brutality"],"picked":"Battle Trance","floor":24},{"not_picked":["Pommel Strike+1","Blood for Blood","Anger"],"picked":"Flex","floor":29},{"not_picked":["Flame Barrier","Havoc+1","Clash+1","Entrench+1"],"picked":"SKIP","floor":30},{"not_picked":["Feel No Pain","Immolate","Pommel Strike","Metallicize"],"picked":"SKIP","floor":31},{"not_picked":["Demon Form","Brutality","Barricade"],"picked":"Limit Break","floor":33},{"not_picked":["Havoc","Hemokinesis","Clash"],"picked":"Sword Boomerang+1","floor":35},{"not_picked":["Spot Weakness+1","Armaments+1","True Grit+1","Evolve+1"],"picked":"SKIP","floor":35},{"not_picked":["Body Slam","Sword Boomerang","Perfected Strike+1","Feed"],"picked":"SKIP","floor":38},{"not_picked":["Perfected Strike","Headbutt+1","True Grit","Twin Strike+1"],"picked":"SKIP","floor":38},{"not_picked":["Dual Wield","Cleave","Corruption"],"picked":"Shockwave+1","floor":39},{"not_picked":["Rampage+1","Clash+1","Searing Blow+1","Intimidate"],"picked":"SKIP","floor":39},{"not_picked":["Warcry+1","Searing Blow","Iron Wave+1","Wild Strike"],"picked":"SKIP","floor":41},{"not_picked":["True Grit","Feel No Pain","Clothesline","Dropkick"],"picked":"SKIP","floor":41},{"not_picked":["Havoc","True Grit+1","Anger+1","Combust"],"picked":"SKIP","floor":45}],"player_experience":690920,"relics_obtained":[{"floor":6,"key":"Lantern"},{"floor":9,"key":"Happy Flower"},{"floor":10,"key":"Red Skull"},{"floor":14,"key":"Mummified Hand"},{"floor":24,"key":"Question Card"},{"floor":26,"key":"Anchor"},{"floor":29,"key":"Red Mask"},{"floor":31,"key":"Prayer Wheel"},{"floor":43,"key":"Self Forming Clay"},{"floor":45,"key":"Pen Nib"}],"event_choices":[{"damage_healed":0,"gold_gain":0,"player_choice":"Lose Max HP","damage_taken":0,"relics_obtained":["Golden Idol"],"max_hp_gain":0,"max_hp_loss":5,"event_name":"Golden Idol","floor":5,"gold_loss":0},{"damage_healed":0,"gold_gain":275,"player_choice":"Desecrate","damage_taken":0,"max_hp_gain":0,"max_hp_loss":0,"event_name":"Golden Shrine","floor":12,"gold_loss":0,"cards_obtained":["Regret"]},{"damage_healed":22,"gold_gain":0,"player_choice":"Heal","damage_taken":0,"max_hp_gain":0,"max_hp_loss":0,"event_name":"The Library","floor":27,"gold_loss":0},{"damage_healed":0,"gold_gain":0,"player_choice":"Fought Bandits","damage_taken":0,"max_hp_gain":0,"max_hp_loss":0,"event_name":"Masked Bandits","floor":29,"gold_loss":0},{"damage_healed":0,"gold_gain":222,"player_choice":"Wore Mask","damage_taken":0,"max_hp_gain":0,"max_hp_loss":0,"event_name":"Tomb of Lord Red Mask","floor":36,"gold_loss":0},{"damage_healed":0,"gold_gain":0,"player_choice":"0 cards matched","damage_taken":0,"max_hp_gain":0,"max_hp_loss":0,"event_name":"Match and Keep!","floor":37,"gold_loss":0,"cards_obtained":[]},{"cards_removed":["Strike_R"],"damage_healed":0,"gold_gain":0,"player_choice":"Removed Attack","damage_taken":0,"max_hp_gain":0,"max_hp_loss":0,"event_name":"Falling","floor":47,"gold_loss":0}],"is_beta":false,"boss_relics":[{"not_picked":["Lizard Tail","Eternal Feather"],"picked":"Ectoplasm"},{"not_picked":["Astrolabe","Orrery"],"picked":"Runic Dome"}],"items_purged_floors":[13],"is_endless":false,"potions_floor_spawned":[1,2,8,18,19,29,30,31,35,38],"ascension_level":6}