{"gold_per_floor":[114,84,96,152,10,42,42,70,70,85,104,104,115,115,115,115],"floor_reached":16,"playtime":1118,"items_purged":["Strike_G"],"score":143,"play_id":"41a508b4-a16e-49e9-814c-f9c31c8e6415","local_time":"20190329112621","is_ascension_mode":true,"campfire_choices":[{"floor":7,"key":"REST"},{"floor":15,"key":"REST"}],"neow_cost":"PERCENT_DAMAGE","seed_source_timestamp":200840089053406,"circlet_count":0,"master_deck":["Defend_G","Defend_G","Defend_G","Defend_G","Defend_G","Strike_G","Strike_G","Strike_G","Survivor","Neutralize","Catalyst","Predator","Well Laid Plans","Crippling Poison","PiercingWail","Poisoned Stab","Prepared"],"relics":["Ring of the Snake","The Courier","Oddly Smooth Stone","Blue Candle","Prayer Wheel"],"potions_floor_usage":[3,6,8,16],"damage_taken":[{"damage":1,"enemies":"Jaw Worm","floor":1,"turns":4},{"damage":0,"enemies":"Cultist","floor":3,"turns":4},{"damage":42,"enemies":"Gremlin Nob","floor":6,"turns":5},{"damage":35,"enemies":"Lagavulin","floor":8,"turns":6},{"damage":1,"enemies":"Small Slimes","floor":10,"turns":4},{"damage":26,"enemies":"Gremlin Gang","floor":11,"turns":5},{"damage":1,"enemies":"Blue Slaver","floor":13,"turns":4},{"damage":47,"enemies":"Slime Boss","floor":16,"turns":8}],"seed_played":"3249573484835382884","potions_obtained":[{"floor":1,"key":"Energy Potion"},{"floor":2,"key":"Regen Potion"},{"floor":2,"key":"FairyPotion"},{"floor":3,"key":"Weak Potion"},{"floor":13,"key":"Energy Potion"}],"is_trial":false,"path_per_floor":["?","M","?","?","M","T"],"character_chosen":"THE_SILENT","items_purchased":["Well Laid Plans"],"campfire_rested":2,"item_purchase_floors":[5],"current_hp_per_floor":[58,58,70,70,70,28,53,18,18,17,8,8,7,7,32,0],"gold":115,"neow_bonus":"TWENTY_PERCENT_HP_BONUS","is_prod":false,"is_daily":false,"chose_seed":false,"campfire_upgraded":0,"win_rate":0,"timestamp":1553880381,"path_taken":["M","?","?","?","$","E","R","E","T","M","M","?","?","?","R","BOSS"],"build_version":"2019-01-23","purchased_purges":1,"victory":false,"max_hp_per_floor":[84,84,84,84,84,84,84,84,84,84,84,84,84,84,84,84],"card_choices":[{"not_picked":["Dagger Spray","Poisoned Stab"],"picked":"Catalyst","floor":1},{"not_picked":["Outmaneuver","Underhanded Strike"],"picked":"Predator","floor":3},{"not_picked":["Dagger Spray","Flying Knee"],"picked":"Crippling Poison","floor":6},{"not_picked":["Dodge and Roll","Deflect"],"picked":"PiercingWail","floor":8},{"not_picked":["Skewer","Quick Slash"],"picked":"Poisoned Stab","floor":10},{"not_picked":["Storm of Steel","Sucker Punch","Heel Hook"],"picked":"SKIP","floor":11},{"not_picked":["Accuracy","Skewer"],"picked":"Prepared","floor":13}],"player_experience":408972,"relics_obtained":[{"floor":6,"key":"The Courier"},{"floor":8,"key":"Oddly Smooth Stone"},{"floor":9,"key":"Blue Candle"},{"floor":14,"key":"Prayer Wheel"}],"event_choices":[{"damage_healed":0,"gold_gain":0,"player_choice":"Bought 2 Potions","damage_taken":0,"max_hp_gain":0,"max_hp_loss":0,"event_name":"The Woman in Blue","floor":2,"gold_loss":0},{"damage_healed":0,"gold_gain":56,"player_choice":"Gained Gold","damage_taken":0,"max_hp_gain":0,"max_hp_loss":0,"event_name":"Golden Wing","floor":4,"gold_loss":0},{"cards_removed":["Strike_G"],"damage_healed":0,"gold_gain":0,"player_choice":"Offered Basic","damage_taken":0,"max_hp_gain":0,"max_hp_loss":0,"event_name":"Bonfire Elementals","floor":12,"gold_loss":0}],"is_beta":false,"boss_relics":[],"items_purged_floors":[5],"is_endless":false,"potions_floor_spawned":[1,3,13],"killed_by":"Slime Boss","ascension_level":6}