{"gold_per_floor":[112,112,131,53,65,94,94,110,110,134,170,170,194,194],"floor_reached":14,"playtime":510,"items_purged":[],"score":138,"play_id":"3ac5003a-0695-4051-99bc-7c5d86cc500d","local_time":"20190420222954","is_ascension_mode":true,"campfire_choices":[],"neow_cost":"NONE","seed_source_timestamp":652243175741390,"circlet_count":0,"master_deck":["Strike_B","Strike_B","Strike_B","Strike_B","Defend_B","Defend_B","Defend_B","Defend_B","Zap+1","Dualcast","Streamline","Conserve Battery","Chaos","Zap","Melter","Defragment","Leap","Compile Driver","Chill","Machine Learning","Turbo"],"relics":["Cracked Core","NeowsBlessing","Mummified Hand","Golden Idol","Ornamental Fan","Pantograph"],"potions_floor_usage":[11,11],"damage_taken":[{"damage":0,"enemies":"Jaw Worm","floor":1,"turns":1},{"damage":0,"enemies":"Cultist","floor":3,"turns":1},{"damage":0,"enemies":"2 Louse","floor":5,"turns":1},{"damage":21,"enemies":"Lagavulin","floor":6,"turns":7},{"damage":4,"enemies":"Large Slime","floor":8,"turns":6},{"damage":3,"enemies":"2 Fungi Beasts","floor":10,"turns":3},{"damage":8,"enemies":"3 Sentries","floor":11,"turns":6},{"damage":15,"enemies":"Lots of Slimes","floor":13,"turns":5},{"damage":17,"enemies":"Exordium Wildlife","floor":14,"turns":3}],"seed_played":"3156276882743573560","potions_obtained":[{"floor":5,"key":"Swift Potion"},{"floor":8,"key":"FocusPotion"}],"is_trial":false,"path_per_floor":["M","?","M","$","M","E","?","M","T","M","E","?","M","M"],"character_chosen":"DEFECT","items_purchased":["Defragment"],"campfire_rested":0,"item_purchase_floors":[4],"current_hp_per_floor":[68,68,68,68,68,47,47,43,43,40,32,32,17,0],"gold":194,"neow_bonus":"THREE_ENEMY_KILL","is_prod":false,"is_daily":false,"chose_seed":false,"campfire_upgraded":0,"win_rate":0,"timestamp":1555766994,"path_taken":["M","?","?","$","M","E","?","M","T","M","E","?","M","M"],"build_version":"2019-01-23","purchased_purges":0,"victory":false,"max_hp_per_floor":[75,75,75,75,75,75,69,69,69,69,69,69,69,69],"card_choices":[{"not_picked":["Sweeping Beam","Turbo"],"picked":"Streamline","floor":1},{"not_picked":["Compile Driver","Barrage"],"picked":"Melter","floor":3},{"not_picked":["Beam Cell","Barrage"],"picked":"Leap","floor":5},{"not_picked":["Hello World","Aggregate","Steam Power"],"picked":"SKIP","floor":6},{"not_picked":["Turbo","Barrage"],"picked":"Compile Driver","floor":8},{"not_picked":["Redo","Storm"],"picked":"Chill","floor":10},{"not_picked":["Skim","Scrape"],"picked":"Machine Learning","floor":11},{"not_picked":["Beam Cell","Sunder"],"picked":"Turbo","floor":13}],"player_experience":381010,"relics_obtained":[{"floor":6,"key":"Mummified Hand"},{"floor":9,"key":"Ornamental Fan"},{"floor":11,"key":"Pantograph"}],"event_choices":[{"damage_healed":0,"gold_gain":0,"player_choice":"3 cards matched","damage_taken":0,"max_hp_gain":0,"max_hp_loss":0,"event_name":"Match and Keep!","floor":2,"gold_loss":0,"cards_obtained":["Conserve Battery","Chaos","Zap"]},{"damage_healed":0,"gold_gain":0,"player_choice":"Lose Max HP","damage_taken":0,"relics_obtained":["Golden Idol"],"max_hp_gain":0,"max_hp_loss":6,"event_name":"Golden Idol","floor":7,"gold_loss":0},{"damage_healed":0,"gold_gain":0,"player_choice":"Grow","damage_taken":0,"max_hp_gain":0,"max_hp_loss":0,"event_name":"Living Wall","floor":12,"gold_loss":0,"cards_upgraded":["Zap"]}],"is_beta":false,"boss_relics":[],"items_purged_floors":[],"is_endless":false,"potions_floor_spawned":[5,8],"killed_by":"Exordium Wildlife","ascension_level":7}