{"gold_per_floor":[216,230,230,230,230,263,263,281,306,306,316,316,343,353,353,454,454,420,345,345,345,364,390,390,403,403,422,422,454,473,490,490,590,590,608,608,232,248,248],"floor_reached":39,"playtime":2196,"items_purged":["Strike_R","Defend_R"],"score":456,"play_id":"f5a6cc9f-8bd8-4f72-9e1c-4b9ddd81c26a","local_time":"20190126131742","is_ascension_mode":false,"campfire_choices":[{"data":"Bash","floor":7.0,"key":"SMITH"},{"data":"Metallicize","floor":10.0,"key":"SMITH"},{"data":"Defend_R","floor":12.0,"key":"SMITH"},{"data":"Defend_R","floor":15.0,"key":"SMITH"},{"data":"Barricade","floor":24.0,"key":"SMITH"},{"floor":28.0,"key":"REST"},{"floor":32.0,"key":"REST"}],"neow_cost":"NONE","seed_source_timestamp":0,"circlet_count":0,"master_deck":["Defend_R","Defend_R+1","Defend_R+1","Bash+1","Rampage+1","Metallicize+1","Feed","Dark Embrace+1","Entrench+1","Headbutt+1","Disarm+1","Barricade+1","Dual Wield+1","Body Slam","Bludgeon","Madness","Madness","Inflame","Burning Pact+1"],"special_seed":0,"relics":["Burning Blood","Red Skull","PreservedInsect","Mummified Hand","Astrolabe","Boot","Centennial Puzzle","Charon\u0027s Ashes","Bronze Scales","Snecko Eye","OrangePellets"],"potions_floor_usage":[],"damage_taken":[{"damage":12.0,"enemies":"Small Slimes","floor":1.0,"turns":4.0},{"damage":0.0,"enemies":"2 Louse","floor":2.0,"turns":3.0},{"damage":42.0,"enemies":"3 Sentries","floor":6.0,"turns":11.0},{"damage":0.0,"enemies":"Cultist","floor":8.0,"turns":3.0},{"damage":6.0,"enemies":"Looter","floor":11.0,"turns":3.0},{"damage":15.0,"enemies":"Lagavulin","floor":13.0,"turns":5.0},{"damage":1.0,"enemies":"Lots of Slimes","floor":14.0,"turns":5.0},{"damage":2.0,"enemies":"The Guardian","floor":16.0,"turns":10.0},{"damage":30.0,"enemies":"2 Thieves","floor":18.0,"turns":5.0},{"damage":23.0,"enemies":"3 Byrds","floor":22.0,"turns":8.0},{"damage":12.0,"enemies":"Book of Stabbing","floor":23.0,"turns":5.0},{"damage":12.0,"enemies":"3 Cultists","floor":25.0,"turns":9.0},{"damage":20.0,"enemies":"Centurion and Healer","floor":27.0,"turns":8.0},{"damage":31.0,"enemies":"Slavers","floor":29.0,"turns":6.0},{"damage":9.0,"enemies":"Snake Plant","floor":30.0,"turns":4.0},{"damage":18.0,"enemies":"Chosen and Byrds","floor":31.0,"turns":6.0},{"damage":23.0,"enemies":"Collector","floor":33.0,"turns":24.0},{"damage":15.0,"enemies":"Orb Walker","floor":35.0,"turns":3.0},{"damage":23.0,"enemies":"3 Shapes","floor":38.0,"turns":3.0},{"damage":62,"enemies":"Jaw Worm Horde","floor":39,"turns":3}],"seed_played":"6823955237486365893","potions_obtained":[{"floor":2.0,"key":"Fire Potion"},{"floor":6.0,"key":"PowerPotion"},{"floor":8.0,"key":"Dexterity Potion"},{"floor":22.0,"key":"SkillPotion"},{"floor":25.0,"key":"Poison Potion"},{"floor":27.0,"key":"Poison Potion"},{"floor":33.0,"key":"EssenceOfSteel"},{"floor":35.0,"key":"Block Potion"},{"floor":38,"key":"Fire Potion"}],"is_trial":false,"path_per_floor":["M","M","?","?","?","E","R","M","T","R","M","R","E","M","R","B",null,"M","$","?","?","M","E","R","M","T","M","R","E","M","M","R","B",null,"M","?","$","M","M"],"character_chosen":"IRONCLAD","items_purchased":["OrangePellets","Inflame"],"campfire_rested":2,"item_purchase_floors":[37,37],"current_hp_per_floor":[74,80,80,73,73,37,37,43,43,43,43,43,34,39,39,43,80,56,56,56,56,42,39,39,33,33,19,44,19,19,7,33,19,92,83,71,71,54,0],"gold":248,"neow_bonus":"HUNDRED_GOLD","is_prod":false,"is_daily":false,"chose_seed":false,"campfire_upgraded":5,"win_rate":0,"timestamp":1548537462,"path_taken":["M","M","?","?","?","E","R","M","T","R","M","R","E","M","R","BOSS","M","$","?","?","M","E","R","?","T","M","R","E","M","M","R","BOSS","M","?","$","M","M"],"build_version":"2019-01-10","purchased_purges":2,"victory":false,"max_hp_per_floor":[80,80,80,80,80,80,80,80,80,80,80,80,80,80,80,80,80,80,80,80,80,83,86,86,86,86,86,86,86,89,89,89,92,92,92,92,92,92,92],"card_choices":[{"not_picked":["Iron Wave","Burning Pact","Seeing Red"],"picked":"SKIP","floor":1.0},{"not_picked":["Feel No Pain","Shrug It Off"],"picked":"Rampage","floor":2.0},{"not_picked":["Wild Strike","Blood for Blood"],"picked":"Metallicize","floor":6.0},{"not_picked":["Heavy Blade","Cleave","Sword Boomerang"],"picked":"SKIP","floor":8.0},{"not_picked":["Seeing Red","True Grit","Pummel"],"picked":"SKIP","floor":11.0},{"not_picked":["Combust","Warcry","Burning Pact"],"picked":"SKIP","floor":13.0},{"not_picked":["Reckless Charge","Second Wind","Wild Strike"],"picked":"SKIP","floor":14.0},{"not_picked":["Reaper","Immolate"],"picked":"Feed","floor":16.0},{"not_picked":["Feel No Pain","Shrug It Off"],"picked":"Disarm","floor":18.0},{"not_picked":["True Grit","Twin Strike+1","Body Slam"],"picked":"SKIP","floor":22.0},{"not_picked":["Sever Soul","Twin Strike+1"],"picked":"Barricade","floor":23.0},{"not_picked":["Heavy Blade+1","Clothesline","Perfected Strike"],"picked":"SKIP","floor":25.0},{"not_picked":["Rage","Inflame"],"picked":"Dual Wield+1","floor":27.0},{"not_picked":["Armaments","True Grit","Pommel Strike"],"picked":"SKIP","floor":29.0},{"not_picked":["Evolve","Clothesline"],"picked":"Body Slam","floor":30.0},{"not_picked":["Sword Boomerang","Perfected Strike+1","Flex"],"picked":"SKIP","floor":31.0},{"not_picked":["Immolate","Barricade"],"picked":"Bludgeon","floor":33.0},{"not_picked":["Cleave","Twin Strike","Shrug It Off"],"picked":"SKIP","floor":35.0},{"not_picked":["Power Through+1","Havoc+1"],"picked":"Burning Pact+1","floor":38}],"player_experience":366987,"relics_obtained":[{"floor":6.0,"key":"Red Skull"},{"floor":9.0,"key":"PreservedInsect"},{"floor":13.0,"key":"Mummified Hand"},{"floor":23.0,"key":"Centennial Puzzle"},{"floor":26.0,"key":"Charon\u0027s Ashes"},{"floor":29.0,"key":"Bronze Scales"}],"event_choices":[{"damage_healed":0.0,"max_hp_gain":0.0,"max_hp_loss":0.0,"gold_gain":0.0,"event_name":"Living Wall","player_choice":"Grow","floor":3.0,"gold_loss":0.0,"damage_taken":0.0,"cards_upgraded":["Rampage"]},{"cards_removed":["Strike_R"],"damage_healed":0.0,"max_hp_gain":0.0,"max_hp_loss":0.0,"gold_gain":0.0,"event_name":"Golden Wing","player_choice":"Card Removal","floor":4.0,"gold_loss":0.0,"damage_taken":7.0},{"damage_healed":0.0,"max_hp_gain":0.0,"max_hp_loss":0.0,"gold_gain":0.0,"event_name":"Match and Keep!","player_choice":"0 cards matched","floor":5.0,"gold_loss":0.0,"damage_taken":0.0,"cards_obtained":[]},{"damage_healed":0.0,"max_hp_gain":0.0,"max_hp_loss":0.0,"gold_gain":0.0,"event_name":"The Mausoleum","player_choice":"Opened","floor":20.0,"gold_loss":0.0,"damage_taken":0.0,"relics_obtained":["Boot"]},{"damage_healed":0.0,"max_hp_gain":0.0,"max_hp_loss":0.0,"gold_gain":0.0,"event_name":"Upgrade Shrine","player_choice":"Upgraded","floor":21.0,"gold_loss":0.0,"damage_taken":0.0,"cards_upgraded":["Disarm"]},{"damage_healed":0.0,"max_hp_gain":0.0,"max_hp_loss":0.0,"gold_gain":0.0,"event_name":"Winding Halls","player_choice":"Embrace Madness","floor":36.0,"gold_loss":0.0,"damage_taken":12.0,"cards_obtained":["Madness","Madness"]}],"is_beta":false,"boss_relics":[{"not_picked":["Busted Crown","White Beast Statue"],"picked":"Astrolabe"},{"not_picked":["Black Star","Runic Cube"],"picked":"Snecko Eye"}],"items_purged_floors":[19,37],"is_endless":false,"potions_floor_spawned":[2,6,8,13,22,25,27,33,35,38],"killed_by":"Jaw Worm Horde","ascension_level":0}