{"gold_per_floor":[116,116,126,143,162,192,192,24,78,104,104,139,139,214,214,288,288,261,311,330,43,43,43,43],"floor_reached":24,"playtime":813,"items_purged":[],"score":382,"play_id":"8896b7ed-ff4b-42ac-bb30-0c13b6cd6136","local_time":"20190418003653","is_ascension_mode":true,"campfire_choices":[{"data":"Demon Form","floor":7,"key":"SMITH"},{"floor":11,"key":"REST"},{"data":"Flame Barrier","floor":13,"key":"SMITH"},{"data":"Metallicize","floor":15,"key":"SMITH"},{"floor":23,"key":"REST"}],"neow_cost":"NONE","seed_source_timestamp":20106031982171,"circlet_count":0,"master_deck":["AscendersBane","Strike_R","Strike_R","Strike_R","Strike_R","Defend_R","Defend_R+1","Defend_R","Defend_R+1","Bash","Demon Form+1","Sword Boomerang","Whirlwind","True Grit","Ghostly Armor","Headbutt","Metallicize+1","Flame Barrier+1","Fiend Fire","Headbutt","Shockwave"],"relics":["Burning Blood","Bottled Lightning","War Paint","Smiling Mask","Juzu Bracelet","Dream Catcher","Black Star","Paper Frog"],"potions_floor_usage":[6,10,12,18,24],"damage_taken":[{"damage":5,"enemies":"2 Louse","floor":1,"turns":4},{"damage":1,"enemies":"Cultist","floor":3,"turns":4},{"damage":8,"enemies":"Jaw Worm","floor":4,"turns":5},{"damage":0,"enemies":"Large Slime","floor":5,"turns":4},{"damage":35,"enemies":"Gremlin Nob","floor":6,"turns":5},{"damage":17,"enemies":"3 Sentries","floor":10,"turns":6},{"damage":1,"enemies":"Lagavulin","floor":12,"turns":6},{"damage":25,"enemies":"Hexaghost","floor":16,"turns":10},{"damage":25,"enemies":"2 Thieves","floor":18,"turns":5},{"damage":40,"enemies":"3 Byrds","floor":20,"turns":9},{"damage":56,"enemies":"Gremlin Leader","floor":24,"turns":4}],"seed_played":"1177916846522178681","potions_obtained":[{"floor":5,"key":"BloodPotion"},{"floor":6,"key":"Block Potion"},{"floor":10,"key":"FearPotion"},{"floor":16,"key":"SteroidPotion"},{"floor":20,"key":"SkillPotion"}],"is_trial":false,"path_per_floor":["M","?","M","M","M","E","R","$","T","E","R","E","R","?","R","B",null,"M","?","M","$","?","R","E"],"character_chosen":"IRONCLAD","items_purchased":["War Paint","Paper Frog"],"campfire_rested":2,"item_purchase_floors":[8,21],"current_hp_per_floor":[69,69,74,72,75,53,53,53,53,42,64,69,69,58,58,39,66,47,47,13,13,28,50,0],"gold":43,"neow_bonus":"ONE_RANDOM_RARE_CARD","is_prod":false,"is_daily":false,"chose_seed":false,"campfire_upgraded":3,"win_rate":0,"timestamp":1555573013,"path_taken":["M","?","M","?","M","E","R","$","T","E","R","E","R","?","R","BOSS","M","?","M","$","?","R","E"],"build_version":"2019-01-23","purchased_purges":0,"victory":false,"max_hp_per_floor":[75,75,75,75,75,75,75,75,75,75,75,75,75,75,75,75,75,75,75,75,75,75,75,75],"card_choices":[{"not_picked":["Body Slam","Warcry"],"picked":"Sword Boomerang","floor":1},{"not_picked":["Infernal Blade","Inflame"],"picked":"Whirlwind","floor":3},{"not_picked":["Iron Wave","Rupture"],"picked":"True Grit","floor":4},{"not_picked":["Heavy Blade","Combust"],"picked":"Ghostly Armor","floor":5},{"not_picked":["Rampage","Dropkick"],"picked":"Headbutt","floor":6},{"not_picked":["Rampage","True Grit"],"picked":"Metallicize","floor":10},{"not_picked":["Battle Trance","Thunderclap"],"picked":"Flame Barrier","floor":12},{"not_picked":["Brutality","Berserk"],"picked":"Fiend Fire","floor":16},{"not_picked":["Cleave","Uppercut"],"picked":"Headbutt","floor":18},{"not_picked":["Iron Wave","Bloodletting","Flex"],"picked":"SKIP","floor":20},{"not_picked":["Anger","Armaments"],"picked":"Shockwave","floor":23}],"player_experience":457191,"relics_obtained":[{"floor":6,"key":"Bottled Lightning"},{"floor":9,"key":"Smiling Mask"},{"floor":10,"key":"Juzu Bracelet"},{"floor":12,"key":"Dream Catcher"}],"event_choices":[{"cards_removed":["Strike_R"],"damage_healed":0,"gold_gain":0,"player_choice":"Purged","damage_taken":0,"max_hp_gain":0,"max_hp_loss":0,"event_name":"Purifier","floor":2,"gold_loss":0},{"damage_healed":0,"gold_gain":75,"player_choice":"Gather Gold","damage_taken":11,"max_hp_gain":0,"max_hp_loss":0,"event_name":"World of Goop","floor":14,"gold_loss":0},{"damage_healed":0,"gold_gain":100,"player_choice":"Bet on Murderer","damage_taken":0,"max_hp_gain":0,"max_hp_loss":0,"event_name":"The Joust","floor":19,"gold_loss":50},{"damage_healed":15,"gold_gain":0,"player_choice":"Heal","damage_taken":0,"max_hp_gain":0,"max_hp_loss":0,"event_name":"The Library","floor":22,"gold_loss":0}],"is_beta":false,"boss_relics":[{"not_picked":["Runic Dome","Coffee Dripper"],"picked":"Black Star"}],"items_purged_floors":[],"is_endless":false,"potions_floor_spawned":[5,6,10,16,20],"killed_by":"Gremlin Leader","ascension_level":16}