{"gold_per_floor":[111,111,41,56,56,56,56,56,125,139,153,114,129,140,140,238,238,258,258,275,374,189,189,215,215,215,231,231,231,247,162,162,264,264,275,275,32,32,32,0,17,32,58,58,158,170,180,180,180,180],"floor_reached":51,"playtime":2379,"items_purged":["Strike_R","Strike_R+1"],"score":705,"play_id":"3150fd77-c787-4f8a-90a1-542555ce6610","local_time":"20181025192023","is_ascension_mode":false,"campfire_choices":[{"data":"Corruption","floor":6.0,"key":"SMITH"},{"data":"Bash","floor":8.0,"key":"SMITH"},{"data":"Double Tap","floor":15.0,"key":"SMITH"},{"data":"Double Tap","floor":23.0,"key":"SMITH"},{"data":"Spot Weakness","floor":25.0,"key":"SMITH"},{"floor":29.0,"key":"REST"},{"data":"Shockwave","floor":32.0,"key":"SMITH"},{"data":"True Grit","floor":44,"key":"SMITH"},{"data":"Enlightenment","floor":49,"key":"SMITH"}],"neow_cost":"NONE","seed_source_timestamp":0,"circlet_count":0,"master_deck":["Strike_R+1","Strike_R+1","Strike_R+1","Defend_R+1","Defend_R+1","Defend_R+1","Defend_R+1","Bash+1","Corruption+1","Shrug It Off","Dropkick+1","Shockwave+1","Double Tap+1","Double Tap+1","Rage+1","Feel No Pain","Spot Weakness+1","Seeing Red","Heavy Blade+1","Impervious","Metallicize+1","Madness","Madness","True Grit+1","Flame Barrier","Inflame","Enlightenment+1"],"special_seed":0,"relics":["Runic Pyramid","Art of War","Letter Opener","Mark of Pain","Enchiridion","Smiling Mask","Meat on the Bone","Strawberry","Black Star","Whetstone","Red Mask","Bag of Preparation","Shovel"],"potions_floor_usage":[46,47,50,50],"damage_taken":[{"damage":6.0,"enemies":"Jaw Worm","floor":1.0,"turns":3.0},{"damage":0.0,"enemies":"Small Slimes","floor":4.0,"turns":5.0},{"damage":0.0,"enemies":"Cultist","floor":10.0,"turns":3.0},{"damage":0.0,"enemies":"Red Slaver","floor":11.0,"turns":5.0},{"damage":5.0,"enemies":"Lots of Slimes","floor":13.0,"turns":4.0},{"damage":0.0,"enemies":"Large Slime","floor":14.0,"turns":4.0},{"damage":38.0,"enemies":"Slime Boss","floor":16.0,"turns":8.0},{"damage":17.0,"enemies":"Spheric Guardian","floor":18.0,"turns":5.0},{"damage":0.0,"enemies":"3 Byrds","floor":20.0,"turns":5.0},{"damage":18.0,"enemies":"Gremlin Leader","floor":24.0,"turns":6.0},{"damage":15.0,"enemies":"3 Cultists","floor":27.0,"turns":5.0},{"damage":4.0,"enemies":"Centurion and Healer","floor":30.0,"turns":5.0},{"damage":33.0,"enemies":"Automaton","floor":33.0,"turns":8.0},{"damage":4,"enemies":"3 Darklings","floor":35,"turns":6},{"damage":2,"enemies":"Orb Walker","floor":41,"turns":4},{"damage":14,"enemies":"Jaw Worm Horde","floor":42,"turns":6},{"damage":0,"enemies":"Mind Bloom Boss Battle","floor":45,"turns":8},{"damage":0,"enemies":"Writhing Mass","floor":46,"turns":6},{"damage":15,"enemies":"3 Darklings","floor":47,"turns":11},{"damage":37,"enemies":"Awakened One","floor":50,"turns":10}],"seed_played":"1461038128232632063","potions_obtained":[{"floor":1.0,"key":"Regen Potion"},{"floor":16.0,"key":"Regen Potion"},{"floor":24.0,"key":"Ancient Potion"},{"floor":33.0,"key":"BloodPotion"},{"floor":45,"key":"Regen Potion"},{"floor":47,"key":"Strength Potion"}],"is_trial":false,"path_per_floor":["M","?","$","M","T","R","$","R","T","M","M","$","M","M","R","B",null,"M","?","M","?","$","R","E","R","T","M","?","R","M","?","R","B",null,"M","?","$","?","$","?","M","M","T","R","?","M","M","?","R","B"],"character_chosen":"IRONCLAD","items_purchased":["Corruption","Dropkick","Feel No Pain","Spot Weakness","Whetstone","True Grit"],"campfire_rested":1,"item_purchase_floors":[3,12,22,22,37,37],"current_hp_per_floor":[74,74,74,74,74,74,74,74,74,74,74,74,69,69,69,31,80,63,47,47,47,47,47,44,44,44,41,41,65,61,68,68,47,87,83,72,72,72,72,72,70,56,56,56,56,71,71,71,71,54],"gold":180,"neow_bonus":"BOSS_RELIC","is_prod":false,"is_daily":false,"chose_seed":false,"campfire_upgraded":8,"win_rate":0,"timestamp":1540520423,"path_taken":["M","?","?","?","?","R","$","R","T","?","M","$","M","M","R","BOSS","M","?","M","?","$","R","E","R","T","M","?","R","?","?","R","BOSS","M","?","$","?","$","?","M","M","T","R","?","M","?","?","R","BOSS"],"build_version":"2018-10-25","purchased_purges":2,"victory":true,"max_hp_per_floor":[80,80,80,80,80,80,80,80,80,80,80,80,80,80,80,80,80,80,80,80,80,80,80,80,80,80,80,80,80,80,87,87,87,87,87,87,87,87,87,87,87,87,87,87,87,87,87,87,87,87],"card_choices":[{"not_picked":["Sentinel","Combust","Thunderclap"],"picked":"SKIP","floor":1.0},{"not_picked":["Combust","Twin Strike"],"picked":"Shrug It Off","floor":4.0},{"not_picked":["Flex","Twin Strike","Warcry"],"picked":"SKIP","floor":10.0},{"not_picked":["Blood for Blood","Thunderclap","Havoc"],"picked":"SKIP","floor":11.0},{"not_picked":["Reckless Charge","Searing Blow"],"picked":"Shockwave","floor":13.0},{"not_picked":["Infernal Blade","Iron Wave"],"picked":"Double Tap","floor":14.0},{"not_picked":["Demon Form","Berserk"],"picked":"Double Tap","floor":16.0},{"not_picked":["Armaments","Clothesline"],"picked":"Rage+1","floor":18.0},{"not_picked":["Perfected Strike","Power Through+1","Second Wind"],"picked":"SKIP","floor":20.0},{"not_picked":["Twin Strike","Heavy Blade","Havoc"],"picked":"SKIP","floor":24.0},{"not_picked":["Body Slam","Heavy Blade"],"picked":"Seeing Red","floor":27.0},{"not_picked":["Sword Boomerang","Cleave"],"picked":"Heavy Blade+1","floor":30.0},{"not_picked":["Bludgeon","Brutality"],"picked":"Impervious","floor":33.0},{"not_picked":["Body Slam+1","Rupture+1"],"picked":"Metallicize+1","floor":35},{"not_picked":["Wild Strike+1","Thunderclap"],"picked":"Flame Barrier","floor":41},{"not_picked":["Rupture+1","Body Slam","Headbutt+1"],"picked":"SKIP","floor":42},{"not_picked":["Ghostly Armor","Clothesline+1"],"picked":"Inflame","floor":46},{"not_picked":["Battle Trance","Body Slam+1","Uppercut"],"picked":"SKIP","floor":47}],"player_experience":314585,"relics_obtained":[{"floor":5.0,"key":"Art of War"},{"floor":9.0,"key":"Letter Opener"},{"floor":19.0,"key":"Enchiridion"},{"floor":24.0,"key":"Smiling Mask"},{"floor":26.0,"key":"Meat on the Bone"},{"floor":43,"key":"Bag of Preparation"},{"floor":45,"key":"Shovel"}],"event_choices":[{"damage_healed":0.0,"max_hp_gain":0.0,"max_hp_loss":0.0,"gold_gain":0.0,"event_name":"Liars Game","player_choice":"Ignored","floor":2.0,"gold_loss":0.0,"damage_taken":0.0},{"damage_healed":0.0,"max_hp_gain":0.0,"max_hp_loss":0.0,"gold_gain":0.0,"event_name":"Cursed Tome","player_choice":"Obtained Book","floor":19.0,"gold_loss":0.0,"damage_taken":16.0},{"damage_healed":0.0,"max_hp_gain":0.0,"max_hp_loss":0.0,"gold_gain":99.0,"event_name":"Nest","player_choice":"Stole From Cult","floor":21.0,"gold_loss":0.0,"damage_taken":0.0},{"damage_healed":0.0,"max_hp_gain":0.0,"max_hp_loss":0.0,"gold_gain":0.0,"event_name":"Back to Basics","player_choice":"Simplicity","floor":28.0,"gold_loss":0.0,"damage_taken":0.0,"cards_upgraded":["Strike_R","Strike_R","Strike_R","Strike_R","Defend_R","Defend_R","Defend_R","Defend_R"]},{"damage_healed":0.0,"max_hp_gain":0.0,"max_hp_loss":0.0,"gold_gain":0.0,"event_name":"Addict","player_choice":"Obtained Relic","floor":31.0,"gold_loss":85.0,"damage_taken":0.0,"relics_obtained":["Strawberry"]},{"damage_healed":0,"gold_gain":0,"player_choice":"Embrace Madness","damage_taken":11,"max_hp_gain":0,"max_hp_loss":0,"event_name":"Winding Halls","floor":36,"gold_loss":0,"cards_obtained":["Madness","Madness"]},{"damage_healed":0,"gold_gain":0,"player_choice":"Ignored","damage_taken":0,"max_hp_gain":0,"max_hp_loss":0,"event_name":"SecretPortal","floor":38,"gold_loss":0},{"damage_healed":0,"gold_gain":0,"player_choice":"Paid","damage_taken":0,"relics_obtained":["Red Mask"],"max_hp_gain":0,"max_hp_loss":0,"event_name":"Tomb of Lord Red Mask","floor":40,"gold_loss":32},{"damage_healed":0,"gold_gain":0,"player_choice":"Fight","damage_taken":0,"max_hp_gain":0,"max_hp_loss":0,"event_name":"MindBloom","floor":45,"gold_loss":0},{"damage_healed":0,"gold_gain":0,"player_choice":"1 cards matched","damage_taken":0,"max_hp_gain":0,"max_hp_loss":0,"event_name":"Match and Keep!","floor":48,"gold_loss":0,"cards_obtained":["Enlightenment"]}],"is_beta":false,"boss_relics":[{"not_picked":["Runic Cube","Ectoplasm"],"picked":"Mark of Pain"},{"not_picked":["Eternal Feather","Calling Bell"],"picked":"Black Star"}],"items_purged_floors":[22,37],"is_endless":false,"potions_floor_spawned":[1,16,24,33,45,47],"ascension_level":0}