{"gold_per_floor":[116,135,149,149,149,149,180,194,245,271,283,299,249,263,263,263],"floor_reached":16,"playtime":594,"items_purged":[],"score":207,"play_id":"47fa45f0-9772-4fb7-95b5-c1004c38db53","local_time":"20190408081929","is_ascension_mode":true,"campfire_choices":[{"floor":15,"key":"REST"}],"neow_cost":"NONE","seed_source_timestamp":174828550160693,"circlet_count":0,"master_deck":["AscendersBane","Strike_R","Strike_R","Strike_R","Strike_R","Defend_R+1","Defend_R+1","Defend_R","Defend_R+1","Bash+1","Feed","Seeing Red+1","Cleave","Clothesline","Spot Weakness+1","Havoc+1","Whirlwind","Seeing Red+1"],"relics":["Burning Blood","Toxic Egg 2","War Paint","Anchor"],"potions_floor_usage":[10],"damage_taken":[{"damage":0,"enemies":"Cultist","floor":1,"turns":4},{"damage":6,"enemies":"2 Louse","floor":2,"turns":3},{"damage":0,"enemies":"Small Slimes","floor":3,"turns":3},{"damage":24,"enemies":"Gremlin Nob","floor":7,"turns":4},{"damage":14,"enemies":"Exordium Thugs","floor":8,"turns":3},{"damage":22,"enemies":"3 Sentries","floor":10,"turns":5},{"damage":0,"enemies":"Blue Slaver","floor":11,"turns":3},{"damage":1,"enemies":"Looter","floor":12,"turns":2},{"damage":14,"enemies":"Large Slime","floor":14,"turns":6},{"damage":72,"enemies":"The Guardian","floor":16,"turns":14}],"seed_played":"4250134479859036541","potions_obtained":[{"floor":1,"key":"Weak Potion"},{"floor":2,"key":"EssenceOfSteel"},{"floor":3,"key":"Explosive Potion"}],"is_trial":false,"path_per_floor":["M","M","M","?","?","?","E","M","T","E","M","M","?","M","R","B"],"character_chosen":"IRONCLAD","items_purchased":[],"campfire_rested":1,"item_purchase_floors":[],"current_hp_per_floor":[81,84,89,71,71,71,56,51,51,35,41,46,46,41,70,0],"gold":263,"neow_bonus":"ONE_RANDOM_RARE_CARD","is_prod":false,"is_daily":false,"chose_seed":false,"campfire_upgraded":0,"win_rate":0,"timestamp":1554736769,"path_taken":["M","M","M","?","?","?","E","M","T","E","M","?","?","M","R","BOSS"],"build_version":"2019-01-23","purchased_purges":0,"victory":false,"max_hp_per_floor":[83,86,89,89,89,89,92,95,95,95,95,95,95,98,98,98],"card_choices":[{"not_picked":["Entrench","Clash"],"picked":"Seeing Red","floor":1},{"not_picked":["Pommel Strike","Flex"],"picked":"Cleave","floor":2},{"not_picked":["Iron Wave","Headbutt"],"picked":"Clothesline","floor":3},{"not_picked":["Headbutt","Shrug It Off"],"picked":"Spot Weakness","floor":7},{"not_picked":["Body Slam","Feel No Pain"],"picked":"Havoc+1","floor":8},{"not_picked":["Body Slam","Entrench+1","Reckless Charge"],"picked":"SKIP","floor":10},{"not_picked":["Ghostly Armor+1","Rampage"],"picked":"Whirlwind","floor":11},{"not_picked":["Juggernaut","Twin Strike"],"picked":"Shockwave+1","floor":12},{"not_picked":["Warcry+1","Rage+1"],"picked":"Seeing Red+1","floor":14}],"player_experience":387368,"relics_obtained":[{"floor":7,"key":"Toxic Egg 2"},{"floor":9,"key":"War Paint"},{"floor":10,"key":"Anchor"}],"event_choices":[{"damage_healed":0,"gold_gain":0,"player_choice":"Entered Light","damage_taken":18,"max_hp_gain":0,"max_hp_loss":0,"event_name":"Shining Light","floor":4,"gold_loss":0,"cards_upgraded":["Defend_R","Defend_R"]},{"cards_removed":["Strike_R"],"damage_healed":0,"gold_gain":0,"player_choice":"Forget","damage_taken":0,"max_hp_gain":0,"max_hp_loss":0,"event_name":"Living Wall","floor":5,"gold_loss":0},{"damage_healed":0,"gold_gain":0,"player_choice":"Forge","damage_taken":0,"max_hp_gain":0,"max_hp_loss":0,"event_name":"Accursed Blacksmith","floor":6,"gold_loss":0,"cards_upgraded":["Bash"]},{"cards_removed":["Shockwave"],"damage_healed":0,"gold_gain":0,"player_choice":"Card Removal","damage_taken":0,"max_hp_gain":0,"max_hp_loss":0,"event_name":"The Cleric","floor":13,"gold_loss":50}],"is_beta":false,"boss_relics":[],"items_purged_floors":[],"is_endless":false,"potions_floor_spawned":[1,2,3],"killed_by":"The Guardian","ascension_level":12}