{"gold_per_floor":[13,13,29,45,45,45,60,94,148,148,178,103,128,145,145,246,246,257,257,82,102,102],"floor_reached":22,"playtime":840,"items_purged":["Pain","Strike_R"],"score":296,"play_id":"dd9c5266-5e97-48e4-af6c-d4d9312d86e2","local_time":"20190428230413","is_ascension_mode":true,"campfire_choices":[{"data":"Metallicize","floor":6,"key":"SMITH"},{"data":"Armaments","floor":10,"key":"SMITH"},{"floor":15,"key":"REST"}],"neow_cost":"NO_GOLD","seed_source_timestamp":1643693222895300,"circlet_count":0,"master_deck":["Strike_R","Strike_R","Strike_R","Defend_R","Defend_R","Defend_R","Bash","Metallicize+1","Intimidate","Clothesline","Armaments+1","Inflame","Demon Form","Offering+1","Immolate","True Grit+1","Havoc+1","Disarm+1"],"relics":["Burning Blood","WarpedTongs","Question Card","Oddly Smooth Stone","Vajra","Toxic Egg 2","Black Star"],"potions_floor_usage":[7,7,13,16],"damage_taken":[{"damage":10,"enemies":"2 Louse","floor":1,"turns":3},{"damage":2,"enemies":"Cultist","floor":3,"turns":2},{"damage":8,"enemies":"Small Slimes","floor":4,"turns":4},{"damage":25,"enemies":"Exordium Thugs","floor":7,"turns":6},{"damage":26,"enemies":"Lagavulin","floor":8,"turns":9},{"damage":19,"enemies":"3 Sentries","floor":11,"turns":10},{"damage":13,"enemies":"Gremlin Nob","floor":13,"turns":4},{"damage":10,"enemies":"Looter","floor":14,"turns":4},{"damage":23,"enemies":"The Guardian","floor":16,"turns":10},{"damage":12,"enemies":"Shell Parasite","floor":18,"turns":7},{"damage":27,"enemies":"3 Byrds","floor":21,"turns":4},{"damage":38,"enemies":"Shelled Parasite and Fungi","floor":22,"turns":4}],"seed_played":"6468177981593400916","potions_obtained":[{"floor":1,"key":"LiquidBronze"},{"floor":3,"key":"LiquidBronze"},{"floor":11,"key":"Poison Potion"},{"floor":14,"key":"SkillPotion"}],"is_trial":false,"path_per_floor":["M","?","M","M","$","R","M","E","T","R","E","$","E","M","R","B",null,"M","?","$","M","M"],"character_chosen":"IRONCLAD","items_purchased":["True Grit+1","Havoc+1"],"campfire_rested":1,"item_purchase_floors":[20,20],"current_hp_per_floor":[68,68,72,70,70,70,51,31,31,31,18,18,11,7,31,14,64,58,58,58,37,0],"gold":102,"neow_bonus":"REMOVE_TWO","is_prod":false,"is_daily":false,"chose_seed":false,"campfire_upgraded":2,"win_rate":0,"timestamp":1556485453,"path_taken":["M","?","M","?","?","R","M","E","T","R","E","$","E","M","R","BOSS","M","?","$","M","M"],"build_version":"2019-01-23","purchased_purges":2,"victory":false,"max_hp_per_floor":[80,80,80,80,80,80,80,80,80,80,80,80,80,80,80,80,80,80,80,80,80,80],"card_choices":[{"not_picked":["Havoc","Anger"],"picked":"Metallicize","floor":1},{"not_picked":["Havoc","Hemokinesis"],"picked":"Intimidate","floor":3},{"not_picked":["Rage","Cleave","Entrench"],"picked":"SKIP","floor":4},{"not_picked":["Sever Soul","Iron Wave"],"picked":"Clothesline","floor":7},{"not_picked":["Headbutt","Warcry"],"picked":"Armaments","floor":8},{"not_picked":["Combust","Pommel Strike","Double Tap"],"picked":"Inflame","floor":11},{"not_picked":["Dropkick","True Grit","Fire Breathing"],"picked":"Demon Form","floor":13},{"not_picked":["Clothesline","Pommel Strike","Evolve","Thunderclap"],"picked":"SKIP","floor":14},{"not_picked":["Fiend Fire","Exhume+1","Barricade"],"picked":"Offering+1","floor":16},{"not_picked":["Reckless Charge","Warcry+1","Second Wind+1","Twin Strike"],"picked":"SKIP","floor":18},{"not_picked":["Twin Strike","Shockwave+1","Shrug It Off+1"],"picked":"Disarm+1","floor":21}],"player_experience":846403,"relics_obtained":[{"floor":8,"key":"Question Card"},{"floor":9,"key":"Oddly Smooth Stone"},{"floor":11,"key":"Vajra"},{"floor":13,"key":"Toxic Egg 2"}],"event_choices":[{"damage_healed":0,"gold_gain":0,"player_choice":"Rummage","damage_taken":0,"relics_obtained":["WarpedTongs"],"max_hp_gain":0,"max_hp_loss":0,"event_name":"Accursed Blacksmith","floor":2,"gold_loss":0,"cards_obtained":["Pain"]},{"damage_healed":0,"gold_gain":0,"player_choice":"1 cards matched","damage_taken":0,"max_hp_gain":0,"max_hp_loss":0,"event_name":"Match and Keep!","floor":19,"gold_loss":0,"cards_obtained":["Immolate"]}],"is_beta":false,"boss_relics":[{"not_picked":["Pandora\u0027s Box","Eternal Feather"],"picked":"Black Star"}],"items_purged_floors":[12,20],"is_endless":false,"potions_floor_spawned":[1,3,11,14],"killed_by":"Shelled Parasite and Fungi","ascension_level":9}