{"gold_per_floor":[118,129,129,145,159,159,84,84,159,190,203,203,203,230,230,333,333,345,355,355,369,379,379,393,218,242,242,259,294,294,310,310,412,412,428,93,93,93,93,93,122,122,122,134,158,20,40,40,40,40],"floor_reached":50,"playtime":1525,"items_purged":["Strike_R","Strike_R","Writhe","Strike_R"],"score":550,"play_id":"0ea2a5e6-b0e1-4d93-a829-e125156bc128","local_time":"20180922143859","is_ascension_mode":false,"campfire_choices":[{"data":"Searing Blow","floor":6,"key":"SMITH"},{"data":"Searing Blow+1","floor":8,"key":"SMITH"},{"data":"Searing Blow+2","floor":13,"key":"SMITH"},{"data":"Searing Blow+3","floor":15,"key":"SMITH"},{"data":"Searing Blow+4","floor":23,"key":"SMITH"},{"data":"Searing Blow+5","floor":30,"key":"SMITH"},{"data":"Armaments","floor":32,"key":"SMITH"},{"data":"Searing Blow+6","floor":40,"key":"SMITH"},{"data":"Searing Blow+7","floor":42,"key":"SMITH"},{"data":"Searing Blow+8","floor":44,"key":"SMITH"},{"floor":49,"key":"REST"}],"neow_cost":"NONE","seed_source_timestamp":748721828994302,"circlet_count":0,"master_deck":["Strike_R+1","Defend_R+1","Defend_R","Defend_R","Defend_R","Bash","Searing Blow+9","Headbutt","Bludgeon","Searing Blow+4","Seeing Red+1","Armaments+1","Madness","Madness"],"relics":["Burning Blood","Self Forming Clay","PreservedInsect","Paper Frog","Velvet Choker","Oddly Smooth Stone","Red Skull","Lantern","Busted Crown","Medical Kit","Ginger","Dream Catcher","MawBank"],"potions_floor_usage":[16,16,16,29,33,33,45,50],"damage_taken":[{"damage":11,"enemies":"Jaw Worm","floor":1,"turns":3},{"damage":1,"enemies":"2 Louse","floor":2,"turns":3},{"damage":0,"enemies":"Cultist","floor":4,"turns":2},{"damage":8,"enemies":"Red Slaver","floor":5,"turns":4},{"damage":24,"enemies":"Gremlin Nob","floor":10,"turns":5},{"damage":10,"enemies":"Lots of Slimes","floor":11,"turns":5},{"damage":9,"enemies":"3 Sentries","floor":14,"turns":3},{"damage":34,"enemies":"The Guardian","floor":16,"turns":6},{"damage":0,"enemies":"Chosen","floor":18,"turns":3},{"damage":12,"enemies":"3 Byrds","floor":19,"turns":5},{"damage":13,"enemies":"Snake Plant","floor":21,"turns":3},{"damage":21,"enemies":"Shelled Parasite and Fungi","floor":22,"turns":5},{"damage":4,"enemies":"Centurion and Healer","floor":24,"turns":3},{"damage":0,"enemies":"Snake Plant","floor":28,"turns":2},{"damage":0,"enemies":"Gremlin Leader","floor":29,"turns":2},{"damage":9,"enemies":"Snecko","floor":31,"turns":3},{"damage":62,"enemies":"Automaton","floor":33,"turns":8},{"damage":3,"enemies":"Orb Walker","floor":35,"turns":2},{"damage":25,"enemies":"2 Orb Walkers","floor":41,"turns":4},{"damage":16,"enemies":"3 Darklings","floor":45,"turns":7},{"damage":18,"enemies":"Maw","floor":47,"turns":4},{"damage":73,"enemies":"Donu and Deca","floor":50,"turns":5}],"seed_played":"-5558222497407392940","potions_obtained":[{"floor":1,"key":"BloodPotion"},{"floor":4,"key":"Poison Potion"},{"floor":11,"key":"AttackPotion"},{"floor":22,"key":"Fire Potion"},{"floor":24,"key":"SteroidPotion"},{"floor":29,"key":"Energy Potion"},{"floor":45,"key":"SkillPotion"},{"floor":47,"key":"Poison Potion"}],"is_trial":false,"path_per_floor":["M","M","?","M","M","R","$","R","T","E","M","?","R","E","R","B",null,"M","M","?","M","M","R","M","$","T","?","M","E","R","M","R","B",null,"M","$","?","?","?","R","E","R","T","R","M","$","M","$","R"],"character_chosen":"IRONCLAD","items_purchased":["Regen Potion","Medical Kit"],"campfire_rested":1,"item_purchase_floors":[25,36],"current_hp_per_floor":[75,80,80,80,78,78,78,78,78,60,56,40,40,37,37,17,80,80,74,74,67,52,52,54,54,54,54,60,66,66,63,63,7,80,80,80,80,80,70,70,51,51,51,51,56,56,44,44,68,0],"gold":40,"neow_bonus":"TRANSFORM_CARD","is_prod":false,"is_daily":false,"chose_seed":false,"campfire_upgraded":10,"win_rate":0,"timestamp":1537652339,"path_taken":["M","M","?","?","M","R","?","R","T","E","?","?","R","E","R","BOSS","M","M","?","M","M","R","M","$","T","?","M","E","R","M","R","BOSS","M","$","?","?","?","R","E","R","T","R","M","$","M","$","R","BOSS"],"build_version":"2018-09-20","purchased_purges":4,"victory":false,"max_hp_per_floor":[80,80,80,80,80,80,80,80,80,80,80,80,80,80,80,80,80,80,80,80,80,80,80,80,80,80,80,80,80,80,80,80,80,80,80,80,80,80,80,80,80,80,80,80,80,80,80,80,80,80],"card_choices":[{"not_picked":["Reckless Charge","Iron Wave"],"picked":"Headbutt","floor":1},{"not_picked":["Clash","Shrug It Off","Blood for Blood"],"picked":"SKIP","floor":2},{"not_picked":["Flex","Headbutt"],"picked":"Bludgeon","floor":4},{"not_picked":["Pommel Strike","Flex","Heavy Blade"],"picked":"SKIP","floor":5},{"not_picked":["Pommel Strike","True Grit","Metallicize"],"picked":"SKIP","floor":10},{"not_picked":["Iron Wave","Inflame","Perfected Strike"],"picked":"SKIP","floor":11},{"not_picked":["Uppercut","Sever Soul","Carnage"],"picked":"SKIP","floor":14},{"not_picked":["Clash+1","Cleave","Headbutt"],"picked":"SKIP","floor":18},{"not_picked":["True Grit","Clothesline+1","Sword Boomerang"],"picked":"SKIP","floor":19},{"not_picked":["Twin Strike","Cleave","Wild Strike"],"picked":"SKIP","floor":21},{"not_picked":["Headbutt","Combust"],"picked":"Seeing Red+1","floor":22},{"not_picked":["Uppercut","Reaper"],"picked":"Armaments","floor":24},{"not_picked":["Shrug It Off+1","Clothesline","Corruption"],"picked":"SKIP","floor":28},{"not_picked":["Pummel","Clothesline","Twin Strike+1"],"picked":"SKIP","floor":29},{"not_picked":["Pummel","Wild Strike","Shrug It Off"],"picked":"SKIP","floor":31},{"not_picked":["Perfected Strike+1"],"picked":"SKIP","floor":35},{"not_picked":["Body Slam+1"],"picked":"SKIP","floor":41},{"not_picked":["Twin Strike"],"picked":"SKIP","floor":45},{"not_picked":["Fire Breathing+1"],"picked":"SKIP","floor":47}],"player_experience":252251,"relics_obtained":[{"floor":9,"key":"Self Forming Clay"},{"floor":10,"key":"PreservedInsect"},{"floor":14,"key":"Paper Frog"},{"floor":26,"key":"Oddly Smooth Stone"},{"floor":29,"key":"Lantern"},{"floor":38,"key":"Ginger"},{"floor":41,"key":"Dream Catcher"},{"floor":43,"key":"MawBank"}],"event_choices":[{"event_name":"Liars Game","player_choice":"disagreed","floor":3,"damage_taken":0},{"event_name":"Shining Light","player_choice":"Entered Light","floor":12,"damage_taken":0},{"event_name":"Duplicator","player_choice":"One dupe","floor":20,"damage_taken":0},{"event_name":"The Mausoleum","player_choice":"Yes","floor":27,"damage_taken":0},{"event_name":"SensoryStone","player_choice":"Memory 1","floor":37,"damage_taken":0},{"event_name":"Wheel of Change","player_choice":"Relic","floor":38,"damage_taken":0},{"event_name":"Winding Halls","player_choice":"Embrace Madness","floor":39,"damage_taken":0}],"is_beta":false,"boss_relics":[{"not_picked":["Astrolabe","Empty Cage"],"picked":"Velvet Choker"},{"not_picked":["White Beast Statue","Black Blood"],"picked":"Busted Crown"}],"items_purged_floors":[7,25,36,46],"is_endless":false,"potions_floor_spawned":[1,4,11,22,24,29,45,47],"killed_by":"Donu and Deca","ascension_level":0}