{"gold_per_floor":[114,130,145,145,145,178,178,203,203,217,230,405,405,435,435,435],"floor_reached":16,"playtime":550,"items_purged":[],"score":176,"play_id":"a78e8ee5-8d96-4fc5-aa5d-caed71a5c7fd","local_time":"20190420131308","is_ascension_mode":true,"campfire_choices":[{"data":"Anger","floor":7,"key":"SMITH"},{"floor":15,"key":"DIG"}],"neow_cost":"NONE","seed_source_timestamp":611883895548090,"circlet_count":0,"master_deck":["AscendersBane","Strike_R","Strike_R","Strike_R","Strike_R","Strike_R","Defend_R+1","Defend_R","Defend_R","Defend_R","Bash","Rampage","Feel No Pain+1","Hemokinesis","Anger+1","Clothesline","Dropkick","Doubt"],"relics":["Burning Blood","Ornamental Fan","Shovel","Unceasing Top","Turnip","Pantograph","Peace Pipe"],"potions_floor_usage":[6,11,16],"damage_taken":[{"damage":3,"enemies":"Small Slimes","floor":1,"turns":4},{"damage":1,"enemies":"2 Louse","floor":2,"turns":4},{"damage":3,"enemies":"Cultist","floor":3,"turns":3},{"damage":35,"enemies":"Gremlin Nob","floor":6,"turns":4},{"damage":16,"enemies":"3 Sentries","floor":8,"turns":12},{"damage":8,"enemies":"3 Louse","floor":10,"turns":5},{"damage":3,"enemies":"Lots of Slimes","floor":11,"turns":2},{"damage":45,"enemies":"Hexaghost","floor":16,"turns":8}],"seed_played":"3305560632242909552","potions_obtained":[{"floor":1,"key":"Explosive Potion"},{"floor":3,"key":"SteroidPotion"},{"floor":8,"key":"Energy Potion"},{"floor":11,"key":"Swift Potion"}],"is_trial":false,"path_per_floor":["M","M","M","?","$","E","R","E","T","M","M","?","?","?","R","B"],"character_chosen":"IRONCLAD","items_purchased":[],"campfire_rested":0,"item_purchase_floors":[],"current_hp_per_floor":[75,80,80,64,64,35,35,25,25,23,26,26,19,19,19,0],"gold":435,"neow_bonus":"THREE_CARDS","is_prod":false,"is_daily":false,"chose_seed":false,"campfire_upgraded":1,"win_rate":0,"timestamp":1555791188,"path_taken":["M","M","M","?","$","E","R","E","T","M","M","?","?","?","R","BOSS"],"build_version":"2019-01-23","purchased_purges":0,"victory":false,"max_hp_per_floor":[80,80,80,80,80,80,80,80,80,80,80,80,80,80,80,80],"card_choices":[{"not_picked":["Sentinel","True Grit"],"picked":"Rampage","floor":0},{"not_picked":["Reckless Charge","Hemokinesis"],"picked":"Feel No Pain","floor":1},{"not_picked":["True Grit","Sword Boomerang"],"picked":"Hemokinesis","floor":2},{"not_picked":["Perfected Strike","Exhume"],"picked":"Anger","floor":3},{"not_picked":["Blood for Blood","Dropkick","Pommel Strike"],"picked":"SKIP","floor":6},{"not_picked":["Shockwave","Body Slam"],"picked":"Clothesline","floor":8},{"not_picked":["Iron Wave","Body Slam"],"picked":"Dropkick","floor":10},{"not_picked":["Perfected Strike","Cleave","Bloodletting"],"picked":"SKIP","floor":11}],"player_experience":279616,"relics_obtained":[{"floor":6,"key":"Ornamental Fan"},{"floor":8,"key":"Shovel"},{"floor":9,"key":"Unceasing Top"},{"floor":15,"key":"Peace Pipe"}],"event_choices":[{"damage_healed":0,"gold_gain":0,"player_choice":"Entered Light","damage_taken":16,"max_hp_gain":0,"max_hp_loss":0,"event_name":"Shining Light","floor":4,"gold_loss":0,"cards_upgraded":["Feel No Pain","Defend_R"]},{"damage_healed":0,"gold_gain":175,"player_choice":"AGREE","damage_taken":0,"max_hp_gain":0,"max_hp_loss":0,"event_name":"Liars Game","floor":12,"gold_loss":0,"cards_obtained":["Doubt"]},{"damage_healed":0,"gold_gain":0,"player_choice":"Success","damage_taken":7,"relics_obtained":["Turnip"],"max_hp_gain":0,"max_hp_loss":0,"event_name":"Scrap Ooze","floor":13,"gold_loss":0},{"damage_healed":0,"gold_gain":30,"player_choice":"Searched \u00272\u0027 times","damage_taken":0,"relics_obtained":["Pantograph"],"max_hp_gain":0,"max_hp_loss":0,"event_name":"Dead Adventurer","floor":14,"gold_loss":0}],"is_beta":false,"boss_relics":[],"items_purged_floors":[],"is_endless":false,"potions_floor_spawned":[1,3,8,11],"killed_by":"Hexaghost","ascension_level":12}