{"gold_per_floor":[119,137,137,137,137,137,156,168,168,198,35,35,53,82,82,181,181,194,205,305,323,353,383,383,383],"floor_reached":25,"playtime":2614,"items_purged":[],"score":323,"play_id":"35997621-cc02-4c59-acd8-b1fca0748c10","local_time":"20190428174716","is_ascension_mode":true,"campfire_choices":[{"data":"Whirlwind","floor":6,"key":"SMITH"},{"data":"Uppercut","floor":15,"key":"SMITH"},{"data":"1","floor":24,"key":"LIFT"}],"neow_cost":"NONE","seed_source_timestamp":1622902416723200,"circlet_count":0,"master_deck":["Strike_R","Strike_R","Strike_R","Strike_R","Defend_R","Defend_R","Defend_R+1","Defend_R","Bash","Berserk+1","Heavy Blade","Whirlwind+1","True Grit","Clothesline","Spot Weakness+1","Uppercut+1","Dual Wield+1","Shockwave+1","Offering+1","Power Through+1","Flex+1","Dual Wield+1"],"relics":["Burning Blood","Toxic Egg 2","Dodecahedron","Ice Cream","Bag of Preparation","Fusion Hammer","Girya","Shuriken","Tiny Chest","Orichalcum"],"potions_floor_usage":[8,14,16,20,21,23],"damage_taken":[{"damage":9,"enemies":"Jaw Worm","floor":1,"turns":3},{"damage":1,"enemies":"2 Louse","floor":2,"turns":3},{"damage":8,"enemies":"Small Slimes","floor":7,"turns":2},{"damage":16,"enemies":"Exordium Wildlife","floor":8,"turns":4},{"damage":18,"enemies":"3 Sentries","floor":10,"turns":4},{"damage":3,"enemies":"2 Fungi Beasts","floor":13,"turns":3},{"damage":37,"enemies":"Lagavulin","floor":14,"turns":6},{"damage":16,"enemies":"Hexaghost","floor":16,"turns":8},{"damage":9,"enemies":"2 Thieves","floor":18,"turns":2},{"damage":0,"enemies":"Chosen","floor":19,"turns":3},{"damage":38,"enemies":"Colosseum Slavers","floor":20,"turns":8},{"damage":6,"enemies":"Colosseum Nobs","floor":20,"turns":2},{"damage":19,"enemies":"Snake Plant","floor":21,"turns":2},{"damage":8,"enemies":"Slavers","floor":23,"turns":3},{"damage":21,"enemies":"Gremlin Leader","floor":25,"turns":4}],"seed_played":"5146313617245712420","potions_obtained":[{"floor":7,"key":"Explosive Potion"},{"floor":10,"key":"Explosive Potion"},{"floor":13,"key":"Block Potion"},{"floor":16,"key":"SteroidPotion"},{"floor":20,"key":"Strength Potion"}],"is_trial":false,"path_per_floor":["M","M","?","?","?","R","M","M","T","E","$","?","M","E","R","B",null,"M","M","?","M","T","E","R","E"],"character_chosen":"IRONCLAD","items_purchased":["Spot Weakness+1","Uppercut","AttackPotion"],"campfire_rested":0,"item_purchase_floors":[11,11,11],"current_hp_per_floor":[69,74,67,51,77,77,75,65,65,53,53,50,53,22,22,12,63,60,66,34,21,21,19,19,0],"gold":383,"neow_bonus":"ONE_RANDOM_RARE_CARD","is_prod":false,"is_daily":false,"chose_seed":false,"campfire_upgraded":2,"win_rate":0,"timestamp":1556466436,"path_taken":["M","M","?","?","?","R","M","M","T","E","$","?","M","E","R","BOSS","M","M","?","M","?","E","R","E"],"build_version":"2019-01-23","purchased_purges":0,"victory":false,"max_hp_per_floor":[80,80,80,80,80,80,80,80,80,80,80,80,80,80,80,80,80,80,80,80,80,80,80,80,80],"card_choices":[{"not_picked":["Evolve","Sword Boomerang"],"picked":"Heavy Blade","floor":1},{"not_picked":["Armaments","Clash"],"picked":"Whirlwind","floor":2},{"not_picked":["Evolve","Perfected Strike"],"picked":"True Grit","floor":7},{"not_picked":["Headbutt","Thunderclap"],"picked":"Clothesline","floor":8},{"not_picked":["Fire Breathing","Anger","Body Slam"],"picked":"SKIP","floor":10},{"not_picked":["Twin Strike","Rupture"],"picked":"Dual Wield+1","floor":13},{"not_picked":["Pommel Strike","Iron Wave"],"picked":"Shockwave+1","floor":14},{"not_picked":["Brutality","Dark Embrace"],"picked":"Offering+1","floor":16},{"not_picked":["Warcry+1","Iron Wave"],"picked":"Power Through+1","floor":18},{"not_picked":["Seeing Red+1","Headbutt+1"],"picked":"Flex+1","floor":19},{"not_picked":["Clothesline","Twin Strike"],"picked":"Dual Wield+1","floor":20},{"not_picked":["Warcry+1","Dropkick","Perfected Strike+1"],"picked":"SKIP","floor":21},{"not_picked":["Dark Embrace","Feed","Iron Wave"],"picked":"SKIP","floor":23}],"player_experience":825893,"relics_obtained":[{"floor":9,"key":"Toxic Egg 2"},{"floor":10,"key":"Dodecahedron"},{"floor":14,"key":"Bag of Preparation"},{"floor":20,"key":"Girya"},{"floor":20,"key":"Shuriken"},{"floor":22,"key":"Tiny Chest"},{"floor":23,"key":"Orichalcum"}],"event_choices":[{"cards_removed":["Strike_R"],"damage_healed":0,"gold_gain":0,"player_choice":"Card Removal","damage_taken":7,"max_hp_gain":0,"max_hp_loss":0,"event_name":"Golden Wing","floor":3,"gold_loss":0},{"damage_healed":0,"gold_gain":0,"player_choice":"Entered Light","damage_taken":16,"max_hp_gain":0,"max_hp_loss":0,"event_name":"Shining Light","floor":4,"gold_loss":0,"cards_upgraded":["Defend_R","Berserk"]},{"damage_healed":26,"gold_gain":0,"player_choice":"Banana","damage_taken":0,"max_hp_gain":0,"max_hp_loss":0,"event_name":"Big Fish","floor":5,"gold_loss":0},{"damage_healed":0,"gold_gain":0,"player_choice":"Success","damage_taken":3,"relics_obtained":["Ice Cream"],"max_hp_gain":0,"max_hp_loss":0,"event_name":"Scrap Ooze","floor":12,"gold_loss":0},{"damage_healed":0,"gold_gain":0,"player_choice":"Fight","damage_taken":0,"max_hp_gain":0,"max_hp_loss":0,"event_name":"Colosseum","floor":20,"gold_loss":0},{"damage_healed":0,"gold_gain":0,"player_choice":"Fought Nobs","damage_taken":0,"max_hp_gain":0,"max_hp_loss":0,"event_name":"Colosseum","floor":20,"gold_loss":0}],"is_beta":false,"boss_relics":[{"not_picked":["Pandora\u0027s Box","White Beast Statue"],"picked":"Fusion Hammer"}],"items_purged_floors":[],"is_endless":false,"potions_floor_spawned":[7,10,13,16,20,20],"killed_by":"Gremlin Leader","ascension_level":8}