{"gold_per_floor":[113,113,63,25,45,45,71,96,151,151,151,151,161,161,161,280,280,300,300,7,31,47,78,3,3,3,3,24,45,45,81,81,209,209,230,62,82,102,115,159,159,200,224,324,348,348],"floor_reached":46,"playtime":2314,"items_purged":["Strike_R"],"score":593,"play_id":"c8c830e1-a03d-46ec-af54-97abf37fb645","local_time":"20190319131625","is_ascension_mode":true,"campfire_choices":[{"data":"Bash","floor":6,"key":"SMITH"},{"data":"Havoc","floor":10,"key":"SMITH"},{"data":"Pummel","floor":12,"key":"SMITH"},{"floor":15,"key":"REST"},{"data":"Uppercut","floor":27,"key":"SMITH"},{"data":"Feel No Pain","floor":30,"key":"SMITH"},{"floor":32,"key":"REST"},{"floor":41,"key":"REST"}],"neow_cost":"NONE","seed_source_timestamp":36092062057165,"circlet_count":0,"master_deck":["Strike_R","Defend_R","Defend_R","Defend_R","Defend_R","Bash+1","Sentinel","Havoc+1","Pummel+1","Twin Strike","Heavy Blade","Double Tap","Bludgeon+1","Bandage Up","Havoc","Exhume","Uppercut+1","Feel No Pain+1","Carnage","Sentinel+1","Disarm+1","Infernal Blade","Armaments+1","Havoc+1","Fiend Fire","Twin Strike+1","Apotheosis","Heavy Blade+1","Parasite","Spot Weakness","Shrug It Off+1","Spot Weakness"],"relics":["Burning Blood","Odd Mushroom","Magic Flower","Tiny Chest","Golden Idol","Snecko Eye","Bag of Preparation","Lantern","Red Skull","Mercury Hourglass","Sozu","Shuriken","Happy Flower","Regal Pillow"],"potions_floor_usage":[16,16,16,23,31,33,46],"damage_taken":[{"damage":17,"enemies":"Small Slimes","floor":1,"turns":5},{"damage":4,"enemies":"2 Louse","floor":5,"turns":3},{"damage":26,"enemies":"The Mushroom Lair","floor":7,"turns":5},{"damage":28,"enemies":"Gremlin Nob","floor":8,"turns":4},{"damage":7,"enemies":"Jaw Worm","floor":13,"turns":2},{"damage":34,"enemies":"Hexaghost","floor":16,"turns":9},{"damage":19,"enemies":"Chosen","floor":18,"turns":4},{"damage":0,"enemies":"Spheric Guardian","floor":21,"turns":2},{"damage":2,"enemies":"3 Cultists","floor":22,"turns":4},{"damage":31,"enemies":"Gremlin Leader","floor":23,"turns":5},{"damage":13,"enemies":"Sentry and Sphere","floor":28,"turns":4},{"damage":21,"enemies":"Snake Plant","floor":29,"turns":6},{"damage":53,"enemies":"Slavers","floor":31,"turns":7},{"damage":33,"enemies":"Automaton","floor":33,"turns":5},{"damage":0,"enemies":"Orb Walker","floor":35,"turns":1},{"damage":3,"enemies":"3 Shapes","floor":37,"turns":3},{"damage":0,"enemies":"Transient","floor":38,"turns":5},{"damage":0,"enemies":"Writhing Mass","floor":39,"turns":4},{"damage":86,"enemies":"Nemesis","floor":40,"turns":5},{"damage":36,"enemies":"Reptomancer","floor":42,"turns":4},{"damage":0,"enemies":"Spire Growth","floor":45,"turns":2},{"damage":35,"enemies":"4 Shapes","floor":46,"turns":2}],"seed_played":"9050548910826624263","potions_obtained":[{"floor":1,"key":"Weak Potion"},{"floor":7,"key":"Energy Potion"},{"floor":8,"key":"Dexterity Potion"},{"floor":16,"key":"Strength Potion"},{"floor":18,"key":"AttackPotion"},{"floor":28,"key":"SteroidPotion"},{"floor":31,"key":"Explosive Potion"}],"is_trial":false,"path_per_floor":["M","?","?","$","M","R","?","E","T","R","?","R","M","?","R","B",null,"M","?","$","M","M","E","?","?","T","R","M","M","R","E","R","B",null,"M","$","M","M","M","E","R","E","T","?","M","M"],"character_chosen":"IRONCLAD","items_purchased":["Pummel","Bag of Preparation","Carnage","Apotheosis"],"campfire_rested":3,"item_purchase_floors":[4,20,20,36],"current_hp_per_floor":[77,77,77,77,79,79,59,37,37,37,37,37,45,23,49,30,88,84,84,84,88,88,66,66,66,66,66,68,62,62,24,50,32,88,88,88,88,88,88,17,43,22,22,22,31,0],"gold":348,"neow_bonus":"TEN_PERCENT_HP_BONUS","is_prod":false,"is_daily":false,"chose_seed":false,"campfire_upgraded":5,"win_rate":0,"timestamp":1553022985,"path_taken":["M","?","?","$","M","R","?","E","T","R","?","R","?","?","R","BOSS","M","?","$","M","M","E","?","?","T","R","M","M","R","E","R","BOSS","M","$","M","?","M","E","R","E","T","?","?","M"],"build_version":"2019-01-23","purchased_purges":1,"victory":false,"max_hp_per_floor":[88,88,88,88,88,88,88,88,88,88,88,88,88,88,88,88,88,88,88,88,88,88,88,88,88,88,88,88,88,88,88,88,88,88,88,88,88,88,88,88,88,88,88,88,88,88],"card_choices":[{"not_picked":["Rage","Combust"],"picked":"Sentinel","floor":1},{"not_picked":["Iron Wave","Hemokinesis"],"picked":"Twin Strike","floor":5},{"not_picked":["Cleave","Searing Blow"],"picked":"Heavy Blade","floor":7},{"not_picked":["Rupture","Intimidate"],"picked":"Double Tap","floor":8},{"not_picked":["Twin Strike","Perfected Strike"],"picked":"Havoc","floor":13},{"not_picked":["Berserk","Immolate"],"picked":"Exhume","floor":16},{"not_picked":["Metallicize","Rage+1"],"picked":"Uppercut","floor":18},{"not_picked":["Rage+1","Pummel"],"picked":"Sentinel+1","floor":21},{"not_picked":["Cleave+1","Anger","Iron Wave"],"picked":"SKIP","floor":22},{"not_picked":["Thunderclap","Ghostly Armor"],"picked":"Disarm+1","floor":23},{"not_picked":["Sever Soul","Warcry"],"picked":"Infernal Blade","floor":28},{"not_picked":["Entrench","Twin Strike"],"picked":"Armaments+1","floor":29},{"not_picked":["Shrug It Off","Corruption"],"picked":"Havoc+1","floor":31},{"not_picked":["Berserk","Offering"],"picked":"Fiend Fire","floor":33},{"not_picked":["Corruption+1","Body Slam+1"],"picked":"Twin Strike+1","floor":35},{"not_picked":["Pommel Strike+1","Corruption+1"],"picked":"Heavy Blade+1","floor":37},{"not_picked":["Havoc","Warcry+1","Perfected Strike"],"picked":"SKIP","floor":38},{"not_picked":["Corruption+1","Power Through"],"picked":"Spot Weakness","floor":39},{"not_picked":["Sword Boomerang","Pommel Strike"],"picked":"Shrug It Off+1","floor":40},{"not_picked":["Dark Embrace","Anger"],"picked":"Spot Weakness","floor":42},{"not_picked":["Clothesline","Battle Trance","Heavy Blade"],"picked":"SKIP","floor":45}],"player_experience":283205,"relics_obtained":[{"floor":7,"key":"Odd Mushroom"},{"floor":8,"key":"Magic Flower"},{"floor":9,"key":"Tiny Chest"},{"floor":23,"key":"Lantern"},{"floor":26,"key":"Red Skull"},{"floor":31,"key":"Mercury Hourglass"},{"floor":40,"key":"Shuriken"},{"floor":42,"key":"Happy Flower"},{"floor":43,"key":"Regal Pillow"}],"event_choices":[{"damage_healed":0,"gold_gain":0,"cards_transformed":["Strike_R"],"player_choice":"Change","damage_taken":0,"max_hp_gain":0,"max_hp_loss":0,"event_name":"Living Wall","floor":2,"gold_loss":0,"cards_obtained":["Havoc"]},{"cards_removed":["Strike_R"],"damage_healed":0,"gold_gain":0,"player_choice":"Card Removal","damage_taken":0,"max_hp_gain":0,"max_hp_loss":0,"event_name":"The Cleric","floor":3,"gold_loss":50},{"damage_healed":0,"gold_gain":0,"player_choice":"Fought Mushrooms","damage_taken":0,"max_hp_gain":0,"max_hp_loss":0,"event_name":"Mushrooms","floor":7,"gold_loss":0},{"damage_healed":0,"gold_gain":0,"player_choice":"2 cards matched","damage_taken":0,"max_hp_gain":0,"max_hp_loss":0,"event_name":"Match and Keep!","floor":11,"gold_loss":0,"cards_obtained":["Bludgeon","Bandage Up"]},{"damage_healed":0,"gold_gain":0,"player_choice":"Take Damage","damage_taken":22,"relics_obtained":["Golden Idol"],"max_hp_gain":0,"max_hp_loss":0,"event_name":"Golden Idol","floor":14,"gold_loss":0},{"damage_healed":0,"gold_gain":0,"player_choice":"Read","damage_taken":0,"max_hp_gain":0,"max_hp_loss":0,"event_name":"The Library","floor":19,"gold_loss":0,"cards_obtained":["Feel No Pain"]},{"cards_removed":["Strike_R"],"damage_healed":0,"gold_gain":0,"player_choice":"Gave Gold","damage_taken":0,"max_hp_gain":0,"max_hp_loss":0,"event_name":"Beggar","floor":24,"gold_loss":75},{"damage_healed":0,"gold_gain":0,"player_choice":"Forge","damage_taken":0,"max_hp_gain":0,"max_hp_loss":0,"event_name":"Accursed Blacksmith","floor":25,"gold_loss":0,"cards_upgraded":["Bludgeon"]},{"damage_healed":0,"gold_gain":100,"player_choice":"Pray","damage_taken":0,"max_hp_gain":0,"max_hp_loss":0,"event_name":"Golden Shrine","floor":44,"gold_loss":0}],"is_beta":false,"boss_relics":[{"not_picked":["Astrolabe","Black Blood"],"picked":"Snecko Eye"},{"not_picked":["Coffee Dripper","Orrery"],"picked":"Sozu"}],"items_purged_floors":[20],"is_endless":false,"potions_floor_spawned":[1,7,8,16,18,28,31,35,38],"killed_by":"4 Shapes","ascension_level":3}