{"gold_per_floor":[109,119,119,131,144,174,174,449,449,463,483,515,532,532],"floor_reached":14,"playtime":800,"items_purged":[],"score":104,"play_id":"68d8fbbe-456c-4a39-9f71-de0af9de45d7","local_time":"20190405114455","is_ascension_mode":false,"campfire_choices":[{"data":"Dual Wield","floor":7,"key":"SMITH"}],"neow_cost":"NONE","seed_source_timestamp":1217344438793000,"circlet_count":0,"master_deck":["Strike_R","Strike_R","Strike_R","Strike_R","Strike_R","Defend_R","Defend_R","Defend_R","Defend_R","Bash","Combust","Clash","Dual Wield+1","Fire Breathing","Headbutt","Regret","Flex","Clash","Offering","Rage"],"relics":["Burning Blood","Smiling Mask","Boot","Darkstone Periapt","Kunai"],"potions_floor_usage":[5,12,13],"damage_taken":[{"damage":1,"enemies":"Cultist","floor":1,"turns":4},{"damage":8,"enemies":"2 Louse","floor":2,"turns":3},{"damage":2,"enemies":"Jaw Worm","floor":4,"turns":3},{"damage":8,"enemies":"Exordium Wildlife","floor":5,"turns":3},{"damage":31,"enemies":"Gremlin Nob","floor":6,"turns":4},{"damage":19,"enemies":"Red Slaver","floor":10,"turns":3},{"damage":16,"enemies":"Large Slime","floor":11,"turns":3},{"damage":30,"enemies":"Lagavulin","floor":12,"turns":5},{"damage":12,"enemies":"2 Fungi Beasts","floor":13,"turns":4},{"damage":2,"enemies":"Blue Slaver","floor":14,"turns":2}],"seed_played":"2773705951027256446","potions_obtained":[{"floor":1,"key":"Block Potion"},{"floor":4,"key":"Swift Potion"},{"floor":10,"key":"FearPotion"},{"floor":11,"key":"SteroidPotion"},{"floor":12,"key":"Dexterity Potion"}],"is_trial":false,"path_per_floor":["M","M","T","M","M","E","R","?","T","M","M","E","M","M"],"character_chosen":"IRONCLAD","items_purchased":[],"campfire_rested":0,"item_purchase_floors":[],"current_hp_per_floor":[88,86,86,88,86,61,61,61,61,48,38,14,8,6],"gold":532,"neow_bonus":"TEN_PERCENT_HP_BONUS","is_prod":false,"is_daily":false,"chose_seed":false,"campfire_upgraded":1,"win_rate":0.0,"timestamp":1554457495,"path_taken":["M","M","?","M","M","E","R","?","T","M","?","E","M","M"],"build_version":"2019-01-23","purchased_purges":0,"victory":false,"max_hp_per_floor":[88,88,88,88,88,88,88,88,88,88,88,88,88,88],"card_choices":[{"not_picked":["Sever Soul","Body Slam"],"picked":"Combust","floor":1},{"not_picked":["Feel No Pain","Carnage"],"picked":"Clash","floor":2},{"not_picked":["Flex","Heavy Blade"],"picked":"Dual Wield","floor":4},{"not_picked":["Perfected Strike","Warcry"],"picked":"Fire Breathing","floor":5},{"not_picked":["Flex","Heavy Blade"],"picked":"Headbutt","floor":6},{"not_picked":["Heavy Blade","Spot Weakness"],"picked":"Flex","floor":10},{"not_picked":["Disarm","Whirlwind"],"picked":"Clash","floor":11},{"not_picked":["Power Through","Anger"],"picked":"Offering","floor":12},{"not_picked":["Headbutt","Anger"],"picked":"Rage","floor":13}],"player_experience":81955,"relics_obtained":[{"floor":3,"key":"Smiling Mask"},{"floor":6,"key":"Boot"},{"floor":9,"key":"Darkstone Periapt"},{"floor":12,"key":"Kunai"}],"event_choices":[{"damage_healed":0,"gold_gain":275,"player_choice":"Desecrate","damage_taken":0,"max_hp_gain":0,"max_hp_loss":0,"event_name":"Golden Shrine","floor":8,"gold_loss":0,"cards_obtained":["Regret"]}],"is_beta":false,"boss_relics":[],"items_purged_floors":[],"is_endless":false,"potions_floor_spawned":[1,4,10,11,12],"killed_by":"Blue Slaver","ascension_level":0}