{"gold_per_floor":[117,134,147,165,182,210,210,245,245,245,280,292,42,42,42,171,171,184,204,222,240,240,240,281,281,306,347,366,366,380,419,419,419],"floor_reached":33,"playtime":1413,"items_purged":["Strike_R"],"score":574,"play_id":"288c0f0c-a181-4dfc-a1aa-4d422f9e64d5","local_time":"20190416195403","is_ascension_mode":true,"campfire_choices":[{"data":"Bash","floor":7.0,"key":"SMITH"},{"data":"Clothesline","floor":10.0,"key":"SMITH"},{"floor":15.0,"key":"REST"},{"data":"Disarm","floor":23.0,"key":"SMITH"},{"data":"Feel No Pain","floor":29,"key":"SMITH"},{"data":"Inflame","floor":32,"key":"SMITH"}],"neow_cost":"NONE","seed_source_timestamp":0,"circlet_count":0,"master_deck":["AscendersBane","Strike_R","Strike_R","Strike_R","Strike_R","Defend_R","Defend_R","Defend_R","Defend_R","Bash+1","Clothesline+1","Anger","Combust","Immolate","Inflame+1","Immolate","Shrug It Off","Shrug It Off","Disarm+1","Reaper","Corruption+1","Shockwave+1","True Grit+1","Feel No Pain+1","Impervious","Shame","Parasite","Flame Barrier+1","Power Through+1","Flame Barrier"],"special_seed":0,"relics":["Burning Blood","The Courier","PreservedInsect","Regal Pillow","Meat on the Bone","Golden Idol","Cursed Key","MutagenicStrength","Darkstone Periapt","Letter Opener","Happy Flower","Orichalcum","Bag of Marbles"],"potions_floor_usage":[],"damage_taken":[{"damage":5.0,"enemies":"Small Slimes","floor":1.0,"turns":4.0},{"damage":5.0,"enemies":"2 Louse","floor":2.0,"turns":4.0},{"damage":2.0,"enemies":"Jaw Worm","floor":3.0,"turns":3.0},{"damage":9.0,"enemies":"3 Louse","floor":4.0,"turns":4.0},{"damage":0.0,"enemies":"Gremlin Gang","floor":5.0,"turns":2.0},{"damage":29.0,"enemies":"Lagavulin","floor":6.0,"turns":6.0},{"damage":28.0,"enemies":"Gremlin Nob","floor":8.0,"turns":4.0},{"damage":0.0,"enemies":"3 Sentries","floor":11.0,"turns":1.0},{"damage":10.0,"enemies":"Large Slime","floor":12.0,"turns":3.0},{"damage":33.0,"enemies":"Hexaghost","floor":16.0,"turns":9.0},{"damage":1.0,"enemies":"Chosen","floor":18.0,"turns":4.0},{"damage":12.0,"enemies":"3 Byrds","floor":19.0,"turns":4.0},{"damage":32.0,"enemies":"Shelled Parasite and Fungi","floor":20.0,"turns":5.0},{"damage":55.0,"enemies":"Chosen and Byrds","floor":21.0,"turns":6.0},{"damage":11.0,"enemies":"Gremlin Leader","floor":24.0,"turns":4.0},{"damage":23.0,"enemies":"Book of Stabbing","floor":27.0,"turns":5.0},{"damage":18.0,"enemies":"Centurion and Healer","floor":28.0,"turns":6.0},{"damage":15,"enemies":"Snecko","floor":30,"turns":7},{"damage":25,"enemies":"Slavers","floor":31,"turns":4},{"damage":75,"enemies":"Champ","floor":33,"turns":12}],"seed_played":"-382828611794570747","potions_obtained":[{"floor":3.0,"key":"SteroidPotion"},{"floor":5.0,"key":"Explosive Potion"},{"floor":12.0,"key":"SkillPotion"},{"floor":24.0,"key":"Block Potion"}],"is_trial":false,"path_per_floor":["M","M","M","M","M","E","R","E","T","R","E","M","$","?","R","B",null,"M","M","M","M","?","R","E","?","T","E","M","R","M","E","R","B"],"character_chosen":"IRONCLAD","items_purchased":["Meat on the Bone"],"campfire_rested":1,"item_purchase_floors":[13],"current_hp_per_floor":[81,82,86,83,88,65,65,43,43,43,49,45,45,23,64,49,78,83,83,66,35,35,35,42,48,54,58,58,58,67,60,60,0],"gold":419,"neow_bonus":"TEN_PERCENT_HP_BONUS","is_prod":false,"is_daily":false,"chose_seed":false,"campfire_upgraded":5,"win_rate":0,"timestamp":1555469643,"path_taken":["M","M","M","M","M","E","R","E","T","R","E","M","$","?","R","BOSS","M","M","M","M","?","R","E","?","T","E","M","R","M","E","R","BOSS"],"build_version":"2019-01-23","purchased_purges":1,"victory":false,"max_hp_per_floor":[88,88,88,88,88,88,88,88,88,88,88,88,88,88,88,88,88,88,88,88,88,88,88,88,94,100,100,100,100,100,100,100,100],"card_choices":[{"not_picked":["Cleave","Rage"],"picked":"Clothesline","floor":1.0},{"not_picked":["True Grit","Clash"],"picked":"Anger","floor":2.0},{"not_picked":["Iron Wave","Body Slam"],"picked":"Combust","floor":3.0},{"not_picked":["Warcry","Clash"],"picked":"Immolate","floor":4.0},{"not_picked":["Dual Wield","Rage"],"picked":"Inflame","floor":5.0},{"not_picked":["Iron Wave","Hemokinesis"],"picked":"Immolate","floor":6.0},{"not_picked":["Anger","Searing Blow"],"picked":"Shrug It Off","floor":8.0},{"not_picked":["Seeing Red","Anger"],"picked":"Shrug It Off","floor":11.0},{"not_picked":["Headbutt","Thunderclap"],"picked":"Disarm","floor":12.0},{"not_picked":["Juggernaut","Brutality"],"picked":"Reaper","floor":16.0},{"not_picked":["Combust","Hemokinesis+1"],"picked":"Corruption+1","floor":18.0},{"not_picked":["Cleave+1","Body Slam"],"picked":"Shockwave+1","floor":19.0},{"not_picked":["Thunderclap+1","Clothesline"],"picked":"True Grit+1","floor":20.0},{"not_picked":["Second Wind","Rage"],"picked":"Feel No Pain","floor":21.0},{"not_picked":["Metallicize","Body Slam"],"picked":"Impervious","floor":24.0},{"not_picked":["Flex+1","Clothesline+1"],"picked":"Flame Barrier+1","floor":27.0},{"not_picked":["True Grit","Clash","Whirlwind"],"picked":"SKIP","floor":28.0},{"not_picked":["Cleave","Rage"],"picked":"Power Through+1","floor":30},{"not_picked":["Anger","Fire Breathing"],"picked":"Flame Barrier","floor":31}],"player_experience":245146,"relics_obtained":[{"floor":6.0,"key":"The Courier"},{"floor":8.0,"key":"PreservedInsect"},{"floor":11.0,"key":"Regal Pillow"},{"floor":24.0,"key":"Darkstone Periapt"},{"floor":26.0,"key":"Happy Flower"},{"floor":27.0,"key":"Orichalcum"},{"floor":31,"key":"Bag of Marbles"}],"event_choices":[{"damage_healed":0.0,"max_hp_gain":0.0,"max_hp_loss":0.0,"gold_gain":0.0,"event_name":"Golden Idol","player_choice":"Take Damage","floor":14.0,"gold_loss":0.0,"damage_taken":22.0,"relics_obtained":["Golden Idol"]},{"damage_healed":0.0,"max_hp_gain":0.0,"max_hp_loss":0.0,"gold_gain":0.0,"event_name":"Drug Dealer","player_choice":"Inject Mutagens","floor":22.0,"gold_loss":0.0,"damage_taken":0.0,"relics_obtained":["MutagenicStrength"]},{"damage_healed":0.0,"max_hp_gain":0.0,"max_hp_loss":0.0,"gold_gain":0.0,"event_name":"Addict","player_choice":"Stole Relic","floor":25.0,"gold_loss":0.0,"damage_taken":0.0,"relics_obtained":["Letter Opener"],"cards_obtained":["Shame"]}],"is_beta":false,"boss_relics":[{"not_picked":["Runic Cube","Fusion Hammer"],"picked":"Cursed Key"}],"items_purged_floors":[13],"is_endless":false,"potions_floor_spawned":[3,5,8,12,21,24,27,28],"killed_by":"Champ","ascension_level":11}