{"gold_per_floor":[112,126,143,158,177,177,177,187,234,247,197,197,225,22,22,22],"floor_reached":16,"playtime":3318,"items_purged":["Strike_R","Defend_R"],"score":114,"play_id":"7f5225b5-724f-49b5-b34d-b8f350a90019","local_time":"20190409133050","is_ascension_mode":true,"campfire_choices":[{"data":"Rage","floor":6,"key":"SMITH"},{"data":"Pommel Strike","floor":12,"key":"SMITH"},{"data":"Pommel Strike","floor":15,"key":"SMITH"}],"neow_cost":"NONE","seed_source_timestamp":1566782294664600,"circlet_count":0,"master_deck":["Strike_R","Strike_R","Strike_R","Strike_R","Defend_R","Defend_R+1","Bash","Pommel Strike","Rage+1","Shrug It Off","Shrug It Off","Iron Wave","Pommel Strike+1","Pommel Strike+1","Entrench+1"],"relics":["Burning Blood","Smiling Mask","Pantograph","War Paint"],"potions_floor_usage":[16,16],"damage_taken":[{"damage":7,"enemies":"2 Louse","floor":1,"turns":3},{"damage":1,"enemies":"Cultist","floor":2,"turns":3},{"damage":0,"enemies":"Small Slimes","floor":3,"turns":4},{"damage":16,"enemies":"Exordium Wildlife","floor":4,"turns":4},{"damage":6,"enemies":"Looter","floor":5,"turns":3},{"damage":14,"enemies":"3 Louse","floor":8,"turns":4},{"damage":8,"enemies":"Red Slaver","floor":10,"turns":5},{"damage":20,"enemies":"Lagavulin","floor":13,"turns":8},{"damage":75,"enemies":"Slime Boss","floor":16,"turns":15}],"seed_played":"-7275113471558318031","potions_obtained":[{"floor":2,"key":"Dexterity Potion"},{"floor":8,"key":"PowerPotion"},{"floor":10,"key":"Dexterity Potion"}],"is_trial":false,"path_per_floor":["M","M","M","M","M","R","?","M","T","M","$","R","E","$","R","B"],"character_chosen":"IRONCLAD","items_purchased":["War Paint"],"campfire_rested":0,"item_purchase_floors":[14],"current_hp_per_floor":[87,88,88,78,78,78,78,70,70,68,68,68,54,54,54,4],"gold":22,"neow_bonus":"TEN_PERCENT_HP_BONUS","is_prod":false,"is_daily":false,"chose_seed":false,"campfire_upgraded":3,"win_rate":0,"timestamp":1554809450,"path_taken":["M","M","M","M","M","R","?","M","T","?","$","R","E","$","R","BOSS"],"build_version":"2019-01-23","purchased_purges":2,"victory":false,"max_hp_per_floor":[88,88,88,88,88,88,88,88,88,88,88,88,88,88,88,88],"card_choices":[{"not_picked":["Thunderclap","Uppercut"],"picked":"Pommel Strike","floor":1},{"not_picked":["Flex","Havoc"],"picked":"Rage","floor":2},{"not_picked":["Searing Blow","Metallicize"],"picked":"Shrug It Off","floor":3},{"not_picked":["Intimidate","Body Slam"],"picked":"Shrug It Off","floor":4},{"not_picked":["Rampage","Flex"],"picked":"Iron Wave","floor":5},{"not_picked":["Twin Strike","Power Through"],"picked":"Pommel Strike","floor":8},{"not_picked":["Clothesline","Sword Boomerang"],"picked":"Pommel Strike","floor":10},{"not_picked":["Battle Trance","Blood for Blood"],"picked":"Entrench","floor":13}],"player_experience":299851,"relics_obtained":[{"floor":9,"key":"Smiling Mask"},{"floor":13,"key":"Pantograph"}],"event_choices":[{"cards_removed":["Defend_R"],"damage_healed":0,"gold_gain":0,"player_choice":"Offered Basic","damage_taken":0,"max_hp_gain":0,"max_hp_loss":0,"event_name":"Bonfire Elementals","floor":7,"gold_loss":0}],"is_beta":false,"boss_relics":[],"items_purged_floors":[11,14],"is_endless":false,"potions_floor_spawned":[2,8,10],"killed_by":"Slime Boss","ascension_level":2}