{"gold_per_floor":[115,65,15,30,30,30,61,61,61,71,104,204,218,229,229,334,334,354,366,383,383,398,398,398,62,62,73,137,137,149,173,173,276,276,291,304,320,320,330,330,330],"floor_reached":41,"playtime":22832,"items_purged":[],"score":684,"play_id":"54332322-ce3b-400b-be88-9bde43602310","local_time":"20190503232812","is_ascension_mode":true,"campfire_choices":[{"data":"Zap","floor":6,"key":"SMITH"},{"floor":8,"key":"REST"},{"data":"Barrage","floor":15,"key":"SMITH"},{"floor":23,"key":"REST"},{"floor":29,"key":"REST"},{"floor":32,"key":"REST"},{"floor":40,"key":"REST"}],"neow_cost":"NONE","seed_source_timestamp":1298173866213500,"circlet_count":0,"master_deck":["AscendersBane","Strike_B+1","Defend_B+1","Defend_B+1","Defend_B","Defend_B","Zap+1","Dualcast","Barrage+1","Cold Snap","Ball Lightning","Electrodynamics","Leap","Ball Lightning","Conserve Battery","FTL","Creative AI","Consume","Cold Snap","Doom and Gloom","Conserve Battery","Coolheaded","Meteor Strike","Coolheaded","Streamline","Ball Lightning","Thunder Strike","Auto Shields","Ball Lightning+1","Parasite","White Noise"],"relics":["Cracked Core","Whetstone","Pen Nib","Oddly Smooth Stone","Ginger","Snecko Eye","Lantern","Ornamental Fan","Tiny Chest","Art of War","Lizard Tail"],"potions_floor_usage":[4,18,19,33,33,35,41],"damage_taken":[{"damage":4,"enemies":"Jaw Worm","floor":1,"turns":3},{"damage":2,"enemies":"2 Louse","floor":4,"turns":2},{"damage":13,"enemies":"3 Sentries","floor":7,"turns":6},{"damage":0,"enemies":"Cultist","floor":10,"turns":3},{"damage":12,"enemies":"Lagavulin","floor":11,"turns":6},{"damage":2,"enemies":"Looter","floor":13,"turns":3},{"damage":2,"enemies":"Large Slime","floor":14,"turns":3},{"damage":27,"enemies":"The Guardian","floor":16,"turns":9},{"damage":25,"enemies":"2 Thieves","floor":18,"turns":3},{"damage":2,"enemies":"Chosen","floor":19,"turns":4},{"damage":18,"enemies":"Snecko","floor":20,"turns":3},{"damage":12,"enemies":"Cultist and Chosen","floor":22,"turns":4},{"damage":2,"enemies":"3 Cultists","floor":27,"turns":4},{"damage":17,"enemies":"Book of Stabbing","floor":28,"turns":5},{"damage":20,"enemies":"Snake Plant","floor":30,"turns":3},{"damage":60,"enemies":"Champ","floor":33,"turns":11},{"damage":20,"enemies":"3 Shapes","floor":35,"turns":5},{"damage":12,"enemies":"3 Darklings","floor":36,"turns":3},{"damage":21,"enemies":"Spire Growth","floor":37,"turns":5},{"damage":26,"enemies":"Writhing Mass","floor":39,"turns":6},{"damage":69,"enemies":"Reptomancer","floor":41,"turns":6}],"seed_played":"31831689372598235","potions_obtained":[{"floor":4,"key":"Fruit Juice"},{"floor":11,"key":"Explosive Potion"},{"floor":13,"key":"Swift Potion"},{"floor":20,"key":"SpeedPotion"},{"floor":27,"key":"GamblersBrew"},{"floor":33,"key":"Swift Potion"},{"floor":39,"key":"SpeedPotion"}],"is_trial":false,"path_per_floor":["?","?","?","M","?","?","T","?"],"character_chosen":"DEFECT","items_purchased":["Cold Snap","Lantern","Meteor Strike","Coolheaded"],"campfire_rested":5,"item_purchase_floors":[3,25,25,25],"current_hp_per_floor":[64,64,64,67,51,51,38,62,62,62,50,50,48,46,46,19,65,40,38,20,20,8,32,58,58,58,56,39,63,43,43,67,7,62,42,30,9,9,39,63,0],"gold":330,"neow_bonus":"RANDOM_COMMON_RELIC","is_prod":false,"is_daily":false,"chose_seed":false,"campfire_upgraded":2,"win_rate":0,"timestamp":1556947692,"path_taken":["M","?","$","M","?","R","E","R","T","M","E","?","?","M","R","BOSS","M","M","M","?","M","R","?","$","T","M","E","R","M","?","R","BOSS","M","M","M","?","M","R","E"],"build_version":"2019-01-23","purchased_purges":0,"victory":false,"max_hp_per_floor":[75,75,75,80,80,80,80,80,80,80,80,80,80,80,80,80,80,80,80,80,80,80,80,80,80,80,80,80,80,80,80,80,80,80,80,80,80,80,80,80,80],"card_choices":[{"not_picked":["Streamline","Darkness"],"picked":"Barrage","floor":1},{"not_picked":["Double Energy","Stack"],"picked":"Ball Lightning","floor":4},{"not_picked":["Glacier","Beam Cell"],"picked":"Electrodynamics","floor":7},{"not_picked":["Recycle","Gash"],"picked":"Leap","floor":10},{"not_picked":["Compile Driver","Rip and Tear"],"picked":"Ball Lightning","floor":11},{"not_picked":["Sweeping Beam","Stack"],"picked":"Conserve Battery","floor":13},{"not_picked":["Ball Lightning","Rebound"],"picked":"FTL","floor":14},{"not_picked":["Biased Cognition","Amplify"],"picked":"Creative AI","floor":16},{"not_picked":["Ball Lightning","Barrage"],"picked":"Consume","floor":18},{"not_picked":["Storm","BootSequence"],"picked":"Cold Snap","floor":19},{"not_picked":["Rebound","Streamline"],"picked":"Doom and Gloom","floor":20},{"not_picked":["Fusion","Beam Cell","Rebound"],"picked":"SKIP","floor":22},{"not_picked":["Chaos","Hologram+1"],"picked":"Streamline","floor":27},{"not_picked":["Chaos","Scrape","Undo+1"],"picked":"SKIP","floor":28},{"not_picked":["Barrage","Static Discharge"],"picked":"Ball Lightning","floor":30},{"not_picked":["Core Surge","Amplify"],"picked":"Thunder Strike","floor":33},{"not_picked":["Barrage","Darkness","Redo+1"],"picked":"SKIP","floor":35},{"not_picked":["Compile Driver","Steam"],"picked":"Auto Shields","floor":36},{"not_picked":["Recycle+1","FTL"],"picked":"Ball Lightning+1","floor":37},{"not_picked":["Barrage","Leap+1"],"picked":"White Noise","floor":39}],"player_experience":649712,"relics_obtained":[{"floor":7,"key":"Pen Nib"},{"floor":9,"key":"Oddly Smooth Stone"},{"floor":11,"key":"Ginger"},{"floor":26,"key":"Ornamental Fan"},{"floor":28,"key":"Tiny Chest"},{"floor":31,"key":"Art of War"}],"event_choices":[{"cards_removed":["Strike_B"],"damage_healed":0,"gold_gain":0,"player_choice":"Card Removal","damage_taken":0,"max_hp_gain":0,"max_hp_loss":0,"event_name":"The Cleric","floor":2,"gold_loss":50},{"damage_healed":0,"gold_gain":0,"player_choice":"Entered Light","damage_taken":16,"max_hp_gain":0,"max_hp_loss":0,"event_name":"Shining Light","floor":5,"gold_loss":0,"cards_upgraded":["Defend_B","Defend_B"]},{"damage_healed":0,"gold_gain":100,"player_choice":"Pray","damage_taken":0,"max_hp_gain":0,"max_hp_loss":0,"event_name":"Golden Shrine","floor":12,"gold_loss":0},{"damage_healed":0,"gold_gain":0,"cards_transformed":["Strike_B","Strike_B"],"player_choice":"Became Test Subject","damage_taken":0,"max_hp_gain":0,"max_hp_loss":0,"event_name":"Drug Dealer","floor":21,"gold_loss":0,"cards_obtained":["Conserve Battery","Coolheaded"]},{"damage_healed":26,"gold_gain":0,"player_choice":"Heal","damage_taken":0,"max_hp_gain":0,"max_hp_loss":0,"event_name":"The Library","floor":24,"gold_loss":0},{"damage_healed":0,"gold_gain":0,"player_choice":"Ignored","damage_taken":0,"max_hp_gain":0,"max_hp_loss":0,"event_name":"Mysterious Sphere","floor":38,"gold_loss":0}],"is_beta":false,"boss_relics":[{"not_picked":["White Beast Statue","Inserter"],"picked":"Snecko Eye"},{"not_picked":["Empty Cage","Calling Bell"],"picked":"Lizard Tail"}],"items_purged_floors":[],"is_endless":false,"potions_floor_spawned":[4,11,13,16,20,27,33,39],"killed_by":"Reptomancer","ascension_level":11}