{"gold_per_floor":[10,85,100,100,117,117,150,168,194,194,221,238,264,46,46,120,120,140,152,77,57,71,71],"floor_reached":23,"playtime":682,"items_purged":["Strike_R"],"score":380,"play_id":"7dcd19f3-84ff-415c-9f6c-26faaed58ca6","local_time":"20190505221956","is_ascension_mode":true,"campfire_choices":[{"data":"Double Tap","floor":6,"key":"SMITH"},{"data":"Whirlwind","floor":10,"key":"SMITH"},{"floor":15,"key":"REST"}],"neow_cost":"NO_GOLD","seed_source_timestamp":512504178699600,"circlet_count":0,"master_deck":["AscendersBane","Strike_R","Strike_R","Strike_R","Defend_R","Defend_R","Defend_R","Defend_R","Bash","Double Tap+1","Pommel Strike","Shrug It Off","Wild Strike","Whirlwind+1","Havoc","Demon Form","Warcry","Flame Barrier","Battle Trance","Cleave+1"],"relics":["Burning Blood","Strawberry","Orichalcum","Centennial Puzzle","PreservedInsect","Brimstone","Black Star"],"potions_floor_usage":[7,7,22,22,22,22,23],"damage_taken":[{"damage":12,"enemies":"Jaw Worm","floor":1,"turns":3},{"damage":1,"enemies":"Cultist","floor":3,"turns":3},{"damage":8,"enemies":"Small Slimes","floor":5,"turns":2},{"damage":30,"enemies":"Gremlin Nob","floor":7,"turns":4},{"damage":18,"enemies":"Red Slaver","floor":8,"turns":4},{"damage":9,"enemies":"3 Sentries","floor":11,"turns":4},{"damage":10,"enemies":"Blue Slaver","floor":12,"turns":3},{"damage":17,"enemies":"Gremlin Nob","floor":13,"turns":4},{"damage":23,"enemies":"Slime Boss","floor":16,"turns":6},{"damage":22,"enemies":"Spheric Guardian","floor":18,"turns":4},{"damage":33,"enemies":"Chosen","floor":19,"turns":5},{"damage":17,"enemies":"Snake Plant","floor":22,"turns":3},{"damage":13,"enemies":"Slavers","floor":23,"turns":2}],"seed_played":"2282947705700815180","potions_obtained":[{"floor":1,"key":"SkillPotion"},{"floor":5,"key":"Fire Potion"},{"floor":13,"key":"Ancient Potion"},{"floor":21,"key":"EntropicBrew"},{"floor":22,"key":"Fire Potion"}],"is_trial":false,"path_per_floor":["M","?","M","?","M","R","E","M","T","R","E","M","E","$","R","B",null,"M","M","$","?","M","E"],"character_chosen":"IRONCLAD","items_purchased":["Brimstone"],"campfire_rested":1,"item_purchase_floors":[14],"current_hp_per_floor":[62,51,56,56,54,54,37,25,25,25,22,18,7,7,31,14,65,49,22,22,22,11,0],"gold":71,"neow_bonus":"THREE_RARE_CARDS","is_prod":false,"is_daily":false,"chose_seed":false,"campfire_upgraded":2,"win_rate":0,"timestamp":1557087596,"path_taken":["M","?","M","?","?","R","E","M","T","R","E","M","E","$","R","BOSS","M","M","?","?","M","E"],"build_version":"2019-01-23","purchased_purges":1,"victory":false,"max_hp_per_floor":[75,75,75,75,75,75,82,82,82,82,82,82,82,82,82,82,82,82,82,82,82,82,82],"card_choices":[{"not_picked":["Exhume","Bludgeon"],"picked":"Double Tap","floor":0},{"not_picked":["Rage","Rampage"],"picked":"Pommel Strike","floor":1},{"not_picked":["Cleave","Heavy Blade"],"picked":"Shrug It Off","floor":3},{"not_picked":["Iron Wave","Hemokinesis"],"picked":"Whirlwind","floor":5},{"not_picked":["Body Slam","Flex"],"picked":"Havoc","floor":7},{"not_picked":["Perfected Strike","Wild Strike","Thunderclap"],"picked":"SKIP","floor":8},{"not_picked":["Entrench","Shockwave"],"picked":"Demon Form","floor":11},{"not_picked":["Bloodletting","Whirlwind"],"picked":"Warcry","floor":12},{"not_picked":["Whirlwind","Perfected Strike","Pommel Strike"],"picked":"SKIP","floor":13},{"not_picked":["Warcry+1","Spot Weakness+1"],"picked":"Flame Barrier","floor":18},{"not_picked":["Havoc","Ghostly Armor"],"picked":"Battle Trance","floor":19},{"not_picked":["Thunderclap","Havoc"],"picked":"Cleave+1","floor":22}],"player_experience":1129841,"relics_obtained":[{"floor":7,"key":"Strawberry"},{"floor":9,"key":"Orichalcum"},{"floor":11,"key":"Centennial Puzzle"},{"floor":13,"key":"PreservedInsect"}],"event_choices":[{"damage_healed":0,"gold_gain":75,"player_choice":"Gather Gold","damage_taken":11,"max_hp_gain":0,"max_hp_loss":0,"event_name":"World of Goop","floor":2,"gold_loss":0},{"damage_healed":0,"gold_gain":0,"cards_transformed":["Strike_R"],"player_choice":"Transformed","damage_taken":0,"max_hp_gain":0,"max_hp_loss":0,"event_name":"Transmorgrifier","floor":4,"gold_loss":0,"cards_obtained":["Wild Strike"]},{"damage_healed":0,"gold_gain":0,"player_choice":"Bought 1 Potion","damage_taken":0,"max_hp_gain":0,"max_hp_loss":0,"event_name":"The Woman in Blue","floor":21,"gold_loss":0}],"is_beta":false,"boss_relics":[{"not_picked":["Runic Pyramid","Cursed Key"],"picked":"Black Star"}],"items_purged_floors":[20],"is_endless":false,"potions_floor_spawned":[1,5,13,22],"killed_by":"Slavers","ascension_level":16}