{"gold_per_floor":[118,129,129,204,204,239,252,252,252,2,29,47,73,83,83,184,234,249,164,164,64,163,163,175,205,232,252,252,270,2,39,51,161,173,203,215,242,269,281],"floor_reached":39,"playtime":2156,"items_purged":["Strike_B","Zap","Strike_B"],"score":615,"play_id":"438eb670-eb80-4ffd-89fb-80957e54a0cc","local_time":"20181128050748","is_ascension_mode":true,"campfire_choices":[{"data":"Darkness","floor":8,"key":"SMITH"},{"floor":15,"key":"REST"},{"data":"Mayhem","floor":23,"key":"SMITH"},{"floor":28,"key":"REST"},{"floor":32,"key":"REST"}],"neow_cost":"NONE","seed_source_timestamp":746074912868166,"circlet_count":0,"master_deck":["Strike_B+1","Strike_B","Defend_B","Defend_B","Defend_B","Defend_B","Dualcast","Redo","Darkness+1","Rebound+1","Mayhem+1","Melter+1","Glacier+1","Self Repair","Multi-Cast+1","Doom and Gloom","Redo+1","Coolheaded+1","Redo+1","Echo Form","Reboot+1","Turbo+1"],"relics":["FrozenCore","NeowsBlessing","Cables","Du-Vu Doll","Question Card","Odd Mushroom","Toxic Egg 2","Tiny House","Dream Catcher","Whetstone","Strawberry","Orichalcum","MawBank","Juzu Bracelet"],"potions_floor_usage":[11,12,14,24,24,25,27,35],"damage_taken":[{"damage":0,"enemies":"Jaw Worm","floor":1,"turns":1},{"damage":0,"enemies":"Small Slimes","floor":2,"turns":1},{"damage":0,"enemies":"3 Sentries","floor":6,"turns":1},{"damage":0,"enemies":"2 Louse","floor":7,"turns":3},{"damage":14,"enemies":"The Mushroom Lair","floor":11,"turns":4},{"damage":0,"enemies":"2 Fungi Beasts","floor":12,"turns":2},{"damage":18,"enemies":"Gremlin Nob","floor":13,"turns":3},{"damage":19,"enemies":"Exordium Wildlife","floor":14,"turns":3},{"damage":16,"enemies":"Hexaghost","floor":16,"turns":11},{"damage":0,"enemies":"Spheric Guardian","floor":18,"turns":2},{"damage":8,"enemies":"3 Byrds","floor":24,"turns":2},{"damage":22,"enemies":"Gremlin Leader","floor":25,"turns":6},{"damage":17,"enemies":"Centurion and Healer","floor":27,"turns":3},{"damage":3,"enemies":"Snake Plant","floor":29,"turns":5},{"damage":34,"enemies":"Book of Stabbing","floor":31,"turns":7},{"damage":24,"enemies":"Champ","floor":33,"turns":9},{"damage":17,"enemies":"3 Shapes","floor":35,"turns":5},{"damage":44,"enemies":"3 Darklings","floor":37,"turns":10},{"damage":18,"enemies":"4 Shapes","floor":38,"turns":7},{"damage":34,"enemies":"Maw","floor":39,"turns":7}],"seed_played":"2698754559213179143","potions_obtained":[{"floor":7,"key":"SteroidPotion"},{"floor":11,"key":"PowerPotion"},{"floor":13,"key":"Energy Potion"},{"floor":16,"key":"PowerPotion"},{"floor":17,"key":"LiquidBronze"},{"floor":24,"key":"LiquidBronze"},{"floor":25,"key":"Fire Potion"},{"floor":27,"key":"SteroidPotion"}],"is_trial":false,"path_per_floor":["M","M","?","?","?","E","M","R","T","$","?","M","E","M","R","B",null,"M","?","T","$","?","R","M","E","T","M","R","M","$","E","R","B",null,"M","?","M","M","M"],"character_chosen":"DEFECT","items_purchased":["Mayhem","MawBank"],"campfire_rested":3,"item_purchase_floors":[10,30],"current_hp_per_floor":[68,68,73,62,59,59,59,59,59,59,45,45,27,8,32,23,71,71,71,71,71,71,71,70,62,62,52,79,83,83,56,83,66,86,76,76,39,28,0],"gold":281,"neow_bonus":"THREE_ENEMY_KILL","is_prod":false,"is_daily":false,"chose_seed":false,"campfire_upgraded":2,"win_rate":0,"timestamp":1543378068,"path_taken":["M","M","?","?","?","E","M","R","T","$","?","M","E","M","R","BOSS","M","?","?","$","?","R","M","E","T","M","R","M","?","E","R","BOSS","M","?","M","M","M"],"build_version":"2018-11-15","purchased_purges":3,"victory":false,"max_hp_per_floor":[75,75,80,80,80,80,80,80,80,80,80,80,80,80,80,80,85,85,85,85,85,85,85,85,92,92,92,92,92,92,92,92,92,92,92,92,92,92,92],"card_choices":[{"not_picked":["Hologram","Auto Shields"],"picked":"Redo","floor":1},{"not_picked":["Lockon","Steam","Turbo"],"picked":"SKIP","floor":2},{"not_picked":["Coolheaded","Turbo"],"picked":"Darkness","floor":6},{"not_picked":["Sweeping Beam","Leap"],"picked":"Rebound","floor":7},{"not_picked":["Beam Cell","Storm","Go for the Eyes"],"picked":"Melter","floor":11},{"not_picked":["Chill","Conserve Battery","Leap","Barrage"],"picked":"SKIP","floor":12},{"not_picked":["Ball Lightning","Force Field","Creative AI"],"picked":"Glacier","floor":13},{"not_picked":["Compile Driver","Gash","Consume+1"],"picked":"Self Repair","floor":14},{"not_picked":["Fission+1","Electrodynamics","Biased Cognition"],"picked":"Multi-Cast+1","floor":16},{"not_picked":["Beam Cell","Cold Snap","Chaos+1"],"picked":"Doom and Gloom","floor":17},{"not_picked":["Steam+1","Heatsinks","Glacier+1"],"picked":"Redo+1","floor":18},{"not_picked":["Steam+1","Lockon+1","Rebound","Go for the Eyes"],"picked":"SKIP","floor":24},{"not_picked":["Sunder","Cold Snap","Double Energy+1"],"picked":"Coolheaded+1","floor":25},{"not_picked":["Rebound","Turbo+1","Scrape"],"picked":"Redo+1","floor":27},{"not_picked":["Conserve Battery+1","Beam Cell","Scrape"],"picked":"Echo Form","floor":28},{"not_picked":["Defragment","Barrage","Double Energy+1","Beam Cell"],"picked":"SKIP","floor":29},{"not_picked":["Cold Snap+1","Steam+1","Turbo+1"],"picked":"Reboot+1","floor":31},{"not_picked":["Compile Driver+1","Steam+1","Coolheaded+1","Redo+1"],"picked":"SKIP","floor":35},{"not_picked":["Beam Cell+1","Tempest+1","Cold Snap","Multi-Cast+1"],"picked":"SKIP","floor":37},{"not_picked":["Streamline+1","Storm+1","Scrape"],"picked":"Turbo+1","floor":38}],"player_experience":263085,"relics_obtained":[{"floor":6,"key":"Du-Vu Doll"},{"floor":9,"key":"Question Card"},{"floor":11,"key":"Odd Mushroom"},{"floor":13,"key":"Toxic Egg 2"},{"floor":20,"key":"Whetstone"},{"floor":25,"key":"Strawberry"},{"floor":26,"key":"Orichalcum"},{"floor":31,"key":"Juzu Bracelet"}],"event_choices":[{"damage_healed":0,"gold_gain":0,"player_choice":"Donut","damage_taken":0,"max_hp_gain":5,"max_hp_loss":0,"event_name":"Big Fish","floor":3,"gold_loss":0},{"damage_healed":0,"gold_gain":75,"player_choice":"Gather Gold","damage_taken":11,"max_hp_gain":0,"max_hp_loss":0,"event_name":"World of Goop","floor":4,"gold_loss":0},{"damage_healed":0,"gold_gain":0,"player_choice":"Success","damage_taken":3,"relics_obtained":["Cables"],"max_hp_gain":0,"max_hp_loss":0,"event_name":"Scrap Ooze","floor":5,"gold_loss":0},{"damage_healed":0,"gold_gain":0,"player_choice":"Fought Mushrooms","damage_taken":0,"max_hp_gain":0,"max_hp_loss":0,"event_name":"Mushrooms","floor":11,"gold_loss":0},{"damage_healed":0,"gold_gain":0,"player_choice":"Obtained Relic","damage_taken":0,"relics_obtained":["Dream Catcher"],"max_hp_gain":0,"max_hp_loss":0,"event_name":"Addict","floor":19,"gold_loss":85},{"damage_healed":0,"gold_gain":99,"player_choice":"Stole From Cult","damage_taken":0,"max_hp_gain":0,"max_hp_loss":0,"event_name":"Nest","floor":22,"gold_loss":0},{"damage_healed":0,"gold_gain":0,"player_choice":"Ignored","damage_taken":0,"max_hp_gain":0,"max_hp_loss":0,"event_name":"Tomb of Lord Red Mask","floor":36,"gold_loss":0}],"is_beta":false,"boss_relics":[{"not_picked":["Fusion Hammer","Ectoplasm"],"picked":"Tiny House"},{"not_picked":["Nuclear Battery","Lizard Tail"],"picked":"FrozenCore"}],"items_purged_floors":[10,21,30],"is_endless":false,"potions_floor_spawned":[7,11,13,16,24,25,27],"killed_by":"Maw","ascension_level":6}