{"gold_per_floor":[113,133,133,110,129,129,163,163,187,220,220],"floor_reached":11,"playtime":670,"items_purged":[],"score":130,"play_id":"3028a14b-fa4f-4705-ae5b-91f65c7470d8","local_time":"20190503103443","is_ascension_mode":true,"campfire_choices":[{"data":"Warcry","floor":6,"key":"SMITH"},{"data":"Bash","floor":8,"key":"SMITH"}],"neow_cost":"NONE","seed_source_timestamp":297403512177100,"circlet_count":0,"master_deck":["AscendersBane","Strike_R","Strike_R","Strike_R","Strike_R","Defend_R","Defend_R","Defend_R","Defend_R","Bash+1","Sentinel","Warcry+1","Shrug It Off","Headbutt","Battle Trance","Uppercut"],"relics":["Burning Blood","NeowsBlessing","Lantern","Dream Catcher","Paper Frog"],"potions_floor_usage":[],"damage_taken":[{"damage":0,"enemies":"Cultist","floor":1,"turns":1},{"damage":0,"enemies":"Jaw Worm","floor":2,"turns":1},{"damage":0,"enemies":"Small Slimes","floor":5,"turns":1},{"damage":47,"enemies":"Gremlin Nob","floor":7,"turns":5},{"damage":37,"enemies":"3 Sentries","floor":10,"turns":11},{"damage":9,"enemies":"Exordium Thugs","floor":11,"turns":2}],"seed_played":"199814143119738067","potions_obtained":[{"floor":1,"key":"SpeedPotion"}],"is_trial":false,"path_per_floor":["M","M","?","$","M","R","E","R","T","E","M"],"character_chosen":"IRONCLAD","items_purchased":["Shrug It Off"],"campfire_rested":0,"item_purchase_floors":[4],"current_hp_per_floor":[78,80,80,80,80,80,39,39,39,8,0],"gold":220,"neow_bonus":"THREE_ENEMY_KILL","is_prod":false,"is_daily":false,"chose_seed":false,"campfire_upgraded":2,"win_rate":0,"timestamp":1556872483,"path_taken":["M","?","?","$","M","R","E","R","T","E","?"],"build_version":"2019-01-23","purchased_purges":0,"victory":false,"max_hp_per_floor":[80,80,80,80,80,80,80,80,80,80,80],"card_choices":[{"not_picked":["Rage","Armaments"],"picked":"Sentinel","floor":1},{"not_picked":["Perfected Strike","Iron Wave"],"picked":"Warcry","floor":2},{"not_picked":["Iron Wave","Flex"],"picked":"Headbutt","floor":5},{"not_picked":["Berserk","Pommel Strike"],"picked":"Battle Trance","floor":7},{"not_picked":["Hemokinesis","Evolve"],"picked":"Uppercut","floor":10}],"player_experience":1010891,"relics_obtained":[{"floor":7,"key":"Lantern"},{"floor":9,"key":"Dream Catcher"},{"floor":10,"key":"Paper Frog"}],"event_choices":[{"cards_removed":["Strike_R"],"damage_healed":0,"gold_gain":0,"player_choice":"Card Removal","damage_taken":0,"max_hp_gain":0,"max_hp_loss":0,"event_name":"Wheel of Change","floor":3,"gold_loss":0}],"is_beta":false,"boss_relics":[],"items_purged_floors":[],"is_endless":false,"potions_floor_spawned":[1],"killed_by":"Exordium Thugs","ascension_level":12}