{"gold_per_floor":[110,110,125,200,54,89,89,123,198,209,229,239,239,164,164,164],"floor_reached":16,"playtime":774,"items_purged":["Strike_R"],"score":116,"play_id":"47f9cd9b-281a-48a3-8862-8cc16c36348e","local_time":"20190408192226","is_ascension_mode":true,"campfire_choices":[{"floor":7,"key":"REST"},{"floor":15,"key":"REST"}],"neow_cost":"NONE","seed_source_timestamp":110708489734452,"circlet_count":0,"master_deck":["Strike_R","Strike_R","Strike_R","Defend_R","Defend_R","Defend_R","Defend_R","Bash","Entrench","Body Slam","Ghostly Armor","Demon Form"],"relics":["Burning Blood","Juzu Bracelet","Dream Catcher","Dodecahedron","Shuriken"],"potions_floor_usage":[6,6,6,6,8,8,11],"damage_taken":[{"damage":6,"enemies":"Cultist","floor":1,"turns":4},{"damage":3,"enemies":"2 Louse","floor":3,"turns":4},{"damage":17,"enemies":"3 Sentries","floor":6,"turns":13},{"damage":60,"enemies":"Lagavulin","floor":8,"turns":9},{"damage":0,"enemies":"Small Slimes","floor":10,"turns":3},{"damage":2,"enemies":"Looter","floor":11,"turns":4},{"damage":12,"enemies":"2 Fungi Beasts","floor":12,"turns":6},{"damage":54,"enemies":"Hexaghost","floor":16,"turns":9}],"seed_played":"-8133821223469656243","potions_obtained":[{"floor":0,"key":"Strength Potion"},{"floor":0,"key":"SkillPotion"},{"floor":0,"key":"EntropicBrew"},{"floor":8,"key":"SpeedPotion"},{"floor":11,"key":"SneckoOil"}],"is_trial":false,"path_per_floor":["M","?","M","?","$","E","R","E","T","M","M","M","?","$","R","B"],"character_chosen":"IRONCLAD","items_purchased":["Juzu Bracelet"],"campfire_rested":2,"item_purchase_floors":[5],"current_hp_per_floor":[80,73,76,65,65,54,78,24,24,30,34,28,28,28,52,0],"gold":164,"neow_bonus":"THREE_SMALL_POTIONS","is_prod":false,"is_daily":false,"chose_seed":false,"campfire_upgraded":0,"win_rate":0,"timestamp":1554744146,"path_taken":["M","?","M","?","$","E","R","E","T","M","M","M","?","$","R","BOSS"],"build_version":"2019-01-23","purchased_purges":1,"victory":false,"max_hp_per_floor":[80,80,80,80,80,80,80,80,80,80,80,80,80,80,80,80],"card_choices":[{"not_picked":["Wild Strike","Bloodletting"],"picked":"Entrench","floor":1},{"not_picked":["Sentinel","Armaments","Wild Strike"],"picked":"SKIP","floor":3},{"not_picked":["Disarm","Pommel Strike","Cleave"],"picked":"SKIP","floor":6},{"not_picked":["Clash","True Grit"],"picked":"Body Slam","floor":7},{"not_picked":["Inflame","Battle Trance"],"picked":"Ghostly Armor","floor":8},{"not_picked":["Perfected Strike","Clothesline","Sword Boomerang"],"picked":"SKIP","floor":10},{"not_picked":["Sword Boomerang","Cleave","Rampage"],"picked":"SKIP","floor":11},{"not_picked":["Second Wind","Flex","Perfected Strike"],"picked":"SKIP","floor":12},{"not_picked":["Sentinel","Perfected Strike"],"picked":"Demon Form","floor":15}],"player_experience":325330,"relics_obtained":[{"floor":6,"key":"Dream Catcher"},{"floor":8,"key":"Dodecahedron"},{"floor":9,"key":"Shuriken"}],"event_choices":[{"cards_removed":["Strike_R"],"damage_healed":0,"gold_gain":0,"player_choice":"Card Removal","damage_taken":7,"max_hp_gain":0,"max_hp_loss":0,"event_name":"Golden Wing","floor":2,"gold_loss":0},{"damage_healed":0,"gold_gain":75,"player_choice":"Gather Gold","damage_taken":11,"max_hp_gain":0,"max_hp_loss":0,"event_name":"World of Goop","floor":4,"gold_loss":0},{"damage_healed":0,"gold_gain":0,"player_choice":"Ignored","damage_taken":0,"max_hp_gain":0,"max_hp_loss":0,"event_name":"WeMeetAgain","floor":13,"gold_loss":0}],"is_beta":false,"boss_relics":[],"items_purged_floors":[14],"is_endless":false,"potions_floor_spawned":[8,11],"killed_by":"Hexaghost","ascension_level":1}