{"gold_per_floor":[111,125,125,125,143,143,173,173,173,173,203,203,216,181,181,282,282,295,313,313],"floor_reached":20,"playtime":1417,"items_purged":[],"score":255,"play_id":"c9fd8c86-a62b-4af9-a050-8949e2259315","local_time":"20190406144955","is_ascension_mode":true,"campfire_choices":[{"data":"Defragment","floor":6,"key":"SMITH"},{"floor":8,"key":"REST"},{"floor":10,"key":"REST"},{"floor":12,"key":"REST"},{"floor":15,"key":"REST"}],"neow_cost":"NONE","seed_source_timestamp":134424505579638,"circlet_count":0,"master_deck":["Strike_B","Strike_B","Strike_B","Defend_B","Defend_B","Defend_B","Defend_B","Zap","Dualcast","White Noise","Defragment+1","Heatsinks","Rip and Tear","Loop","Leap","Echo Form","Stack","Undo+1"],"relics":["Lizard Tail","Kunai","Singing Bowl","Oddly Smooth Stone","Snecko Eye"],"potions_floor_usage":[7,16],"damage_taken":[{"damage":17,"enemies":"Small Slimes","floor":1,"turns":4},{"damage":12,"enemies":"2 Louse","floor":2,"turns":3},{"damage":3,"enemies":"Jaw Worm","floor":5,"turns":5},{"damage":45,"enemies":"Gremlin Nob","floor":7,"turns":5},{"damage":35,"enemies":"Lagavulin","floor":11,"turns":6},{"damage":35,"enemies":"Exordium Wildlife","floor":13,"turns":5},{"damage":26,"enemies":"Slime Boss","floor":16,"turns":9},{"damage":16,"enemies":"Shell Parasite","floor":18,"turns":6},{"damage":48,"enemies":"Spheric Guardian","floor":19,"turns":8},{"damage":43,"enemies":"Cultist and Chosen","floor":20,"turns":6}],"seed_played":"9188420442737835288","potions_obtained":[{"floor":2,"key":"SpeedPotion"},{"floor":7,"key":"SkillPotion"},{"floor":13,"key":"Energy Potion"}],"is_trial":false,"path_per_floor":["?","?","?"],"character_chosen":"DEFECT","items_purchased":[],"campfire_rested":4,"item_purchase_floors":[],"current_hp_per_floor":[51,39,32,57,54,54,9,31,31,53,18,40,5,23,45,19,61,45,37,0],"gold":313,"neow_bonus":"BOSS_RELIC","is_prod":false,"is_daily":false,"chose_seed":false,"campfire_upgraded":1,"win_rate":0,"timestamp":1554583795,"path_taken":["M","M","?","?","M","R","E","R","T","R","E","R","M","?","R","BOSS","M","M","M"],"build_version":"2019-01-23","purchased_purges":0,"victory":false,"max_hp_per_floor":[75,75,75,75,75,75,75,75,75,75,75,75,75,75,75,75,75,75,75,75],"card_choices":[{"not_picked":["Cold Snap","Hologram"],"picked":"White Noise","floor":1},{"not_picked":["Melter","Barrage"],"picked":"Defragment","floor":2},{"not_picked":["Rebound","Go for the Eyes"],"picked":"Heatsinks","floor":5},{"not_picked":["Conserve Battery","Streamline"],"picked":"Rip and Tear","floor":7},{"not_picked":["Scrape","Defragment"],"picked":"Loop","floor":11},{"not_picked":["Barrage","Hello World"],"picked":"Leap","floor":13},{"not_picked":["Core Surge","All For One"],"picked":"Echo Form","floor":16},{"not_picked":["Leap","Rip and Tear"],"picked":"Stack","floor":18},{"not_picked":["Cold Snap","Beam Cell+1"],"picked":"Undo+1","floor":19}],"player_experience":532576,"relics_obtained":[{"floor":7,"key":"Kunai"},{"floor":9,"key":"Singing Bowl"},{"floor":11,"key":"Oddly Smooth Stone"}],"event_choices":[{"cards_removed":["Strike_B"],"damage_healed":0,"gold_gain":0,"player_choice":"Card Removal","damage_taken":7,"max_hp_gain":0,"max_hp_loss":0,"event_name":"Golden Wing","floor":3,"gold_loss":0},{"damage_healed":25,"gold_gain":0,"player_choice":"Banana","damage_taken":0,"max_hp_gain":0,"max_hp_loss":0,"event_name":"Big Fish","floor":4,"gold_loss":0},{"damage_healed":18,"gold_gain":0,"player_choice":"Healed","damage_taken":0,"max_hp_gain":0,"max_hp_loss":0,"event_name":"The Cleric","floor":14,"gold_loss":35}],"is_beta":false,"boss_relics":[{"not_picked":["Orrery","Black Star"],"picked":"Snecko Eye"}],"items_purged_floors":[],"is_endless":false,"potions_floor_spawned":[2,7,13],"killed_by":"Cultist and Chosen","ascension_level":8}