{"gold_per_floor":[117,117,132,132,57,89,89,89,89,102,130,150,169,183,183,286,286,304,304,204,119,59,59],"floor_reached":23,"playtime":1029,"items_purged":["Strike_R","Writhe"],"score":224,"play_id":"ff55c42a-a905-4b1c-88a1-15f8c9f19265","local_time":"20181025151028","is_ascension_mode":false,"campfire_choices":[{"data":"Entrench","floor":7,"key":"SMITH"},{"data":"Body Slam","floor":15,"key":"SMITH"}],"neow_cost":"NONE","seed_source_timestamp":169789751076444,"circlet_count":0,"master_deck":["Strike_R","Strike_R","Strike_R","Strike_R","Defend_R","Defend_R","Defend_R","Defend_R","Bash","Sword Boomerang","Armaments+1","Entrench+1","True Grit","Body Slam+1","Impervious","Dual Wield","Body Slam+1"],"relics":["Black Blood","Pantograph","Self Forming Clay","WingedGreaves","Matryoshka","Pear"],"potions_floor_usage":[11,11,11,16,23],"damage_taken":[{"damage":11,"enemies":"2 Louse","floor":1,"turns":3},{"damage":1,"enemies":"Cultist","floor":3,"turns":4},{"damage":42,"enemies":"Lagavulin","floor":6,"turns":8},{"damage":5,"enemies":"Small Slimes","floor":10,"turns":6},{"damage":15,"enemies":"3 Sentries","floor":11,"turns":9},{"damage":7,"enemies":"Looter","floor":12,"turns":4},{"damage":6,"enemies":"Exordium Wildlife","floor":13,"turns":6},{"damage":3,"enemies":"3 Louse","floor":14,"turns":5},{"damage":54,"enemies":"The Guardian","floor":16,"turns":18},{"damage":37,"enemies":"Chosen","floor":18,"turns":8},{"damage":20,"enemies":"2 Thieves","floor":22,"turns":4},{"damage":71,"enemies":"Slavers","floor":23,"turns":4}],"seed_played":"-7057897782040694300","potions_obtained":[{"floor":1,"key":"Explosive Potion"},{"floor":6,"key":"Block Potion"},{"floor":10,"key":"BloodPotion"},{"floor":14,"key":"SteroidPotion"},{"floor":16,"key":"EssenceOfSteel"}],"is_trial":false,"path_per_floor":["M","?","M","?","$","E","R","?","T","M","E","M","M","M","R","B",null,"M","?","$","?","M"],"character_chosen":"IRONCLAD","items_purchased":[],"campfire_rested":0,"item_purchase_floors":[],"current_hp_per_floor":[75,75,80,85,85,49,49,41,41,42,41,40,40,43,43,20,85,58,58,58,68,58,0],"gold":59,"neow_bonus":"THREE_CARDS","is_prod":false,"is_daily":false,"chose_seed":false,"campfire_upgraded":2,"win_rate":0,"timestamp":1540505428,"path_taken":["M","?","M","?","?","E","R","?","T","M","E","?","M","M","R","BOSS","M","?","$","?","M","E"],"build_version":"2018-10-18","purchased_purges":2,"victory":false,"max_hp_per_floor":[80,80,80,85,85,85,85,85,85,85,85,85,85,85,85,85,85,85,85,85,95,95,95],"card_choices":[{"not_picked":["Wild Strike","Heavy Blade"],"picked":"Sword Boomerang","floor":0},{"not_picked":["Sentinel","Perfected Strike"],"picked":"Armaments","floor":1},{"not_picked":["Rupture","Perfected Strike"],"picked":"Entrench","floor":3},{"not_picked":["Twin Strike","Burning Pact","Feel No Pain"],"picked":"SKIP","floor":6},{"not_picked":["Warcry","Pommel Strike","Intimidate"],"picked":"SKIP","floor":10},{"not_picked":["Headbutt","Second Wind","Sword Boomerang"],"picked":"SKIP","floor":11},{"not_picked":["Ghostly Armor","Perfected Strike"],"picked":"True Grit","floor":12},{"not_picked":["Entrench","Impervious"],"picked":"Body Slam","floor":13},{"not_picked":["Wild Strike","Body Slam","Sever Soul"],"picked":"SKIP","floor":14},{"not_picked":["Reaper","Immolate"],"picked":"Impervious","floor":16},{"not_picked":["Sword Boomerang","Cleave"],"picked":"Dual Wield","floor":18},{"not_picked":["Uppercut","Havoc"],"picked":"Body Slam+1","floor":22}],"player_experience":313556,"relics_obtained":[{"floor":6,"key":"Pantograph"},{"floor":9,"key":"Self Forming Clay"},{"floor":11,"key":"WingedGreaves"}],"event_choices":[{"damage_healed":0,"gold_gain":0,"player_choice":"Upgraded","damage_taken":0,"max_hp_gain":0,"max_hp_loss":0,"event_name":"Upgrade Shrine","floor":2,"gold_loss":0,"cards_upgraded":["Armaments"]},{"damage_healed":0,"gold_gain":0,"player_choice":"Donut","damage_taken":0,"max_hp_gain":5,"max_hp_loss":0,"event_name":"Big Fish","floor":4,"gold_loss":0},{"damage_healed":0,"gold_gain":0,"player_choice":"Damaged","damage_taken":8,"max_hp_gain":0,"max_hp_loss":0,"event_name":"Wheel of Change","floor":8,"gold_loss":0},{"damage_healed":0,"gold_gain":0,"player_choice":"Opened","damage_taken":0,"relics_obtained":["Matryoshka"],"max_hp_gain":0,"max_hp_loss":0,"event_name":"The Mausoleum","floor":19,"gold_loss":0,"cards_obtained":["Writhe"]},{"damage_healed":0,"gold_gain":0,"player_choice":"Obtained Relic","damage_taken":0,"relics_obtained":["Pear"],"max_hp_gain":0,"max_hp_loss":0,"event_name":"Addict","floor":21,"gold_loss":85}],"is_beta":false,"boss_relics":[{"not_picked":["Black Star","Coffee Dripper"],"picked":"Black Blood"}],"items_purged_floors":[5,20],"is_endless":false,"potions_floor_spawned":[1,6,10,14,16],"killed_by":"Slavers","ascension_level":0}