{"gold_per_floor":[109,5,5,16,29,58,58,84,84,114,126,143,71,246,246,349,399,399,399,399,399,416,416,433,19,19,93,93,93,110,110],"floor_reached":31,"playtime":690,"items_purged":[],"score":292,"play_id":"0ca36664-101f-4cb8-9481-33e56c9fa8e5","local_time":"20190129222351","is_ascension_mode":true,"campfire_choices":[{"floor":7.0,"key":"REST"},{"floor":15.0,"key":"REST"},{"floor":23.0,"key":"REST"},{"floor":28,"key":"REST"}],"neow_cost":"NONE","seed_source_timestamp":717551108920155,"circlet_count":0,"master_deck":["Strike_B+1","Strike_B+1","Strike_B+1","Strike_B+1","Defend_B+1","Defend_B+1","Defend_B+1","Zap+1","Dualcast","Cold Snap","Defragment","Cold Snap","Consume+1","Gash","Loop","Ball Lightning","Glacier","Reinforced Body","Capacitor","Doubt","Creative AI","Redo","RitualDagger","Streamline","BootSequence","Multi-Cast","Tempest+1"],"special_seed":0,"relics":["Cracked Core","NeowsBlessing","Pear","Cables","Tiny House","MutagenicStrength","Sundial","War Paint","Bottled Flame"],"potions_floor_usage":[24],"damage_taken":[{"damage":0.0,"enemies":"Jaw Worm","floor":1.0,"turns":1.0},{"damage":0.0,"enemies":"2 Louse","floor":4.0,"turns":1.0},{"damage":0.0,"enemies":"Cultist","floor":5.0,"turns":1.0},{"damage":21.0,"enemies":"Lagavulin","floor":6.0,"turns":7.0},{"damage":17.0,"enemies":"Gremlin Nob","floor":8.0,"turns":6.0},{"damage":22.0,"enemies":"3 Louse","floor":11.0,"turns":2.0},{"damage":0.0,"enemies":"Large Slime","floor":12.0,"turns":5.0},{"damage":28.0,"enemies":"The Guardian","floor":16.0,"turns":11.0},{"damage":0.0,"enemies":"Shell Parasite","floor":18.0,"turns":1.0},{"damage":56.0,"enemies":"3 Byrds","floor":22.0,"turns":4.0},{"damage":24,"enemies":"Snecko","floor":24,"turns":5},{"damage":24,"enemies":"Snake Plant","floor":30,"turns":3},{"damage":34,"enemies":"Slavers","floor":31,"turns":3}],"seed_played":"816054178757973162","potions_obtained":[{"floor":4.0,"key":"Weak Potion"},{"floor":6.0,"key":"Weak Potion"},{"floor":11.0,"key":"Swift Potion"},{"floor":12.0,"key":"Dexterity Potion"},{"floor":17.0,"key":"SmokeBomb"},{"floor":22.0,"key":"Ancient Potion"}],"is_trial":false,"path_per_floor":["M","$","?","M","M","E","R","E","T","?","M","M","$","?","R","B",null,"M","?","?","?","M","R","M","$","T","T","R","?","M","E"],"character_chosen":"DEFECT","items_purchased":["Defragment","Cold Snap","Capacitor","Multi-Cast","Sundial"],"campfire_rested":4,"item_purchase_floors":[2,2,13,25,25],"current_hp_per_floor":[75,75,68,68,68,57,82,65,65,65,43,43,43,43,68,40,90,90,90,90,84,28,55,31,31,31,31,58,58,34,0],"gold":110,"neow_bonus":"THREE_ENEMY_KILL","is_prod":false,"is_daily":false,"chose_seed":false,"campfire_upgraded":0,"win_rate":0,"timestamp":1548829431,"path_taken":["M","$","?","M","M","E","R","E","T","?","?","M","$","?","R","BOSS","M","?","?","?","M","R","?","?","T","?","R","?","M","E"],"build_version":"2019-01-23","purchased_purges":0,"victory":false,"max_hp_per_floor":[75,75,75,75,75,85,85,85,85,85,85,85,85,85,85,85,90,90,90,90,90,90,90,90,90,90,90,90,90,90,90],"card_choices":[{"not_picked":["Stack","Skim"],"picked":"Cold Snap","floor":1.0},{"not_picked":["Streamline","Melter"],"picked":"Consume","floor":4.0},{"not_picked":["Compile Driver","Force Field"],"picked":"Gash","floor":5.0},{"not_picked":["Skim","Redo"],"picked":"Loop","floor":6.0},{"not_picked":["Hologram","Coolheaded"],"picked":"Ball Lightning","floor":8.0},{"not_picked":["Force Field","Beam Cell"],"picked":"Glacier","floor":11.0},{"not_picked":["Steam","Reprogram"],"picked":"Reinforced Body","floor":12.0},{"not_picked":["Multi-Cast","Biased Cognition"],"picked":"Creative AI","floor":16.0},{"not_picked":["Stack","Steam"],"picked":"Redo","floor":17.0},{"not_picked":["Beam Cell","Heatsinks+1"],"picked":"Streamline","floor":22.0},{"not_picked":["Rip and Tear","Leap+1"],"picked":"BootSequence","floor":24},{"not_picked":["Hello World+1","Ball Lightning"],"picked":"Tempest+1","floor":30}],"player_experience":346336,"relics_obtained":[{"floor":6.0,"key":"Pear"},{"floor":8.0,"key":"Cables"},{"floor":26,"key":"War Paint"},{"floor":27,"key":"Bottled Flame"}],"event_choices":[{"cards_removed":["Defend_B"],"damage_healed":0.0,"max_hp_gain":0.0,"max_hp_loss":0.0,"gold_gain":0.0,"event_name":"Golden Wing","player_choice":"Card Removal","floor":3.0,"gold_loss":0.0,"damage_taken":7.0},{"damage_healed":0.0,"max_hp_gain":0.0,"max_hp_loss":0.0,"gold_gain":30.0,"event_name":"Dead Adventurer","player_choice":"Searched \u00271\u0027 times","floor":10.0,"gold_loss":0.0,"damage_taken":0.0},{"damage_healed":0.0,"max_hp_gain":0.0,"max_hp_loss":0.0,"gold_gain":175.0,"event_name":"Liars Game","player_choice":"AGREE","floor":14.0,"gold_loss":0.0,"damage_taken":0.0,"cards_obtained":["Doubt"]},{"damage_healed":0.0,"max_hp_gain":0.0,"max_hp_loss":0.0,"gold_gain":0.0,"event_name":"Drug Dealer","player_choice":"Inject Mutagens","floor":19.0,"gold_loss":0.0,"damage_taken":0.0,"relics_obtained":["MutagenicStrength"]},{"damage_healed":0.0,"max_hp_gain":0.0,"max_hp_loss":0.0,"gold_gain":0.0,"event_name":"Back to Basics","player_choice":"Simplicity","floor":20.0,"gold_loss":0.0,"damage_taken":0.0,"cards_upgraded":["Strike_B","Strike_B","Strike_B","Defend_B","Defend_B","Defend_B"]},{"damage_healed":0.0,"max_hp_gain":0.0,"max_hp_loss":0.0,"gold_gain":0.0,"event_name":"Nest","player_choice":"Joined the Cult","floor":21.0,"gold_loss":0.0,"damage_taken":6.0,"cards_obtained":["RitualDagger"]},{"damage_healed":0,"gold_gain":0,"player_choice":"Ignored","damage_taken":0,"max_hp_gain":0,"max_hp_loss":0,"event_name":"Cursed Tome","floor":29,"gold_loss":0}],"is_beta":false,"boss_relics":[{"not_picked":["Black Star","Snecko Eye"],"picked":"Tiny House"}],"items_purged_floors":[],"is_endless":false,"potions_floor_spawned":[4,6,11,12,18,22],"killed_by":"Slavers","ascension_level":2}