{"gold_per_floor":[115,290,43,43,56,56,87,100,127,127,127,154,154,229,229,332,332,342,342,342,359,370,370,399,399,453,473,488,488,500,514,514,610,610,620,637,655,755,755,755,765,797,821,821,577,577,48,59,59,59],"floor_reached":50,"playtime":1520,"items_purged":["Doubt","Strike_R","Strike_R"],"score":525,"play_id":"0c0afa04-0052-43fe-ae92-3733ffaf7732","local_time":"20181111170508","is_ascension_mode":false,"campfire_choices":[{"data":"Bash","floor":6,"key":"SMITH"},{"data":"Panache","floor":11,"key":"SMITH"},{"floor":13,"key":"REST"},{"floor":15,"key":"REST"},{"floor":23,"key":"REST"},{"floor":25,"key":"REST"},{"floor":32,"key":"REST"},{"floor":40,"key":"REST"},{"floor":44,"key":"REST"},{"floor":49,"key":"REST"}],"neow_cost":"NONE","seed_source_timestamp":1648581761959995,"circlet_count":0,"master_deck":["Strike_R","Strike_R","Strike_R","Defend_R","Defend_R","Defend_R","Defend_R","Bash+1","Panache+1","Seeing Red+1","Flex","Whirlwind","Rage","Entrench+1","Necronomicurse","Clash+1","Rage","Bloodletting","Flex","True Grit+1","Offering","Iron Wave+1","Seeing Red","Warcry+1","Armaments+1","Panache","Impatience","Deep Breath","Flash of Steel","Metamorphosis","Clash+1"],"relics":["Burning Blood","Smiling Mask","Bag of Marbles","Orichalcum","Dream Catcher","Fusion Hammer","MutagenicStrength","Necronomicon","Omamori","Bag of Preparation","Busted Crown","Gambling Chip","Lantern","Strawberry","Regal Pillow","Ancient Tea Set"],"potions_floor_usage":[7,16,18,21,33,33,42,50,50],"damage_taken":[{"damage":8,"enemies":"Jaw Worm","floor":1,"turns":4},{"damage":1,"enemies":"2 Louse","floor":5,"turns":3},{"damage":49,"enemies":"Lagavulin","floor":7,"turns":8},{"damage":7,"enemies":"Small Slimes","floor":8,"turns":3},{"damage":27,"enemies":"3 Sentries","floor":12,"turns":9},{"damage":5,"enemies":"Slime Boss","floor":16,"turns":5},{"damage":5,"enemies":"Spheric Guardian","floor":18,"turns":3},{"damage":0,"enemies":"2 Thieves","floor":21,"turns":2},{"damage":29,"enemies":"Chosen and Byrds","floor":22,"turns":6},{"damage":12,"enemies":"Book of Stabbing","floor":24,"turns":3},{"damage":13,"enemies":"Snecko","floor":27,"turns":5},{"damage":0,"enemies":"3 Cultists","floor":28,"turns":2},{"damage":0,"enemies":"Centurion and Healer","floor":30,"turns":1},{"damage":19,"enemies":"Snake Plant","floor":31,"turns":2},{"damage":38,"enemies":"Automaton","floor":33,"turns":8},{"damage":16,"enemies":"Orb Walker","floor":35,"turns":3},{"damage":0,"enemies":"3 Darklings","floor":36,"turns":1},{"damage":6,"enemies":"4 Shapes","floor":37,"turns":1},{"damage":31,"enemies":"Mind Bloom Boss Battle","floor":38,"turns":5},{"damage":6,"enemies":"Spire Growth","floor":41,"turns":3},{"damage":74,"enemies":"Nemesis","floor":42,"turns":7},{"damage":26,"enemies":"Maw","floor":48,"turns":5},{"damage":56,"enemies":"Time Eater","floor":50,"turns":3}],"seed_played":"3081435027134802190","potions_obtained":[{"floor":1,"key":"SteroidPotion"},{"floor":8,"key":"Strength Potion"},{"floor":12,"key":"SpeedPotion"},{"floor":16,"key":"AttackPotion"},{"floor":18,"key":"SteroidPotion"},{"floor":27,"key":"Strength Potion"},{"floor":28,"key":"SkillPotion"},{"floor":33,"key":"Ancient Potion"},{"floor":35,"key":"SpeedPotion"},{"floor":41,"key":"LiquidBronze"},{"floor":48,"key":"SkillPotion"}],"is_trial":false,"path_per_floor":["M","?","$","?","M","R","E","M","T","?","R","E","R","?","R","B",null,"M","?","?","M","M","R","E","R","T","M","M","?","M","M","R","B",null,"M","M","M","?","?","R","M","E","T","R","$","?","$","M","R","B"],"character_chosen":"IRONCLAD","items_purchased":["Panache","Panache","Regal Pillow","Ancient Tea Set","Metamorphosis"],"campfire_rested":8,"item_purchase_floors":[3,45,47,47,47],"current_hp_per_floor":[78,78,78,78,80,80,37,36,36,36,36,15,39,28,52,53,80,80,80,64,70,47,71,65,80,80,73,79,79,80,67,80,48,80,70,76,76,51,51,75,75,7,14,40,40,30,30,10,51,0],"gold":59,"neow_bonus":"RANDOM_COMMON_RELIC","is_prod":false,"is_daily":false,"chose_seed":false,"campfire_upgraded":2,"win_rate":0,"timestamp":1541984708,"path_taken":["M","?","$","?","M","R","E","M","T","?","R","E","R","?","R","BOSS","M","?","?","M","M","R","E","R","T","M","M","?","M","M","R","BOSS","M","?","M","?","?","R","M","E","T","R","$","?","$","M","R","BOSS"],"build_version":"2018-11-08","purchased_purges":3,"victory":false,"max_hp_per_floor":[80,80,80,80,80,80,80,80,80,80,80,80,80,80,80,80,80,80,80,80,80,80,80,80,80,80,80,80,80,80,80,80,80,80,80,80,80,80,80,80,80,80,87,87,87,87,87,87,87,87],"card_choices":[{"not_picked":["Blood for Blood","Reckless Charge","Iron Wave"],"picked":"SKIP","floor":1},{"not_picked":["Thunderclap","Perfected Strike","Dark Embrace"],"picked":"SKIP","floor":5},{"not_picked":["Burning Pact","Infernal Blade"],"picked":"Seeing Red","floor":7},{"not_picked":["Clothesline","Sever Soul","Reckless Charge"],"picked":"SKIP","floor":8},{"not_picked":["Flame Barrier","Evolve"],"picked":"Flex","floor":12},{"not_picked":["Wild Strike","Twin Strike"],"picked":"Whirlwind","floor":13},{"not_picked":["Anger","Combust"],"picked":"Rage","floor":15},{"not_picked":["Ghostly Armor+1","Shrug It Off"],"picked":"Entrench+1","floor":18},{"not_picked":["Thunderclap","Warcry+1"],"picked":"Clash+1","floor":21},{"not_picked":["Thunderclap+1","Twin Strike"],"picked":"Rage","floor":22},{"not_picked":["Pommel Strike","Twin Strike"],"picked":"Bloodletting","floor":23},{"not_picked":["Flex","Armaments","Second Wind+1"],"picked":"SKIP","floor":24},{"not_picked":["Impervious","Shrug It Off"],"picked":"Flex","floor":27},{"not_picked":["Twin Strike","Clothesline","Sentinel"],"picked":"SKIP","floor":28},{"not_picked":["Uppercut","Cleave"],"picked":"True Grit+1","floor":30},{"not_picked":["Iron Wave+1","True Grit+1","Havoc"],"picked":"SKIP","floor":31},{"not_picked":["Double Tap","Impervious"],"picked":"Offering","floor":33},{"not_picked":[],"picked":"Iron Wave+1","floor":35},{"not_picked":["Wild Strike+1"],"picked":"SKIP","floor":36},{"not_picked":[],"picked":"Seeing Red","floor":37},{"not_picked":[],"picked":"Warcry+1","floor":41},{"not_picked":["Limit Break"],"picked":"SKIP","floor":42},{"not_picked":[],"picked":"Armaments+1","floor":44},{"not_picked":[],"picked":"Impatience","floor":46},{"not_picked":[],"picked":"Deep Breath","floor":46},{"not_picked":[],"picked":"Flash of Steel","floor":46},{"not_picked":[],"picked":"Clash+1","floor":48}],"player_experience":332539,"relics_obtained":[{"floor":7,"key":"Bag of Marbles"},{"floor":9,"key":"Orichalcum"},{"floor":12,"key":"Dream Catcher"},{"floor":20,"key":"Necronomicon"},{"floor":24,"key":"Omamori"},{"floor":26,"key":"Bag of Preparation"},{"floor":38,"key":"Gambling Chip"},{"floor":42,"key":"Lantern"},{"floor":43,"key":"Strawberry"}],"event_choices":[{"damage_healed":0,"gold_gain":175,"player_choice":"AGREE","damage_taken":0,"max_hp_gain":0,"max_hp_loss":0,"event_name":"Liars Game","floor":2,"gold_loss":0,"cards_obtained":["Doubt"]},{"damage_healed":0,"gold_gain":0,"player_choice":"Leave","damage_taken":0,"max_hp_gain":0,"max_hp_loss":0,"event_name":"The Cleric","floor":4,"gold_loss":0},{"damage_healed":0,"gold_gain":0,"player_choice":"Grow","damage_taken":0,"max_hp_gain":0,"max_hp_loss":0,"event_name":"Living Wall","floor":10,"gold_loss":0,"cards_upgraded":["Seeing Red"]},{"damage_healed":0,"gold_gain":75,"player_choice":"Gather Gold","damage_taken":11,"max_hp_gain":0,"max_hp_loss":0,"event_name":"World of Goop","floor":14,"gold_loss":0},{"damage_healed":0,"gold_gain":0,"player_choice":"Inject Mutagens","damage_taken":0,"relics_obtained":["MutagenicStrength"],"max_hp_gain":0,"max_hp_loss":0,"event_name":"Drug Dealer","floor":19,"gold_loss":0},{"damage_healed":0,"gold_gain":0,"player_choice":"Obtained Book","damage_taken":16,"max_hp_gain":0,"max_hp_loss":0,"event_name":"Cursed Tome","floor":20,"gold_loss":0},{"damage_healed":0,"gold_gain":0,"player_choice":"Bought 0 Potions","damage_taken":0,"max_hp_gain":0,"max_hp_loss":0,"event_name":"The Woman in Blue","floor":29,"gold_loss":0},{"damage_healed":0,"gold_gain":0,"player_choice":"Fight","damage_taken":0,"max_hp_gain":0,"max_hp_loss":0,"event_name":"MindBloom","floor":38,"gold_loss":0},{"damage_healed":0,"gold_gain":0,"player_choice":"Ignored","damage_taken":0,"max_hp_gain":0,"max_hp_loss":0,"event_name":"Tomb of Lord Red Mask","floor":39,"gold_loss":0},{"damage_healed":0,"gold_gain":0,"player_choice":"Memory 3","damage_taken":10,"max_hp_gain":0,"max_hp_loss":0,"event_name":"SensoryStone","floor":46,"gold_loss":0}],"is_beta":false,"boss_relics":[{"not_picked":["Runic Cube","Runic Pyramid"],"picked":"Fusion Hammer"},{"not_picked":["White Beast Statue","Black Star"],"picked":"Busted Crown"}],"items_purged_floors":[3,45,47],"is_endless":false,"potions_floor_spawned":[1,8,12,16,18,27,28,33,35,41,48],"killed_by":"Time Eater","ascension_level":0}