{"gold_per_floor":[215,75,93,112,127,162,178,178,201,229,229,43,43,43,43,43],"floor_reached":16,"playtime":607,"items_purged":[],"score":143,"play_id":"5a1f5cf4-fbfb-4c83-8771-e15f9160a311","local_time":"20190331171558","is_ascension_mode":true,"campfire_choices":[{"floor":8,"key":"REST"},{"floor":15,"key":"REST"}],"neow_cost":"NONE","seed_source_timestamp":77434918610632,"circlet_count":0,"master_deck":["Defend_G","Defend_G","Defend_G","Defend_G","Defend_G","Strike_G","Strike_G","Strike_G","Strike_G","Strike_G","Survivor","Neutralize+1","Quick Slash","Caltrops","Flying Knee","Dagger Spray","Caltrops","PiercingWail","Well Laid Plans","Endless Agony"],"relics":["Ring of the Snake","Centennial Puzzle","Art of War","Smiling Mask","PreservedInsect","Regal Pillow"],"potions_floor_usage":[16],"damage_taken":[{"damage":0,"enemies":"2 Louse","floor":1,"turns":2},{"damage":0,"enemies":"Jaw Worm","floor":3,"turns":4},{"damage":0,"enemies":"Cultist","floor":4,"turns":4},{"damage":10,"enemies":"2 Fungi Beasts","floor":5,"turns":3},{"damage":39,"enemies":"Lagavulin","floor":6,"turns":9},{"damage":10,"enemies":"3 Louse","floor":7,"turns":3},{"damage":23,"enemies":"3 Sentries","floor":10,"turns":9},{"damage":39,"enemies":"Slime Boss","floor":16,"turns":7}],"seed_played":"6238642437373840264","potions_obtained":[{"floor":5,"key":"GamblersBrew"},{"floor":6,"key":"Ancient Potion"},{"floor":10,"key":"SneckoOil"}],"is_trial":false,"path_per_floor":["M","$","M","M","M","E","M","R","T","E","?","$","?","?","R","B"],"character_chosen":"THE_SILENT","items_purchased":["Caltrops","Flying Knee","Dagger Spray","Endless Agony","PreservedInsect"],"campfire_rested":2,"item_purchase_floors":[2,2,2,12,12],"current_hp_per_floor":[63,63,63,63,53,14,4,25,25,2,2,2,2,2,38,0],"gold":43,"neow_bonus":"HUNDRED_GOLD","is_prod":false,"is_daily":false,"chose_seed":false,"campfire_upgraded":0,"win_rate":0,"timestamp":1554077758,"path_taken":["M","$","M","M","M","E","M","R","T","E","?","$","?","?","R","BOSS"],"build_version":"2019-01-23","purchased_purges":0,"victory":false,"max_hp_per_floor":[70,70,70,70,70,70,70,70,70,70,70,70,70,70,70,70],"card_choices":[{"not_picked":["Outmaneuver","Acrobatics"],"picked":"Quick Slash","floor":1},{"not_picked":["Endless Agony","Masterful Stab"],"picked":"Caltrops","floor":3},{"not_picked":["Terror","Slice"],"picked":"PiercingWail","floor":4},{"not_picked":["Catalyst","Deadly Poison","Slice"],"picked":"SKIP","floor":5},{"not_picked":["Prepared","Acrobatics","Slice"],"picked":"SKIP","floor":6},{"not_picked":["Quick Slash","Night Terror"],"picked":"Well Laid Plans","floor":7},{"not_picked":["Sucker Punch","Accuracy","Grand Finale"],"picked":"SKIP","floor":10}],"player_experience":108944,"relics_obtained":[{"floor":6,"key":"Centennial Puzzle"},{"floor":9,"key":"Art of War"},{"floor":10,"key":"Smiling Mask"}],"event_choices":[{"damage_healed":0,"gold_gain":0,"player_choice":"Fled","damage_taken":0,"max_hp_gain":0,"max_hp_loss":0,"event_name":"Scrap Ooze","floor":11,"gold_loss":0},{"damage_healed":0,"gold_gain":0,"player_choice":"Grow","damage_taken":0,"max_hp_gain":0,"max_hp_loss":0,"event_name":"Living Wall","floor":13,"gold_loss":0,"cards_upgraded":["Neutralize"]},{"damage_healed":0,"gold_gain":0,"player_choice":"Gave Potion","damage_taken":0,"relics_obtained":["Regal Pillow"],"max_hp_gain":0,"max_hp_loss":0,"event_name":"WeMeetAgain","floor":14,"gold_loss":0}],"is_beta":false,"boss_relics":[],"items_purged_floors":[],"is_endless":false,"potions_floor_spawned":[5,6,10],"killed_by":"Slime Boss","ascension_level":6}