{"gold_per_floor":[117,97,107,121,134,161,191,191,215,40,70,70,87,87,87,87],"floor_reached":16,"playtime":2734,"items_purged":["Strike_R"],"score":193,"play_id":"c51e38d5-0987-4cf6-a0c7-693d5982dcff","local_time":"20190327191750","is_ascension_mode":true,"campfire_choices":[{"data":"Clothesline","floor":8,"key":"SMITH"},{"floor":12,"key":"REST"},{"data":"Bash","floor":15,"key":"SMITH"}],"neow_cost":"NONE","seed_source_timestamp":1383707770570309,"circlet_count":0,"master_deck":["AscendersBane","Strike_R","Strike_R","Strike_R","Strike_R","Defend_R","Defend_R","Defend_R","Defend_R+1","Bash+1","Shrug It Off+1","Clothesline+1","Rage","Armaments"],"relics":["Burning Blood","War Paint","Potion Belt","Lantern","Boot"],"potions_floor_usage":[6,11,16,16,16],"damage_taken":[{"damage":16,"enemies":"Jaw Worm","floor":1,"turns":4},{"damage":2,"enemies":"Cultist","floor":3,"turns":5},{"damage":7,"enemies":"Small Slimes","floor":4,"turns":4},{"damage":22,"enemies":"Exordium Wildlife","floor":5,"turns":5},{"damage":18,"enemies":"3 Sentries","floor":6,"turns":13},{"damage":17,"enemies":"Lagavulin","floor":11,"turns":8},{"damage":4,"enemies":"2 Fungi Beasts","floor":13,"turns":4},{"damage":60,"enemies":"Slime Boss","floor":16,"turns":11}],"seed_played":"8998643398636140372","potions_obtained":[{"floor":1,"key":"SkillPotion"},{"floor":2,"key":"FearPotion"},{"floor":6,"key":"Explosive Potion"},{"floor":11,"key":"Strength Potion"}],"is_trial":false,"path_per_floor":["M","?","M","M","M","E","?","R","T","$","E","R","M","T","R","B"],"character_chosen":"IRONCLAD","items_purchased":["Armaments","PowerPotion"],"campfire_rested":1,"item_purchase_floors":[10,10],"current_hp_per_floor":[65,65,69,68,52,40,40,40,40,40,29,53,55,55,55,0],"gold":87,"neow_bonus":"TEN_PERCENT_HP_BONUS","is_prod":false,"is_daily":false,"chose_seed":false,"campfire_upgraded":2,"win_rate":0,"timestamp":1553714270,"path_taken":["M","?","?","M","M","E","?","R","T","$","E","R","M","?","R","BOSS"],"build_version":"2019-01-23","purchased_purges":1,"victory":false,"max_hp_per_floor":[82,82,82,82,82,82,82,82,82,82,82,82,82,82,82,82],"card_choices":[{"not_picked":["Anger","Rupture"],"picked":"Shrug It Off","floor":1},{"not_picked":["Clash","Wild Strike"],"picked":"Clothesline","floor":3},{"not_picked":["Sword Boomerang","Dual Wield","Perfected Strike"],"picked":"SKIP","floor":4},{"not_picked":["Burning Pact","Clothesline"],"picked":"Rage","floor":5},{"not_picked":["Clash","Juggernaut","Sword Boomerang"],"picked":"SKIP","floor":6},{"not_picked":["Warcry","Shrug It Off","Headbutt"],"picked":"SKIP","floor":11},{"not_picked":["Sever Soul","Flex","Armaments"],"picked":"SKIP","floor":13}],"player_experience":1647841,"relics_obtained":[{"floor":6,"key":"War Paint"},{"floor":9,"key":"Potion Belt"},{"floor":11,"key":"Lantern"},{"floor":14,"key":"Boot"}],"event_choices":[{"damage_healed":0,"gold_gain":0,"player_choice":"Bought 1 Potion","damage_taken":0,"max_hp_gain":0,"max_hp_loss":0,"event_name":"The Woman in Blue","floor":2,"gold_loss":0},{"damage_healed":0,"gold_gain":30,"player_choice":"Searched \u00271\u0027 times","damage_taken":0,"max_hp_gain":0,"max_hp_loss":0,"event_name":"Dead Adventurer","floor":7,"gold_loss":0}],"is_beta":false,"boss_relics":[],"items_purged_floors":[10],"is_endless":false,"potions_floor_spawned":[1,3,6,11],"killed_by":"Slime Boss","ascension_level":15}