{"gold_per_floor":[116,136,148,158,170,196,196,216,261,277,277,21,21,79,79,183,183,200,212,230,140,154,154,185,185,253,269,269,269,283,56,56,155,155,167,186,186],"floor_reached":37,"playtime":4271,"items_purged":[],"score":454,"play_id":"ff1c53f7-aa73-4020-bf79-ad6dac8d0bd4","local_time":"20190417155220","is_ascension_mode":true,"campfire_choices":[{"data":"Zap","floor":7,"key":"SMITH"},{"data":"Dualcast","floor":11,"key":"SMITH"},{"data":"Scrape","floor":13,"key":"SMITH"},{"floor":15,"key":"REST"},{"data":"Streamline","floor":23,"key":"SMITH"},{"floor":25,"key":"REST"},{"floor":32,"key":"REST"}],"neow_cost":"NONE","seed_source_timestamp":663952892824400,"circlet_count":0,"master_deck":["Strike_B","Strike_B+1","Strike_B","Defend_B","Defend_B","Defend_B","Defend_B+1","Zap+1","Dualcast+1","Scrape+1","Streamline+1","Steam","Turbo","Sweeping Beam","Turbo","Go for the Eyes","Beam Cell","Machine Learning","Hologram+1","Gash","Auto Shields+1","Beam Cell","J.A.X.","Fission","Gash+1","Madness","Seek","Go for the Eyes+1"],"relics":["Cracked Core","NeowsBlessing","Pen Nib","Bag of Preparation","Kunai","Bronze Scales","Nuclear Battery","The Courier","Matryoshka","Ornamental Fan","Emotion Chip","Whetstone","Eternal Feather"],"potions_floor_usage":[6,6,6,14,24,27],"damage_taken":[{"damage":0,"enemies":"Small Slimes","floor":1,"turns":1},{"damage":0,"enemies":"2 Louse","floor":2,"turns":1},{"damage":0,"enemies":"Cultist","floor":3,"turns":1},{"damage":5,"enemies":"Blue Slaver","floor":4,"turns":3},{"damage":15,"enemies":"Exordium Wildlife","floor":5,"turns":4},{"damage":8,"enemies":"Gremlin Nob","floor":6,"turns":4},{"damage":10,"enemies":"2 Fungi Beasts","floor":8,"turns":3},{"damage":18,"enemies":"Exordium Thugs","floor":10,"turns":4},{"damage":16,"enemies":"Gremlin Nob","floor":14,"turns":3},{"damage":15,"enemies":"The Guardian","floor":16,"turns":10},{"damage":6,"enemies":"Shell Parasite","floor":18,"turns":4},{"damage":12,"enemies":"2 Thieves","floor":19,"turns":3},{"damage":6,"enemies":"Cultist and Chosen","floor":20,"turns":4},{"damage":8,"enemies":"Centurion and Healer","floor":22,"turns":3},{"damage":37,"enemies":"Book of Stabbing","floor":24,"turns":6},{"damage":4,"enemies":"Shelled Parasite and Fungi","floor":27,"turns":2},{"damage":8,"enemies":"3 Cultists","floor":30,"turns":4},{"damage":35,"enemies":"Automaton","floor":33,"turns":7},{"damage":29,"enemies":"3 Shapes","floor":35,"turns":4},{"damage":17,"enemies":"3 Darklings","floor":36,"turns":4},{"damage":38,"enemies":"Maw","floor":37,"turns":6}],"seed_played":"5208367113821138758","potions_obtained":[{"floor":1,"key":"Block Potion"},{"floor":3,"key":"Swift Potion"},{"floor":5,"key":"Fire Potion"},{"floor":10,"key":"FearPotion"},{"floor":18,"key":"FairyPotion"},{"floor":22,"key":"SkillPotion"},{"floor":24,"key":"Explosive Potion"},{"floor":27,"key":"FocusPotion"},{"floor":35,"key":"Dexterity Potion"}],"is_trial":false,"path_per_floor":["M","M","M","M","M","E","R","M","T","M","R","$","R","?","R","B",null,"M","M","M","?","M","R","E","R","T","M","?","T","M","$","R","B",null,"M","M","M"],"character_chosen":"DEFECT","items_purchased":["Kunai","Gash","Madness","Whetstone"],"campfire_rested":3,"item_purchase_floors":[12,31,31,31],"current_hp_per_floor":[75,75,75,70,55,47,47,37,37,19,19,19,19,3,25,10,75,69,57,51,51,43,43,6,28,28,24,24,24,16,16,38,3,75,46,29,0],"gold":186,"neow_bonus":"THREE_ENEMY_KILL","is_prod":false,"is_daily":false,"chose_seed":false,"campfire_upgraded":4,"win_rate":0,"timestamp":1555509140,"path_taken":["M","M","M","M","M","E","R","M","T","M","R","$","R","?","R","BOSS","M","M","M","?","?","R","E","R","T","M","?","?","M","$","R","BOSS","M","M","M"],"build_version":"2019-01-23","purchased_purges":0,"victory":false,"max_hp_per_floor":[75,75,75,75,75,75,75,75,75,75,75,75,75,75,75,75,75,75,75,75,75,75,75,75,75,75,75,75,75,75,75,75,75,75,75,75,75],"card_choices":[{"not_picked":["Ball Lightning","Turbo"],"picked":"Scrape","floor":1},{"not_picked":["Barrage","Rebound"],"picked":"Streamline","floor":2},{"not_picked":["Coolheaded","Rebound"],"picked":"Steam","floor":3},{"not_picked":["Ball Lightning","Doom and Gloom","Cold Snap"],"picked":"SKIP","floor":4},{"not_picked":["Darkness","Fusion"],"picked":"Turbo","floor":5},{"not_picked":["Undo","Conserve Battery"],"picked":"Sweeping Beam","floor":6},{"not_picked":["Creative AI","Cold Snap"],"picked":"Turbo","floor":8},{"not_picked":["Stack","Ball Lightning"],"picked":"Go for the Eyes","floor":10},{"not_picked":["Steam Power","Rebound"],"picked":"Beam Cell","floor":14},{"not_picked":["Echo Form","Hyperbeam"],"picked":"Machine Learning","floor":16},{"not_picked":["Streamline+1","Barrage"],"picked":"Hologram+1","floor":18},{"not_picked":["Coolheaded+1","Barrage","Melter"],"picked":"SKIP","floor":19},{"not_picked":["Fusion","Lockon+1"],"picked":"Gash","floor":20},{"not_picked":["Skim","Heatsinks","Stack"],"picked":"SKIP","floor":22},{"not_picked":["Coolheaded+1","Chill+1"],"picked":"Auto Shields+1","floor":24},{"not_picked":["Sweeping Beam","Rebound"],"picked":"Beam Cell","floor":27},{"not_picked":["Darkness","Stack"],"picked":"Fission","floor":30},{"not_picked":["Core Surge","Buffer"],"picked":"Seek","floor":33},{"not_picked":["Conserve Battery","Rebound+1"],"picked":"Go for the Eyes+1","floor":35},{"not_picked":["Rebound+1","Cold Snap","Melter"],"picked":"SKIP","floor":36}],"player_experience":547170,"relics_obtained":[{"floor":6,"key":"Pen Nib"},{"floor":9,"key":"Bag of Preparation"},{"floor":14,"key":"Bronze Scales"},{"floor":24,"key":"The Courier"},{"floor":26,"key":"Matryoshka"},{"floor":29,"key":"Ornamental Fan"},{"floor":29,"key":"Emotion Chip"}],"event_choices":[{"damage_healed":0,"gold_gain":30,"player_choice":"Searched \u00272\u0027 times","damage_taken":0,"max_hp_gain":0,"max_hp_loss":0,"event_name":"Dead Adventurer","floor":14,"gold_loss":0},{"cards_removed":["Strike_B"],"damage_healed":0,"gold_gain":0,"player_choice":"Upgrade and Remove","damage_taken":0,"max_hp_gain":0,"max_hp_loss":0,"event_name":"Designer","floor":21,"gold_loss":90,"cards_upgraded":["Defend_B"]},{"damage_healed":0,"gold_gain":0,"player_choice":"Obtain J.A.X.","damage_taken":0,"max_hp_gain":0,"max_hp_loss":0,"event_name":"Drug Dealer","floor":28,"gold_loss":0,"cards_obtained":["J.A.X."]}],"is_beta":false,"boss_relics":[{"not_picked":["Empty Cage","Lizard Tail"],"picked":"Nuclear Battery"},{"not_picked":["White Beast Statue","Runic Dome"],"picked":"Eternal Feather"}],"items_purged_floors":[],"is_endless":false,"potions_floor_spawned":[1,3,5,10,18,22,24,27,35],"killed_by":"Maw","ascension_level":3}