{"gold_per_floor":[118,129,129,129,129,129,140,140,140,140,170,24,42,42,42,144,144,159,159,3,16,16,16,31,31,31,46,46],"floor_reached":28,"playtime":1951,"items_purged":[],"score":324,"play_id":"97d32e90-93bc-4ec9-9f66-88ec194bd764","local_time":"20190308210224","is_ascension_mode":true,"campfire_choices":[{"data":"Neutralize","floor":8,"key":"SMITH"},{"data":"Poisoned Stab","floor":10,"key":"SMITH"},{"floor":15,"key":"REST"},{"floor":23,"key":"REST"}],"neow_cost":"PERCENT_DAMAGE","seed_source_timestamp":1214731390379413,"circlet_count":0,"master_deck":["AscendersBane","Defend_G","Defend_G","Defend_G","Strike_G+1","Survivor","Neutralize+1","Poisoned Stab+1","Outmaneuver","Well Laid Plans","Heel Hook+1","Die Die Die+1","Escape Plan","Malaise","Sucker Punch+1","Noxious Fumes","Heel Hook+1","Glass Knife+1","Flying Knee+1","Dash+1"],"relics":["Ring of the Snake","StoneCalendar","Sundial","Molten Egg 2","Empty Cage","Whetstone","Bottled Flame"],"potions_floor_usage":[11,24],"damage_taken":[{"damage":0,"enemies":"Cultist","floor":1,"turns":3},{"damage":2,"enemies":"2 Louse","floor":2,"turns":5},{"damage":7,"enemies":"Small Slimes","floor":7,"turns":6},{"damage":19,"enemies":"3 Sentries","floor":11,"turns":7},{"damage":0,"enemies":"2 Fungi Beasts","floor":13,"turns":2},{"damage":16,"enemies":"Hexaghost","floor":16,"turns":11},{"damage":7,"enemies":"Chosen","floor":18,"turns":7},{"damage":16,"enemies":"3 Byrds","floor":21,"turns":6},{"damage":11,"enemies":"Snecko","floor":24,"turns":6},{"damage":43,"enemies":"Chosen and Byrds","floor":27,"turns":7},{"damage":7,"enemies":"Shelled Parasite and Fungi","floor":28,"turns":1}],"seed_played":"-203529254152164975","potions_obtained":[{"floor":2,"key":"Poison Potion"},{"floor":13,"key":"Energy Potion"},{"floor":24,"key":"Strength Potion"},{"floor":27,"key":"LiquidBronze"}],"is_trial":false,"path_per_floor":["M","M","?","?","?","?","M","R","T","R","E","$","M","$","R","B",null,"M","?","$","M","?","R","M","?","T","M","M"],"character_chosen":"THE_SILENT","items_purchased":["Die Die Die+1","Escape Plan","Whetstone"],"campfire_rested":2,"item_purchase_floors":[12,12,20],"current_hp_per_floor":[45,43,43,36,36,59,52,52,52,52,33,33,33,33,54,38,62,55,55,55,39,39,60,49,49,49,6,0],"gold":46,"neow_bonus":"ONE_RARE_RELIC","is_prod":false,"is_daily":false,"chose_seed":false,"campfire_upgraded":2,"win_rate":0,"timestamp":1552078944,"path_taken":["M","?","?","?","?","?","?","R","T","R","E","?","M","$","R","BOSS","M","?","$","?","?","R","?","?","T","M","M"],"build_version":"2019-01-23","purchased_purges":0,"victory":false,"max_hp_per_floor":[70,70,70,70,70,70,70,70,70,70,70,70,70,70,70,70,70,70,70,70,70,70,70,70,70,70,70,70],"card_choices":[{"not_picked":["Acrobatics","Prepared","Blade Dance"],"picked":"SKIP","floor":1},{"not_picked":["Deadly Poison","Acrobatics"],"picked":"Poisoned Stab","floor":2},{"not_picked":["Backflip","Quick Slash"],"picked":"Well Laid Plans","floor":7},{"not_picked":["Flechettes","Quick Slash"],"picked":"Heel Hook","floor":11},{"not_picked":["Envenom","Acrobatics","Prepared"],"picked":"SKIP","floor":13},{"not_picked":["Corpse Explosion","Bullet Time"],"picked":"Malaise","floor":16},{"not_picked":["Heel Hook+1","Quick Slash+1"],"picked":"Sucker Punch+1","floor":18},{"not_picked":["Slice+1","Dagger Throw+1"],"picked":"Heel Hook+1","floor":21},{"not_picked":["Deadly Poison","Footwork"],"picked":"Flying Knee+1","floor":24},{"not_picked":["Escape Plan","Quick Slash+1"],"picked":"Dash+1","floor":27}],"player_experience":1537949,"relics_obtained":[{"floor":9,"key":"Sundial"},{"floor":11,"key":"Molten Egg 2"},{"floor":26,"key":"Bottled Flame"}],"event_choices":[{"damage_healed":0,"gold_gain":0,"cards_transformed":["Strike_G"],"player_choice":"Change","damage_taken":0,"max_hp_gain":0,"max_hp_loss":0,"event_name":"Living Wall","floor":3,"gold_loss":0,"cards_obtained":["Outmaneuver"]},{"cards_removed":["Strike_G"],"damage_healed":0,"gold_gain":0,"player_choice":"Card Removal","damage_taken":7,"max_hp_gain":0,"max_hp_loss":0,"event_name":"Golden Wing","floor":4,"gold_loss":0},{"damage_healed":0,"gold_gain":0,"player_choice":"Ignored","damage_taken":0,"max_hp_gain":0,"max_hp_loss":0,"event_name":"Shining Light","floor":5,"gold_loss":0},{"damage_healed":23,"gold_gain":0,"player_choice":"Banana","damage_taken":0,"max_hp_gain":0,"max_hp_loss":0,"event_name":"Big Fish","floor":6,"gold_loss":0},{"damage_healed":0,"gold_gain":0,"cards_transformed":["Strike_G"],"player_choice":"Transformed","damage_taken":0,"max_hp_gain":0,"max_hp_loss":0,"event_name":"Transmorgrifier","floor":19,"gold_loss":0,"cards_obtained":["Noxious Fumes"]},{"damage_healed":0,"gold_gain":0,"player_choice":"1 cards matched","damage_taken":0,"max_hp_gain":0,"max_hp_loss":0,"event_name":"Match and Keep!","floor":22,"gold_loss":0,"cards_obtained":["Glass Knife"]},{"cards_removed":["Defend_G"],"damage_healed":0,"gold_gain":0,"player_choice":"Elegance","damage_taken":0,"max_hp_gain":0,"max_hp_loss":0,"event_name":"Back to Basics","floor":25,"gold_loss":0}],"is_beta":false,"boss_relics":[{"not_picked":["Philosopher\u0027s Stone","HoveringKite"],"picked":"Empty Cage"}],"items_purged_floors":[],"is_endless":false,"potions_floor_spawned":[2,13,24,27],"killed_by":"Shelled Parasite and Fungi","ascension_level":10}