{"gold_per_floor":[119,119,119,135,159,159,183,183,183,226,226,246,271,286,286,379,379,398,289,305,305,305,305,343,363,363,158,172,186,186,202,202,292,292,316,316,316],"floor_reached":37,"playtime":1979,"items_purged":["Strike_B","Defend_B"],"score":757,"play_id":"59d2dc0d-a936-4ca6-b43e-1e52a604bca7","local_time":"20190505211424","is_ascension_mode":true,"campfire_choices":[{"floor":6,"key":"REST"},{"floor":11,"key":"REST"},{"data":"Coolheaded","floor":15,"key":"SMITH"},{"floor":23,"key":"REST"},{"data":"Bite","floor":30,"key":"SMITH"},{"data":"Bite","floor":32,"key":"SMITH"}],"neow_cost":"NONE","seed_source_timestamp":1935329899950656,"circlet_count":0,"master_deck":["AscendersBane","Defend_B","Defend_B","Defend_B","Zap+1","Dualcast+1","Glacier","Static Discharge","Sweeping Beam","Coolheaded+1","Blizzard","Beam Cell","Hologram","All For One","Loop","Doom and Gloom","Necronomicurse","Bite+1","Bite+1","Bite","Bite","Bite","Undo","Electrodynamics","All For One"],"relics":["Cracked Core","Golden Idol","Kunai","Bottled Lightning","Pear","Snecko Eye","Necronomicon","Smiling Mask","Art of War","Nuclear Battery"],"potions_floor_usage":[10,16,24,29],"damage_taken":[{"damage":6,"enemies":"Cultist","floor":1,"turns":3},{"damage":0,"enemies":"Small Slimes","floor":4,"turns":3},{"damage":12,"enemies":"Jaw Worm","floor":5,"turns":5},{"damage":23,"enemies":"Lots of Slimes","floor":7,"turns":4},{"damage":0,"enemies":"Lagavulin","floor":10,"turns":9},{"damage":0,"enemies":"Looter","floor":12,"turns":4},{"damage":1,"enemies":"Exordium Wildlife","floor":13,"turns":4},{"damage":0,"enemies":"2 Fungi Beasts","floor":14,"turns":4},{"damage":11,"enemies":"Hexaghost","floor":16,"turns":10},{"damage":16,"enemies":"Chosen","floor":18,"turns":5},{"damage":10,"enemies":"Shell Parasite","floor":20,"turns":6},{"damage":14,"enemies":"Gremlin Leader","floor":24,"turns":6},{"damage":24,"enemies":"Centurion and Healer","floor":25,"turns":8},{"damage":3,"enemies":"Shelled Parasite and Fungi","floor":28,"turns":5},{"damage":19,"enemies":"Cultist and Chosen","floor":29,"turns":5},{"damage":5,"enemies":"Centurion and Healer","floor":31,"turns":6},{"damage":79,"enemies":"Collector","floor":33,"turns":14},{"damage":9,"enemies":"3 Shapes","floor":35,"turns":8},{"damage":62,"enemies":"3 Darklings","floor":37,"turns":4}],"seed_played":"3766856264613382243","potions_obtained":[{"floor":1,"key":"PowerPotion"},{"floor":5,"key":"GamblersBrew"},{"floor":10,"key":"Energy Potion"},{"floor":14,"key":"FocusPotion"},{"floor":16,"key":"GamblersBrew"},{"floor":18,"key":"SkillPotion"},{"floor":25,"key":"Energy Potion"},{"floor":33,"key":"LiquidBronze"}],"is_trial":false,"path_per_floor":["M","?","?","M","M","R","M","?","T","E","R","M","M","M","R","B",null,"M","$","M","?","?","R","E","M","T","$","M","M","R","M","R","B",null,"M","?","M"],"character_chosen":"DEFECT","items_purchased":["Loop","Art of War"],"campfire_rested":3,"item_purchase_floors":[19,27],"current_hp_per_floor":[58,58,34,34,22,43,20,9,9,19,43,43,42,42,42,31,69,53,53,43,22,22,38,40,46,46,46,56,40,40,55,55,6,44,41,41,0],"gold":316,"neow_bonus":"UPGRADE_CARD","is_prod":false,"is_daily":false,"chose_seed":false,"campfire_upgraded":3,"win_rate":0,"timestamp":1557116064,"path_taken":["M","?","?","M","M","R","M","?","T","E","R","M","?","M","R","BOSS","M","$","?","?","?","R","E","M","T","?","M","?","R","M","R","BOSS","M","?","?"],"build_version":"2019-01-23","purchased_purges":2,"victory":false,"max_hp_per_floor":[71,71,71,71,71,71,71,71,71,81,81,81,81,81,81,81,81,81,81,81,81,56,56,56,56,56,56,56,56,56,56,56,56,56,56,56,56],"card_choices":[{"not_picked":["FTL","Conserve Battery"],"picked":"Glacier","floor":1},{"not_picked":["Go for the Eyes","Turbo"],"picked":"Static Discharge","floor":4},{"not_picked":["Lockon","Compile Driver"],"picked":"Sweeping Beam","floor":5},{"not_picked":["BootSequence","Stack","Leap"],"picked":"SKIP","floor":7},{"not_picked":["Streamline","Leap"],"picked":"Coolheaded","floor":10},{"not_picked":["Leap","Darkness"],"picked":"Blizzard","floor":12},{"not_picked":["Machine Learning","Conserve Battery"],"picked":"Beam Cell","floor":13},{"not_picked":["Rebound","Sunder"],"picked":"Hologram","floor":14},{"not_picked":["Thunder Strike","Fission"],"picked":"All For One","floor":16},{"not_picked":["Stack","Turbo","Barrage"],"picked":"SKIP","floor":18},{"not_picked":["Rip and Tear","Auto Shields"],"picked":"Doom and Gloom","floor":20},{"not_picked":["Genetic Algorithm","Compile Driver"],"picked":"Undo","floor":24},{"not_picked":["Sweeping Beam+1","Conserve Battery","Streamline"],"picked":"SKIP","floor":25},{"not_picked":["Hologram","Barrage","Beam Cell"],"picked":"SKIP","floor":28},{"not_picked":["Consume","Seek","Conserve Battery"],"picked":"SKIP","floor":29},{"not_picked":["Stack","Double Energy","Recycle"],"picked":"SKIP","floor":31},{"not_picked":["Biased Cognition","Buffer"],"picked":"Electrodynamics","floor":33},{"not_picked":["Cold Snap","Hologram","Auto Shields+1"],"picked":"SKIP","floor":35}],"player_experience":406427,"relics_obtained":[{"floor":9,"key":"Bottled Lightning"},{"floor":10,"key":"Pear"},{"floor":21,"key":"Necronomicon"},{"floor":24,"key":"Smiling Mask"}],"event_choices":[{"damage_healed":0,"gold_gain":0,"player_choice":"Grow","damage_taken":0,"max_hp_gain":0,"max_hp_loss":0,"event_name":"Living Wall","floor":2,"gold_loss":0,"cards_upgraded":["Dualcast"]},{"damage_healed":0,"gold_gain":0,"player_choice":"Take Damage","damage_taken":24,"relics_obtained":["Golden Idol"],"max_hp_gain":0,"max_hp_loss":0,"event_name":"Golden Idol","floor":3,"gold_loss":0},{"damage_healed":0,"gold_gain":0,"player_choice":"Success","damage_taken":11,"relics_obtained":["Kunai"],"max_hp_gain":0,"max_hp_loss":0,"event_name":"Scrap Ooze","floor":8,"gold_loss":0},{"damage_healed":0,"gold_gain":0,"player_choice":"Obtained Book","damage_taken":21,"max_hp_gain":0,"max_hp_loss":0,"event_name":"Cursed Tome","floor":21,"gold_loss":0},{"damage_healed":0,"gold_gain":0,"player_choice":"Became a vampire","damage_taken":0,"max_hp_gain":0,"max_hp_loss":25,"event_name":"Vampires","floor":22,"gold_loss":0,"cards_obtained":["Bite","Bite","Bite","Bite","Bite"]},{"damage_healed":0,"gold_gain":0,"player_choice":"Copied","damage_taken":0,"max_hp_gain":0,"max_hp_loss":0,"event_name":"Duplicator","floor":36,"gold_loss":0,"cards_obtained":["All For One"]}],"is_beta":false,"boss_relics":[{"not_picked":["Busted Crown","Calling Bell"],"picked":"Snecko Eye"},{"not_picked":["Runic Dome","Coffee Dripper"],"picked":"Nuclear Battery"}],"items_purged_floors":[19,27],"is_endless":false,"potions_floor_spawned":[1,5,10,14,16,18,25,33,35],"killed_by":"3 Darklings","ascension_level":15}