{"gold_per_floor":[211,211,59,70,70,100,100,100,100,100,140,156,156,79,79,205,205,228,228,228,328,160,160,187,205,228,228,246,121,156,170,170,271,271,282,282,382,392,392,392,417,66,91,2,54,72,88,116,116,116],"floor_reached":51,"playtime":2696,"items_purged":["Defend_B","Zap","Strike_B","Defend_B","Capacitor"],"score":869,"play_id":"83a27728-b1ce-4e60-9f8e-6beac237c81a","local_time":"20181123194356","is_ascension_mode":true,"campfire_choices":[{"floor":8,"key":"REST"},{"floor":10,"key":"REST"},{"data":"Redo","floor":13,"key":"SMITH"},{"floor":15,"key":"REST"},{"data":"Conserve Battery","floor":23,"key":"SMITH"},{"floor":27,"key":"REST"},{"floor":32,"key":"REST"},{"floor":40,"key":"REST"},{"floor":49,"key":"REST"}],"neow_cost":"NONE","seed_source_timestamp":539033570659389,"circlet_count":0,"master_deck":["Strike_B","Strike_B","Defend_B","Defend_B","Dualcast","Conserve Battery+1","Doom and Gloom","Redo+1","Conserve Battery+1","Redo+1","Glacier+1","Multi-Cast+1","Darkness+1","Fission+1","Doom and Gloom+1","Melter+1","Seek+1","Darkness+1","BootSequence+1","Parasite","Sunder","Multi-Cast+1"],"relics":["Cracked Core","Bag of Preparation","Bronze Scales","Bloody Idol","Mercury Hourglass","Toxic Egg 2","Inserter","Vajra","Blood Vial","Lizard Tail","Bird Faced Urn","Regal Pillow","Lee\u0027s Waffle","Smiling Mask","DataDisk","Orichalcum"],"potions_floor_usage":[11,24,28,31,37,37,47,50],"damage_taken":[{"damage":8,"enemies":"2 Louse","floor":1,"turns":3},{"damage":6,"enemies":"Small Slimes","floor":4,"turns":3},{"damage":25,"enemies":"Lagavulin","floor":6,"turns":8},{"damage":22,"enemies":"Gremlin Nob","floor":11,"turns":4},{"damage":0,"enemies":"Jaw Worm","floor":12,"turns":2},{"damage":60,"enemies":"Slime Boss","floor":16,"turns":8},{"damage":17,"enemies":"2 Thieves","floor":18,"turns":3},{"damage":43,"enemies":"Slavers","floor":24,"turns":4},{"damage":0,"enemies":"3 Byrds","floor":25,"turns":2},{"damage":20,"enemies":"Centurion and Healer","floor":28,"turns":5},{"damage":8,"enemies":"Book of Stabbing","floor":30,"turns":4},{"damage":7,"enemies":"Snake Plant","floor":31,"turns":3},{"damage":48,"enemies":"Champ","floor":33,"turns":12},{"damage":3,"enemies":"Orb Walker","floor":35,"turns":5},{"damage":7,"enemies":"Mind Bloom Boss Battle","floor":37,"turns":4},{"damage":29,"enemies":"3 Darklings","floor":38,"turns":3},{"damage":54,"enemies":"Nemesis","floor":41,"turns":9},{"damage":19,"enemies":"Writhing Mass","floor":46,"turns":4},{"damage":0,"enemies":"Jaw Worm Horde","floor":47,"turns":4},{"damage":30,"enemies":"Reptomancer","floor":48,"turns":3},{"damage":88,"enemies":"Awakened One","floor":50,"turns":14}],"seed_played":"9153140371936118561","potions_obtained":[{"floor":11,"key":"Fruit Juice"},{"floor":12,"key":"SteroidPotion"},{"floor":25,"key":"Weak Potion"},{"floor":30,"key":"SkillPotion"},{"floor":33,"key":"LiquidBronze"},{"floor":35,"key":"Energy Potion"},{"floor":46,"key":"EssenceOfSteel"},{"floor":47,"key":"Weak Potion"}],"is_trial":false,"path_per_floor":["M","?","$","M","?","E","?","R","T","R","E","M","R","$","R","B",null,"M","?","?","?","$","R","E","M","T","R","M","$","E","M","R","B",null,"M","?","?","M","?","R","E","$","T","$","T","M","M","E","R","B",null],"character_chosen":"DEFECT","items_purchased":["Doom and Gloom","Glacier+1","Darkness+1","Lee\u0027s Waffle","BootSequence+1"],"campfire_rested":7,"item_purchase_floors":[3,14,22,42,44],"current_hp_per_floor":[67,60,60,54,51,26,26,46,46,66,49,49,49,49,71,11,74,57,57,57,62,62,62,24,29,34,56,41,41,38,38,60,19,74,74,70,68,46,46,67,21,77,77,77,77,63,70,47,77,28],"gold":116,"neow_bonus":"HUNDRED_GOLD","is_prod":false,"is_daily":false,"chose_seed":false,"campfire_upgraded":2,"win_rate":0,"timestamp":1542998636,"path_taken":["M","?","$","M","?","E","?","R","T","R","E","M","R","?","R","BOSS","M","?","?","?","$","R","E","M","T","R","M","$","E","?","R","BOSS","M","?","?","M","?","R","E","$","T","$","?","M","M","E","R","BOSS"],"build_version":"2018-11-15","purchased_purges":5,"victory":true,"max_hp_per_floor":[75,75,75,75,75,75,69,69,69,69,74,74,74,74,74,74,74,74,74,74,74,74,74,74,74,74,74,74,74,74,74,74,74,74,74,70,70,70,70,70,70,77,77,77,77,77,77,77,77,77],"card_choices":[{"not_picked":["Go for the Eyes","Ball Lightning"],"picked":"Conserve Battery","floor":1},{"not_picked":["BootSequence","Ball Lightning"],"picked":"Capacitor","floor":4},{"not_picked":["Ball Lightning","Compile Driver"],"picked":"Redo","floor":6},{"not_picked":["Steam","Hyperbeam"],"picked":"Conserve Battery","floor":11},{"not_picked":["Steam Power+1","Double Energy+1"],"picked":"Redo+1","floor":12},{"not_picked":["Fission+1","Biased Cognition"],"picked":"Multi-Cast+1","floor":16},{"not_picked":["Barrage","Go for the Eyes+1","Ball Lightning+1"],"picked":"SKIP","floor":18},{"not_picked":["Conserve Battery+1","Steam Power+1"],"picked":"Fission+1","floor":24},{"not_picked":["Hello World","Turbo+1"],"picked":"Doom and Gloom+1","floor":25},{"not_picked":["Compile Driver","White Noise+1"],"picked":"Melter+1","floor":28},{"not_picked":["Barrage+1","Gash+1","Recycle+1"],"picked":"SKIP","floor":30},{"not_picked":["Aggregate+1","Conserve Battery+1","Streamline+1"],"picked":"SKIP","floor":31},{"not_picked":["Creative AI","Machine Learning"],"picked":"Seek+1","floor":33},{"not_picked":["Capacitor+1","Cold Snap","Sweeping Beam"],"picked":"SKIP","floor":35},{"not_picked":["Undo+1","Streamline+1","Beam Cell"],"picked":"SKIP","floor":38},{"not_picked":["Gash+1","Steam+1"],"picked":"Darkness+1","floor":41},{"not_picked":["Sweeping Beam+1","Genetic Algorithm+1","Leap+1"],"picked":"SKIP","floor":46},{"not_picked":["Tempest+1","Hologram+1"],"picked":"Sunder","floor":47},{"not_picked":["Conserve Battery+1","Rip and Tear"],"picked":"Multi-Cast+1","floor":48}],"player_experience":234904,"relics_obtained":[{"floor":6,"key":"Bronze Scales"},{"floor":9,"key":"Mercury Hourglass"},{"floor":11,"key":"Toxic Egg 2"},{"floor":24,"key":"Vajra"},{"floor":30,"key":"Blood Vial"},{"floor":37,"key":"Bird Faced Urn"},{"floor":41,"key":"Regal Pillow"},{"floor":43,"key":"Smiling Mask"},{"floor":45,"key":"DataDisk"},{"floor":48,"key":"Orichalcum"}],"event_choices":[{"cards_removed":["Strike_B"],"damage_healed":0,"gold_gain":0,"player_choice":"Card Removal","damage_taken":7,"max_hp_gain":0,"max_hp_loss":0,"event_name":"Golden Wing","floor":2,"gold_loss":0},{"damage_healed":0,"gold_gain":0,"player_choice":"Success","damage_taken":3,"relics_obtained":["Bag of Preparation"],"max_hp_gain":0,"max_hp_loss":0,"event_name":"Scrap Ooze","floor":5,"gold_loss":0},{"damage_healed":0,"gold_gain":0,"player_choice":"Lose Max HP","damage_taken":0,"relics_obtained":["Golden Idol"],"max_hp_gain":0,"max_hp_loss":6,"event_name":"Golden Idol","floor":7,"gold_loss":0},{"damage_healed":0,"gold_gain":0,"player_choice":"Gave Idol","damage_taken":0,"relics_obtained":["Bloody Idol"],"max_hp_gain":0,"max_hp_loss":0,"event_name":"Forgotten Altar","floor":19,"relics_lost":["Golden Idol"],"gold_loss":0},{"damage_healed":0,"gold_gain":0,"player_choice":"Ignored","damage_taken":0,"max_hp_gain":0,"max_hp_loss":0,"event_name":"Ghosts","floor":20,"gold_loss":0},{"damage_healed":0,"gold_gain":100,"player_choice":"Pray","damage_taken":0,"max_hp_gain":0,"max_hp_loss":0,"event_name":"Golden Shrine","floor":21,"gold_loss":0},{"damage_healed":0,"gold_gain":0,"player_choice":"Max HP","damage_taken":0,"max_hp_gain":0,"max_hp_loss":4,"event_name":"Winding Halls","floor":36,"gold_loss":0},{"damage_healed":0,"gold_gain":0,"player_choice":"Fight","damage_taken":0,"max_hp_gain":0,"max_hp_loss":0,"event_name":"MindBloom","floor":37,"gold_loss":0},{"damage_healed":0,"gold_gain":0,"player_choice":"Ignored","damage_taken":0,"max_hp_gain":0,"max_hp_loss":0,"event_name":"Mysterious Sphere","floor":39,"gold_loss":0}],"is_beta":false,"boss_relics":[{"not_picked":["Pandora\u0027s Box","Tiny House"],"picked":"Inserter"},{"not_picked":["Runic Pyramid","Astrolabe"],"picked":"Lizard Tail"}],"items_purged_floors":[3,22,29,42,44],"is_endless":false,"potions_floor_spawned":[11,12,25,30,33,35,46,47],"ascension_level":2}