{"gold_per_floor":[117,42,42,60,71,86,96,156,209,209,209,63,63,75,75,75],"floor_reached":16,"playtime":953,"items_purged":["Defend_B"],"score":102,"play_id":"7c595142-45dc-424c-bc52-774fb16254a7","local_time":"20181109043547","is_ascension_mode":false,"campfire_choices":[{"floor":11,"key":"REST"},{"floor":13,"key":"REST"},{"data":"Redo","floor":15,"key":"SMITH"}],"neow_cost":"NONE","seed_source_timestamp":75774952868535,"circlet_count":0,"master_deck":["Strike_B","Strike_B","Strike_B","Defend_B","Defend_B","Defend_B","Zap","Dualcast","Steam","Redo","Redo+1","Turbo","Scrape","Redo"],"relics":["White Beast Statue","Tiny Chest","Dream Catcher","Art of War","Orichalcum"],"potions_floor_usage":[6,6,6,7,8,16,16],"damage_taken":[{"damage":1,"enemies":"Jaw Worm","floor":1,"turns":5},{"damage":14,"enemies":"2 Louse","floor":4,"turns":3},{"damage":1,"enemies":"Cultist","floor":5,"turns":4},{"damage":10,"enemies":"Exordium Wildlife","floor":6,"turns":4},{"damage":19,"enemies":"3 Louse","floor":7,"turns":4},{"damage":17,"enemies":"Gremlin Nob","floor":8,"turns":4},{"damage":7,"enemies":"2 Fungi Beasts","floor":14,"turns":5},{"damage":46,"enemies":"The Guardian","floor":16,"turns":7}],"seed_played":"-7307174491124081356","potions_obtained":[{"floor":1,"key":"Swift Potion"},{"floor":4,"key":"Dexterity Potion"},{"floor":5,"key":"FocusPotion"},{"floor":6,"key":"SneckoOil"},{"floor":7,"key":"Poison Potion"},{"floor":8,"key":"Weak Potion"},{"floor":14,"key":"SteroidPotion"}],"is_trial":false,"path_per_floor":["M","$","?","M","M","M","M","E","T","T","R","$","R","M","R","B"],"character_chosen":"DEFECT","items_purchased":["Orichalcum"],"campfire_rested":2,"item_purchase_floors":[12],"current_hp_per_floor":[74,74,67,53,52,42,23,6,6,6,28,28,50,43,43,0],"gold":75,"neow_bonus":"BOSS_RELIC","is_prod":false,"is_daily":false,"chose_seed":false,"campfire_upgraded":1,"win_rate":0.0,"timestamp":1541734547,"path_taken":["M","$","?","M","M","M","M","E","T","?","R","?","R","M","R","BOSS"],"build_version":"2018-11-08","purchased_purges":1,"victory":false,"max_hp_per_floor":[75,75,75,75,75,75,75,75,75,75,75,75,75,75,75,75],"card_choices":[{"not_picked":["Barrage","Stack"],"picked":"Steam","floor":1},{"not_picked":["Steam","Heatsinks"],"picked":"Redo","floor":4},{"not_picked":["White Noise","Consume","Rip and Tear"],"picked":"SKIP","floor":5},{"not_picked":["Barrage","Consume"],"picked":"Redo","floor":6},{"not_picked":["Sweeping Beam","Stack","Meteor Strike"],"picked":"SKIP","floor":7},{"not_picked":["Loop","Glacier"],"picked":"Turbo","floor":8},{"not_picked":["Auto Shields","Sweeping Beam"],"picked":"Scrape","floor":13},{"not_picked":["Leap","Beam Cell"],"picked":"Redo","floor":14}],"player_experience":189388,"relics_obtained":[{"floor":8,"key":"Tiny Chest"},{"floor":9,"key":"Dream Catcher"},{"floor":10,"key":"Art of War"}],"event_choices":[{"cards_removed":["Strike_B"],"damage_healed":0,"gold_gain":0,"player_choice":"Card Removal","damage_taken":7,"max_hp_gain":0,"max_hp_loss":0,"event_name":"Golden Wing","floor":3,"gold_loss":0}],"is_beta":false,"boss_relics":[],"items_purged_floors":[2],"is_endless":false,"potions_floor_spawned":[1,4,5,6,7,8,14],"killed_by":"The Guardian","ascension_level":0}