{"gold_per_floor":[366,377,394,406,424,424,442,442,516,516,529,555,555,574,574,669,669,683,683,697,697,667,697,442,442,494,494,293,293,319,339,339,436,436,455,506,416,416,416,451,451],"floor_reached":41,"playtime":1836,"items_purged":["Strike_G","Strike_G","Strike_G"],"score":534,"play_id":"52a3ef57-63f5-4012-9c83-c20abdbf9096","local_time":"20190203142626","is_ascension_mode":false,"campfire_choices":[{"data":"Catalyst","floor":6,"key":"SMITH"},{"data":"Catalyst","floor":8,"key":"SMITH"},{"data":"Deadly Poison","floor":10,"key":"SMITH"},{"data":"Bouncing Flask","floor":13,"key":"SMITH"},{"floor":15,"key":"REST"},{"data":"Survivor","floor":25,"key":"SMITH"},{"floor":27,"key":"REST"},{"data":"Neutralize","floor":29,"key":"SMITH"},{"floor":32,"key":"REST"}],"neow_cost":"CURSE","seed_source_timestamp":1120758452616214,"circlet_count":0,"master_deck":["Defend_G","Defend_G","Defend_G","Defend_G","Defend_G","Strike_G","Survivor+1","Neutralize+1","Parasite","Catalyst+1","Quick Slash+1","Deadly Poison+1","Catalyst+1","Bouncing Flask+1","Footwork+1","Backflip"],"relics":["Ring of the Snake","Singing Bowl","Anchor","theJungle:WildPear","The Specimen","Membership Card","Happy Flower","Lantern","Juzu Bracelet","Centennial Puzzle","Dead Branch","Boot"],"potions_floor_usage":[7,7,12,23,23,23,30,31,36],"damage_taken":[{"damage":1,"enemies":"Cultist","floor":1,"turns":4},{"damage":2,"enemies":"Small Slimes","floor":2,"turns":6},{"damage":6,"enemies":"Jaw Worm","floor":3,"turns":7},{"damage":9,"enemies":"Blue Slaver","floor":4,"turns":5},{"damage":8,"enemies":"Gremlin Gang","floor":5,"turns":6},{"damage":0,"enemies":"2 Fungi Beasts","floor":7,"turns":2},{"damage":0,"enemies":"Large Slime","floor":11,"turns":2},{"damage":13,"enemies":"Lagavulin","floor":12,"turns":3},{"damage":0,"enemies":"Blue Slaver","floor":14,"turns":2},{"damage":9,"enemies":"The Guardian","floor":16,"turns":4},{"damage":0,"enemies":"theJungle:Flameango_and_Byrd","floor":18,"turns":3},{"damage":6,"enemies":"theJungle:GiantWrat","floor":20,"turns":3},{"damage":24,"enemies":"theJungle:MamaSnecko","floor":23,"turns":4},{"damage":9,"enemies":"theJungle:Cassacara","floor":30,"turns":3},{"damage":0,"enemies":"theJungle:2_Snecko_Cultists","floor":31,"turns":3},{"damage":3,"enemies":"theJungle:QueenSpyder","floor":33,"turns":3},{"damage":0,"enemies":"3 Shapes","floor":35,"turns":3},{"damage":74,"enemies":"2 Orb Walkers","floor":36,"turns":5},{"damage":17,"enemies":"Nemesis","floor":40,"turns":5},{"damage":15,"enemies":"3 Darklings","floor":41,"turns":4}],"seed_played":"4945994426675666033","potions_obtained":[{"floor":1,"key":"FearPotion"},{"floor":3,"key":"Poison Potion"},{"floor":5,"key":"Weak Potion"},{"floor":11,"key":"Weak Potion"},{"floor":22,"key":"Energy Potion"},{"floor":22,"key":"LiquidBronze"},{"floor":30,"key":"Poison Potion"},{"floor":35,"key":"EssenceOfSteel"}],"is_trial":false,"path_per_floor":["M","M","M","M","M","R","M","R","T","R","M","E","R","M","R","B",null,"M","?","M","?","?","E","$","R","T","R","$","R","E","M","R","B",null,"M","?","$","?","?","E","M"],"character_chosen":"THE_SILENT","items_purchased":["Membership Card","Poison Potion","Lantern","Juzu Bracelet","Backflip"],"campfire_rested":3,"item_purchase_floors":[24,24,28,28,37],"current_hp_per_floor":[69,67,61,52,44,44,44,44,44,44,46,35,35,37,59,52,78,80,80,76,86,86,64,64,64,64,92,92,92,85,85,96,95,98,100,28,28,28,28,13,0],"gold":451,"neow_bonus":"TWO_FIFTY_GOLD","is_prod":false,"is_daily":false,"chose_seed":false,"campfire_upgraded":6,"win_rate":0,"timestamp":1549200386,"path_taken":["M","?","M","M","M","R","M","R","T","R","M","E","R","M","R","BOSS","M","?","?","?","?","E","$","R","T","R","$","R","E","M","R","BOSS","M","?","$","?","?","E","M"],"build_version":"2019-01-23","purchased_purges":3,"victory":false,"max_hp_per_floor":[70,70,70,70,70,70,70,70,70,70,72,74,74,76,76,78,78,80,80,82,92,92,94,94,94,94,94,94,94,96,96,96,98,98,100,102,102,102,102,104,104],"card_choices":[{"not_picked":["PiercingWail","Prepared"],"picked":"Catalyst","floor":1},{"not_picked":["Dagger Spray","Cloak And Dagger"],"picked":"Quick Slash","floor":2},{"not_picked":["Slice","Blade Dance"],"picked":"Deadly Poison","floor":3},{"not_picked":["Bane","Prepared"],"picked":"Catalyst","floor":4},{"not_picked":["Underhanded Strike","Eviscerate"],"picked":"Bouncing Flask","floor":5},{"not_picked":["Choke","Slice","Cloak And Dagger"],"picked":"SKIP","floor":7},{"not_picked":["Well Laid Plans","Dodge and Roll","Slice"],"picked":"Singing Bowl","floor":11},{"not_picked":["Phantasmal Killer","Dagger Throw","Outmaneuver"],"picked":"Singing Bowl","floor":12},{"not_picked":["PiercingWail","All Out Attack","Caltrops"],"picked":"Singing Bowl","floor":14},{"not_picked":["Doppelganger","A Thousand Cuts","Wraith Form v2"],"picked":"Singing Bowl","floor":16},{"not_picked":["Dagger Spray","Infinite Blades+1","Quick Slash"],"picked":"Singing Bowl","floor":18},{"not_picked":["Dodge and Roll","Underhanded Strike+1","Outmaneuver+1"],"picked":"Singing Bowl","floor":20},{"not_picked":["Poisoned Stab","Expertise","Heel Hook+1"],"picked":"Singing Bowl","floor":23},{"not_picked":["Reflex","Riddle With Holes+1","Acrobatics"],"picked":"Singing Bowl","floor":30},{"not_picked":["Terror+1","Expertise"],"picked":"Footwork+1","floor":31},{"not_picked":["Tools of the Trade","After Image","Malaise"],"picked":"Singing Bowl","floor":33},{"not_picked":["Quick Slash+1","Well Laid Plans+1","Flying Knee+1"],"picked":"Singing Bowl","floor":35},{"not_picked":["Slice","Setup","Deadly Poison"],"picked":"Singing Bowl","floor":36},{"not_picked":["PiercingWail+1","All Out Attack+1","Heel Hook+1"],"picked":"Singing Bowl","floor":40}],"player_experience":297153,"relics_obtained":[{"floor":9,"key":"Singing Bowl"},{"floor":12,"key":"Anchor"},{"floor":23,"key":"The Specimen"},{"floor":26,"key":"Happy Flower"},{"floor":30,"key":"Centennial Puzzle"},{"floor":36,"key":"Dead Branch"},{"floor":40,"key":"Boot"}],"event_choices":[{"damage_healed":0,"gold_gain":0,"player_choice":"Upgraded","damage_taken":0,"max_hp_gain":0,"max_hp_loss":0,"event_name":"Upgrade Shrine","floor":19,"gold_loss":0,"cards_upgraded":["Quick Slash"]},{"damage_healed":0,"gold_gain":0,"player_choice":"Bought 2 Potions","damage_taken":0,"max_hp_gain":0,"max_hp_loss":0,"event_name":"The Woman in Blue","floor":22,"gold_loss":0},{"damage_healed":0,"gold_gain":0,"player_choice":"Fight","damage_taken":0,"max_hp_gain":0,"max_hp_loss":0,"event_name":"Mysterious Sphere","floor":36,"gold_loss":0},{"damage_healed":0,"gold_gain":0,"player_choice":"Ignored","damage_taken":0,"max_hp_gain":0,"max_hp_loss":0,"event_name":"Tomb of Lord Red Mask","floor":38,"gold_loss":0},{"cards_removed":["Strike_G"],"damage_healed":0,"gold_gain":0,"player_choice":"Removed Attack","damage_taken":0,"max_hp_gain":0,"max_hp_loss":0,"event_name":"Falling","floor":39,"gold_loss":0}],"is_beta":false,"boss_relics":[{"not_picked":["Busted Crown","Fusion Hammer","Runic Dome"]},{"not_picked":["Ectoplasm","Philosopher\u0027s Stone","Cursed Key"]}],"items_purged_floors":[24,28,37],"is_endless":false,"potions_floor_spawned":[1,3,5,11,30,35],"killed_by":"3 Darklings","ascension_level":0}