{"gold_per_floor":[114,114,131,144,34,34,50,50,50,61,61,61,61,14,14,115,115,134,159,176,176,193,193,203,80,157,182,182,209,209,14,14,117,117,130,130,143,18,28,55,55,84,108,137,137,153,167,179,179,179],"floor_reached":51,"playtime":5089,"items_purged":["Strike_B","Strike_B","Defend_B"],"score":795,"play_id":"af9b55ae-a963-4787-bad3-e7108ef3bc3e","local_time":"20190218225018","is_ascension_mode":false,"campfire_choices":[{"data":"Genetic Algorithm","floor":6,"key":"SMITH"},{"data":"Zap","floor":8,"key":"SMITH"},{"data":"Dualcast","floor":11,"key":"SMITH"},{"data":"Consume","floor":13,"key":"SMITH"},{"data":"Coolheaded","floor":15,"key":"SMITH"},{"data":"Capacitor","floor":23,"key":"SMITH"},{"data":"Barrage","floor":28,"key":"SMITH"},{"data":"Seek","floor":30,"key":"SMITH"},{"data":"Capacitor","floor":32,"key":"SMITH"},{"floor":41,"key":"REST"},{"floor":45,"key":"REST"},{"floor":49,"key":"REST"}],"neow_cost":"NONE","seed_source_timestamp":276939325348502,"circlet_count":0,"master_deck":["Strike_B","Defend_B","Defend_B","Defend_B","Zap+1","Dualcast+1","Capacitor+1","Cold Snap","Chill","Genetic Algorithm+1","Barrage+1","Consume+1","Coolheaded+1","Electrodynamics","Hologram+1","Leap+1","Self Repair+1","Lockon+1","Cold Snap","Seek+1","Conserve Battery","Capacitor+1","Reboot","Barrage+1","Ball Lightning+1","Loop","Static Discharge+1","Loop+1","Darkness+1"],"relics":["Cracked Core","Pear","Eternal Feather","Red Mask","Letter Opener","Matryoshka","Centennial Puzzle","Lantern","Fusion Hammer","Ornamental Fan","Bag of Preparation","Pen Nib","Potion Belt","Frozen Egg 2"],"potions_floor_usage":[16,18,20,24,42,50,50],"damage_taken":[{"damage":0,"enemies":"2 Louse","floor":1,"turns":3},{"damage":1,"enemies":"Cultist","floor":3,"turns":3},{"damage":6,"enemies":"Jaw Worm","floor":4,"turns":3},{"damage":5,"enemies":"2 Fungi Beasts","floor":7,"turns":5},{"damage":2,"enemies":"3 Louse","floor":10,"turns":3},{"damage":0,"enemies":"Slime Boss","floor":16,"turns":10},{"damage":20,"enemies":"2 Thieves","floor":18,"turns":3},{"damage":37,"enemies":"Masked Bandits","floor":19,"turns":5},{"damage":0,"enemies":"3 Byrds","floor":20,"turns":3},{"damage":21,"enemies":"Shelled Parasite and Fungi","floor":22,"turns":9},{"damage":23,"enemies":"Snake Plant","floor":24,"turns":6},{"damage":26,"enemies":"Book of Stabbing","floor":27,"turns":7},{"damage":7,"enemies":"Collector","floor":33,"turns":11},{"damage":13,"enemies":"3 Darklings","floor":35,"turns":4},{"damage":7,"enemies":"Orb Walker","floor":37,"turns":3},{"damage":5,"enemies":"Maw","floor":39,"turns":7},{"damage":0,"enemies":"Giant Head","floor":40,"turns":8},{"damage":18,"enemies":"Nemesis","floor":42,"turns":5},{"damage":3,"enemies":"Reptomancer","floor":44,"turns":5},{"damage":0,"enemies":"Jaw Worm Horde","floor":46,"turns":4},{"damage":19,"enemies":"Spire Growth","floor":47,"turns":5},{"damage":3,"enemies":"Writhing Mass","floor":48,"turns":7},{"damage":58,"enemies":"Time Eater","floor":50,"turns":8}],"seed_played":"-5953332838270895305","potions_obtained":[{"floor":1,"key":"Poison Potion"},{"floor":3,"key":"GamblersBrew"},{"floor":4,"key":"FocusPotion"},{"floor":7,"key":"Swift Potion"},{"floor":16,"key":"Energy Potion"},{"floor":19,"key":"SpeedPotion"},{"floor":22,"key":"Regen Potion"},{"floor":33,"key":"LiquidBronze"},{"floor":35,"key":"Strength Potion"},{"floor":42,"key":"Fire Potion"},{"floor":47,"key":"Energy Potion"}],"is_trial":false,"path_per_floor":["?","M","?","$","?","?","T","$","$","M","M"],"character_chosen":"DEFECT","items_purchased":["Chill","Genetic Algorithm","Coolheaded","Cold Snap","Conserve Battery","Capacitor"],"campfire_rested":3,"item_purchase_floors":[5,5,14,25,31,31],"current_hp_per_floor":[82,82,81,75,75,75,70,70,80,78,78,78,78,78,78,78,92,72,35,35,65,44,56,57,57,57,41,53,53,65,65,77,80,92,89,89,92,92,92,92,92,74,74,81,92,92,83,90,92,44],"gold":179,"neow_bonus":"TEN_PERCENT_HP_BONUS","is_prod":false,"is_daily":false,"chose_seed":false,"campfire_upgraded":9,"win_rate":0.0,"timestamp":1550555418,"path_taken":["M","?","M","M","$","R","?","R","T","M","R","?","R","?","R","BOSS","M","?","M","?","M","R","M","$","T","E","R","?","R","?","R","BOSS","M","?","M","$","M","E","R","E","T","E","R","?","?","M","R","BOSS"],"build_version":"2019-01-23","purchased_purges":3,"victory":true,"max_hp_per_floor":[82,82,82,82,82,82,82,82,92,92,92,92,92,92,92,92,92,92,92,92,92,92,92,92,92,92,92,92,92,92,92,92,92,92,92,92,92,92,92,92,92,92,92,92,92,92,92,92,92,92],"card_choices":[{"not_picked":["Sweeping Beam","Compile Driver"],"picked":"Capacitor","floor":1},{"not_picked":["Melter","Beam Cell"],"picked":"Cold Snap","floor":3},{"not_picked":["Turbo","BootSequence","Thunder Strike"],"picked":"SKIP","floor":4},{"not_picked":["Sweeping Beam","Gash"],"picked":"Barrage","floor":7},{"not_picked":["Auto Shields","Rebound"],"picked":"Consume","floor":10},{"not_picked":["Seek","Thunder Strike"],"picked":"Electrodynamics","floor":16},{"not_picked":["Barrage","Undo","Streamline"],"picked":"SKIP","floor":18},{"not_picked":["Sweeping Beam","Go for the Eyes"],"picked":"Hologram+1","floor":19},{"not_picked":["Conserve Battery","Barrage"],"picked":"Leap+1","floor":20},{"not_picked":["Rebound","Gash+1"],"picked":"Self Repair+1","floor":22},{"not_picked":["Reboot","Go for the Eyes"],"picked":"Lockon+1","floor":24},{"not_picked":["Compile Driver","Streamline+1"],"picked":"Seek","floor":27},{"not_picked":["Thunder Strike","Seek"],"picked":"Reboot","floor":33},{"not_picked":["Stack+1","Ball Lightning+1"],"picked":"Barrage+1","floor":35},{"not_picked":["Steam+1","Streamline"],"picked":"Ball Lightning+1","floor":37},{"not_picked":["Rebound+1","Chaos","Hologram+1"],"picked":"SKIP","floor":39},{"not_picked":["Stack+1","Undo","Seek"],"picked":"SKIP","floor":40},{"not_picked":["Chill+1","Creative AI"],"picked":"Loop","floor":42},{"not_picked":["Turbo","Compile Driver"],"picked":"Static Discharge+1","floor":44},{"not_picked":["Genetic Algorithm","Undo","Sweeping Beam+1"],"picked":"SKIP","floor":46},{"not_picked":["Sweeping Beam","Steam+1"],"picked":"Loop+1","floor":47},{"not_picked":["Blizzard","Rebound"],"picked":"Darkness+1","floor":48}],"player_experience":41552,"relics_obtained":[{"floor":9,"key":"Pear"},{"floor":19,"key":"Red Mask"},{"floor":26,"key":"Letter Opener"},{"floor":27,"key":"Matryoshka"},{"floor":29,"key":"Centennial Puzzle"},{"floor":29,"key":"Lantern"},{"floor":40,"key":"Ornamental Fan"},{"floor":42,"key":"Bag of Preparation"},{"floor":43,"key":"Pen Nib"},{"floor":43,"key":"Potion Belt"},{"floor":44,"key":"Frozen Egg 2"}],"event_choices":[{"cards_removed":["Strike_B"],"damage_healed":0,"gold_gain":0,"player_choice":"Offered Basic","damage_taken":0,"max_hp_gain":0,"max_hp_loss":0,"event_name":"Bonfire Elementals","floor":2,"gold_loss":0},{"damage_healed":0,"gold_gain":0,"player_choice":"Ignored","damage_taken":0,"max_hp_gain":0,"max_hp_loss":0,"event_name":"Liars Game","floor":12,"gold_loss":0},{"damage_healed":0,"gold_gain":0,"player_choice":"Fought Bandits","damage_taken":0,"max_hp_gain":0,"max_hp_loss":0,"event_name":"Masked Bandits","floor":19,"gold_loss":0},{"damage_healed":30,"gold_gain":0,"player_choice":"Heal","damage_taken":0,"max_hp_gain":0,"max_hp_loss":0,"event_name":"The Library","floor":21,"gold_loss":0}],"is_beta":false,"boss_relics":[{"not_picked":["Calling Bell","Tiny House"],"picked":"Eternal Feather"},{"not_picked":["Runic Pyramid","Inserter"],"picked":"Fusion Hammer"}],"items_purged_floors":[25,31,38],"is_endless":false,"potions_floor_spawned":[1,3,4,7,16,19,22,33,35,37,42,47],"ascension_level":0}