{"gold_per_floor":[13,13,88,16,41,41,72,92,117,117,133,156,156,175,175,296,296,320,343,43,43,61,61,79,79,105,105,105],"floor_reached":28,"playtime":2942,"items_purged":[],"score":355,"play_id":"22eb37f1-8139-48f5-aa4a-25effa7920b6","local_time":"20190503113845","is_ascension_mode":true,"campfire_choices":[{"floor":6,"key":"REST"},{"floor":10,"key":"REST"},{"floor":13,"key":"REST"},{"floor":15,"key":"REST"},{"floor":23,"key":"REST"},{"floor":25,"key":"REST"}],"neow_cost":"NO_GOLD","seed_source_timestamp":1275349616634800,"circlet_count":0,"master_deck":["AscendersBane","Defend_B","Defend_B","Defend_B","Defend_B","Zap","Dualcast","Dramatic Entrance","Deep Breath","Doom and Gloom","Leap","Go for the Eyes","Ball Lightning","Leap","Sweeping Beam","Biased Cognition","Echo Form","Capacitor","Reinforced Body","Conserve Battery","Bite","Bite","Bite","Bite","Bite"],"relics":["Cracked Core","Golden Idol","PreservedInsect","DataDisk","Snecko Eye","FossilizedHelix","Nilry\u0027s Codex","Dream Catcher"],"potions_floor_usage":[5,7,12,22,22,24,28],"damage_taken":[{"damage":2,"enemies":"2 Louse","floor":1,"turns":2},{"damage":8,"enemies":"Jaw Worm","floor":5,"turns":4},{"damage":51,"enemies":"Gremlin Nob","floor":7,"turns":6},{"damage":5,"enemies":"Small Slimes","floor":8,"turns":3},{"damage":8,"enemies":"3 Louse","floor":11,"turns":2},{"damage":1,"enemies":"Looter","floor":12,"turns":2},{"damage":2,"enemies":"Large Slime","floor":14,"turns":4},{"damage":35,"enemies":"The Guardian","floor":16,"turns":11},{"damage":11,"enemies":"Spheric Guardian","floor":18,"turns":5},{"damage":8,"enemies":"3 Byrds","floor":19,"turns":4},{"damage":19,"enemies":"Snake Plant","floor":22,"turns":6},{"damage":7,"enemies":"Centurion and Healer","floor":24,"turns":7},{"damage":59,"enemies":"Cultist and Chosen","floor":28,"turns":4}],"seed_played":"-1355974975160516838","potions_obtained":[{"floor":5,"key":"Block Potion"},{"floor":11,"key":"Poison Potion"},{"floor":12,"key":"Block Potion"},{"floor":16,"key":"Weak Potion"},{"floor":22,"key":"FocusPotion"},{"floor":24,"key":"Poison Potion"}],"is_trial":false,"path_per_floor":["?","?","?","?"],"character_chosen":"DEFECT","items_purchased":["Regen Potion","FossilizedHelix"],"campfire_rested":6,"item_purchase_floors":[4,20],"current_hp_per_floor":[66,48,37,37,41,63,12,7,7,29,21,20,42,40,62,27,63,52,44,44,28,9,31,24,46,46,46,0],"gold":105,"neow_bonus":"RANDOM_COLORLESS_2","is_prod":false,"is_daily":false,"chose_seed":false,"campfire_upgraded":0,"win_rate":0,"timestamp":1556905125,"path_taken":["M","?","?","$","M","R","E","M","T","R","M","M","R","M","R","BOSS","M","M","$","?","M","R","M","R","T","?","M"],"build_version":"2019-01-23","purchased_purges":0,"victory":false,"max_hp_per_floor":[75,75,75,75,75,75,75,75,75,75,75,75,75,75,75,75,75,75,75,75,75,75,75,75,75,75,52,52],"card_choices":[{"not_picked":["Redo","Turbo"],"picked":"Doom and Gloom","floor":1},{"not_picked":["Cold Snap","Sweeping Beam"],"picked":"Leap","floor":5},{"not_picked":["Static Discharge","Hello World"],"picked":"Go for the Eyes","floor":7},{"not_picked":["Compile Driver","Leap"],"picked":"Ball Lightning","floor":8},{"not_picked":["Turbo","Darkness"],"picked":"Leap","floor":11},{"not_picked":["Steam","Go for the Eyes"],"picked":"Sweeping Beam","floor":12},{"not_picked":["Cold Snap","Conserve Battery"],"picked":"Biased Cognition","floor":14},{"not_picked":["Meteor Strike","Seek"],"picked":"Echo Form","floor":16},{"not_picked":["Redo","Melter","Hologram+1"],"picked":"SKIP","floor":18},{"not_picked":["Beam Cell","Conserve Battery"],"picked":"Capacitor","floor":19},{"not_picked":["Chill","Steam+1"],"picked":"Reinforced Body","floor":22},{"not_picked":["Gash+1","Reinforced Body+1"],"picked":"Conserve Battery","floor":24}],"player_experience":635257,"relics_obtained":[{"floor":7,"key":"PreservedInsect"},{"floor":9,"key":"DataDisk"},{"floor":21,"key":"Nilry\u0027s Codex"},{"floor":26,"key":"Dream Catcher"}],"event_choices":[{"damage_healed":0,"gold_gain":0,"player_choice":"Take Damage","damage_taken":18,"relics_obtained":["Golden Idol"],"max_hp_gain":0,"max_hp_loss":0,"event_name":"Golden Idol","floor":2,"gold_loss":0},{"damage_healed":0,"gold_gain":75,"player_choice":"Gather Gold","damage_taken":11,"max_hp_gain":0,"max_hp_loss":0,"event_name":"World of Goop","floor":3,"gold_loss":0},{"damage_healed":0,"gold_gain":0,"player_choice":"Obtained Book","damage_taken":16,"max_hp_gain":0,"max_hp_loss":0,"event_name":"Cursed Tome","floor":21,"gold_loss":0},{"damage_healed":0,"gold_gain":0,"player_choice":"Became a vampire","damage_taken":0,"max_hp_gain":0,"max_hp_loss":23,"event_name":"Vampires","floor":27,"gold_loss":0,"cards_obtained":["Bite","Bite","Bite","Bite","Bite"]}],"is_beta":false,"boss_relics":[{"not_picked":["Pandora\u0027s Box","Coffee Dripper"],"picked":"Snecko Eye"}],"items_purged_floors":[],"is_endless":false,"potions_floor_spawned":[5,11,12,16,22,24],"killed_by":"Cultist and Chosen","ascension_level":10}