{"gold_per_floor":[114,129,129,144,45,75,75,90,115,115,115,115,145,160,160,160],"floor_reached":16,"playtime":913,"items_purged":[],"score":110,"play_id":"4bce2d52-f5c3-4274-a4cd-32d8470058a8","local_time":"20181113114501","daily_mods":["Chimera","Colorless Cards","Lethality"],"is_ascension_mode":false,"campfire_choices":[{"floor":11,"key":"REST"},{"floor":15,"key":"REST"}],"neow_cost":"","seed_source_timestamp":0,"circlet_count":0,"master_deck":["Bash","Survivor","Zap","Strike_R+1","Strike_G","Strike_B+1","Defend_R","Defend_G","Defend_B","Gash+1","Turbo","Streamline+1","Finesse+1","Rebound"],"special_seed":17848,"relics":["Cracked Core","Calipers","Ancient Tea Set","Whetstone"],"potions_floor_usage":[6,6,13,14],"damage_taken":[{"damage":4.0,"enemies":"Cultist","floor":1.0,"turns":3.0},{"damage":2.0,"enemies":"Small Slimes","floor":2.0,"turns":3.0},{"damage":0.0,"enemies":"2 Louse","floor":4.0,"turns":2.0},{"damage":37,"enemies":"3 Sentries","floor":6,"turns":6},{"damage":0,"enemies":"Large Slime","floor":8,"turns":2},{"damage":3,"enemies":"Lagavulin","floor":13,"turns":4},{"damage":17,"enemies":"Lots of Slimes","floor":14,"turns":3},{"damage":60,"enemies":"Slime Boss","floor":16,"turns":8}],"seed_played":"-6844763107300469572","potions_obtained":[{"floor":1.0,"key":"SkillPotion"},{"floor":4.0,"key":"GamblersBrew"},{"floor":6,"key":"FearPotion"},{"floor":13,"key":"Dexterity Potion"}],"is_trial":false,"path_per_floor":["M","M","?","M","M","$","E","?","M","T","?","R","?","E","M","R","B"],"character_chosen":"DEFECT","items_purchased":["Turbo","Streamline"],"campfire_rested":2,"item_purchase_floors":[5,5],"current_hp_per_floor":[71,69,69,69,69,32,32,32,32,32,54,54,51,34,56,0],"gold":160,"neow_bonus":"","is_prod":false,"is_daily":true,"chose_seed":false,"campfire_upgraded":0,"win_rate":0.0,"timestamp":1542105901,"path_taken":["M","?","?","?","$","E","?","M","T","?","R","?","E","M","R","BOSS"],"build_version":"2018-11-08","purchased_purges":0,"victory":false,"max_hp_per_floor":[75,75,75,75,75,75,75,75,75,75,75,75,75,75,75,75],"card_choices":[{"not_picked":["Skim","Chaos"],"picked":"Gash","floor":1.0},{"not_picked":["Swift Strike","Leap","Beam Cell"],"picked":"SKIP","floor":2.0},{"not_picked":["Aggregate","Doom and Gloom","Defragment"],"picked":"SKIP","floor":4.0},{"not_picked":["Aggregate","Doom and Gloom","Defragment"],"picked":"SKIP","floor":4.0},{"not_picked":["Stack","Capacitor","Hologram"],"picked":"SKIP","floor":6},{"not_picked":["Turbo","Leap"],"picked":"Finesse","floor":8},{"not_picked":["Purity","Leap","Swift Strike"],"picked":"SKIP","floor":13},{"not_picked":["Coolheaded","Go for the Eyes"],"picked":"Rebound","floor":14}],"player_experience":195354,"relics_obtained":[{"floor":6,"key":"Calipers"},{"floor":9,"key":"Ancient Tea Set"},{"floor":13,"key":"Whetstone"}],"event_choices":[{"damage_healed":0.0,"max_hp_gain":0.0,"max_hp_loss":0.0,"gold_gain":0.0,"event_name":"Accursed Blacksmith","player_choice":"Forge","floor":3.0,"gold_loss":0.0,"damage_taken":0.0,"cards_upgraded":["Gash"]},{"damage_healed":0,"gold_gain":0,"player_choice":"Grow","damage_taken":0,"max_hp_gain":0,"max_hp_loss":0,"event_name":"Living Wall","floor":7,"gold_loss":0,"cards_upgraded":["Streamline"]},{"damage_healed":0,"gold_gain":0,"player_choice":"Ignored","damage_taken":0,"max_hp_gain":0,"max_hp_loss":0,"event_name":"Liars Game","floor":10,"gold_loss":0},{"damage_healed":0,"gold_gain":0,"player_choice":"Upgraded","damage_taken":0,"max_hp_gain":0,"max_hp_loss":0,"event_name":"Upgrade Shrine","floor":12,"gold_loss":0,"cards_upgraded":["Finesse"]}],"is_beta":false,"boss_relics":[],"items_purged_floors":[],"is_endless":false,"potions_floor_spawned":[1,4,6,13],"killed_by":"Slime Boss","ascension_level":0}