{"gold_per_floor":[109,37,7,7,27,45,78,95,95,95],"floor_reached":10,"playtime":263,"items_purged":[],"score":71,"play_id":"c2dbe8b0-66c8-4f9a-9d04-1da1419bd229","local_time":"20190111224235","is_ascension_mode":true,"campfire_choices":[],"neow_cost":"NONE","seed_source_timestamp":13954762554295,"circlet_count":0,"master_deck":["Strike_B","Strike_B","Strike_B","Strike_B","Defend_B","Defend_B","Defend_B","Defend_B","Zap","Dualcast","Static Discharge","Capacitor","Hologram","Ball Lightning","Self Repair","Seek"],"relics":["Cracked Core","FaceOfCleric","Regal Pillow"],"potions_floor_usage":[7,7,10],"damage_taken":[{"damage":7,"enemies":"2 Louse","floor":1,"turns":3},{"damage":8,"enemies":"Jaw Worm","floor":5,"turns":3},{"damage":9,"enemies":"Cultist","floor":6,"turns":4},{"damage":28,"enemies":"Lagavulin","floor":7,"turns":5},{"damage":17,"enemies":"Looter","floor":8,"turns":4},{"damage":24,"enemies":"Exordium Wildlife","floor":10,"turns":3}],"seed_played":"-6185178607248934092","potions_obtained":[{"floor":5,"key":"FearPotion"},{"floor":6,"key":"EssenceOfSteel"},{"floor":8,"key":"FocusPotion"}],"is_trial":false,"path_per_floor":["M","$","?","?","M","M","E","M","T","M"],"character_chosen":"DEFECT","items_purchased":["Capacitor"],"campfire_rested":0,"item_purchase_floors":[2],"current_hp_per_floor":[75,75,75,75,68,60,33,24,24,0],"gold":95,"neow_bonus":"TEN_PERCENT_HP_BONUS","is_prod":false,"is_daily":false,"chose_seed":false,"campfire_upgraded":0,"win_rate":0,"timestamp":1547275355,"path_taken":["M","$","?","?","M","M","E","M","T","M"],"build_version":"2019-01-10","purchased_purges":0,"victory":false,"max_hp_per_floor":[82,82,82,82,83,84,85,86,86,86],"card_choices":[{"not_picked":["Hologram","Steam"],"picked":"Static Discharge","floor":1},{"not_picked":["Go for the Eyes","Ball Lightning"],"picked":"Hologram","floor":5},{"not_picked":["Coolheaded","Blizzard"],"picked":"Ball Lightning","floor":6},{"not_picked":["Rebound","Cold Snap"],"picked":"Self Repair","floor":7},{"not_picked":["Scrape","Compile Driver"],"picked":"Seek","floor":8}],"player_experience":331245,"relics_obtained":[{"floor":7,"key":"Regal Pillow"}],"event_choices":[{"damage_healed":0,"gold_gain":0,"player_choice":"Left Gold","damage_taken":0,"max_hp_gain":0,"max_hp_loss":0,"event_name":"World of Goop","floor":3,"gold_loss":30},{"damage_healed":0,"gold_gain":0,"player_choice":"Trade","damage_taken":0,"relics_obtained":["FaceOfCleric"],"max_hp_gain":0,"max_hp_loss":0,"event_name":"FaceTrader","floor":4,"gold_loss":0}],"is_beta":false,"boss_relics":[],"items_purged_floors":[],"is_endless":false,"potions_floor_spawned":[5,6,8],"killed_by":"Exordium Wildlife","ascension_level":1}