{"gold_per_floor":[116,116,126,141,158,190,190,209,236,236,254,254,98,117,117,117],"floor_reached":16,"playtime":1993,"items_purged":[],"score":104,"play_id":"2f86809c-a286-4da5-8782-6d999b64522e","local_time":"20181204213635","is_ascension_mode":false,"campfire_choices":[{"floor":7,"key":"REST"},{"data":"Zap","floor":10,"key":"SMITH"},{"floor":12,"key":"REST"},{"floor":15,"key":"REST"}],"neow_cost":"NONE","seed_source_timestamp":345905206966191,"circlet_count":0,"master_deck":["Strike_B","Strike_B","Strike_B","Strike_B","Defend_B","Defend_B","Defend_B","Zap+1","Dualcast","Undo","Self Repair","Rebound","Tempest","Capacitor+1","Conserve Battery","Loop+1","Ball Lightning","Steam","Hyperbeam"],"relics":["Cracked Core","Pen Nib","Frozen Egg 2","Dream Catcher","Lantern"],"potions_floor_usage":[16,16,16],"damage_taken":[{"damage":1,"enemies":"Jaw Worm","floor":1,"turns":3},{"damage":1,"enemies":"Cultist","floor":3,"turns":3},{"damage":7,"enemies":"2 Louse","floor":4,"turns":3},{"damage":16,"enemies":"Exordium Wildlife","floor":5,"turns":5},{"damage":28,"enemies":"Gremlin Nob","floor":6,"turns":5},{"damage":15,"enemies":"2 Fungi Beasts","floor":8,"turns":3},{"damage":19,"enemies":"Blue Slaver","floor":11,"turns":4},{"damage":12,"enemies":"Large Slime","floor":14,"turns":5},{"damage":75,"enemies":"The Guardian","floor":16,"turns":13}],"seed_played":"-7456833466463428547","potions_obtained":[{"floor":4,"key":"LiquidBronze"},{"floor":11,"key":"Energy Potion"},{"floor":14,"key":"Fire Potion"}],"is_trial":false,"path_per_floor":["M","?","M","M","M","E","R","M","T","R","M","R","$","M","R","B"],"character_chosen":"DEFECT","items_purchased":["Lantern"],"campfire_rested":3,"item_purchase_floors":[13],"current_hp_per_floor":[74,74,73,73,64,43,65,57,57,57,45,67,67,62,75,0],"gold":117,"neow_bonus":"RANDOM_COMMON_RELIC","is_prod":false,"is_daily":false,"chose_seed":false,"campfire_upgraded":1,"win_rate":0,"timestamp":1543988195,"path_taken":["M","?","?","M","M","E","R","?","T","R","M","R","$","M","R","BOSS"],"build_version":"2018-11-15","purchased_purges":0,"victory":false,"max_hp_per_floor":[75,75,75,75,75,75,75,75,75,75,75,75,75,75,75,75],"card_choices":[{"not_picked":["Gash","Heatsinks"],"picked":"Undo","floor":1},{"not_picked":["Ball Lightning","Steam"],"picked":"Self Repair","floor":3},{"not_picked":["Conserve Battery","Steam"],"picked":"Rebound","floor":4},{"not_picked":["Cold Snap","Hello World"],"picked":"Tempest","floor":5},{"not_picked":["Compile Driver","Turbo"],"picked":"Capacitor","floor":6},{"not_picked":["Self Repair+1","Skim"],"picked":"Conserve Battery","floor":8},{"not_picked":["Steam","Reinforced Body"],"picked":"Loop+1","floor":11},{"not_picked":["Compile Driver","Lockon"],"picked":"Ball Lightning","floor":12},{"not_picked":["Blizzard","Recycle"],"picked":"Steam","floor":14},{"not_picked":["Loop+1","Scrape"],"picked":"Hyperbeam","floor":15}],"player_experience":113891,"relics_obtained":[{"floor":6,"key":"Frozen Egg 2"},{"floor":9,"key":"Dream Catcher"}],"event_choices":[{"cards_removed":["Defend_B"],"damage_healed":0,"gold_gain":0,"player_choice":"Purged","damage_taken":0,"max_hp_gain":0,"max_hp_loss":0,"event_name":"Purifier","floor":2,"gold_loss":0}],"is_beta":false,"boss_relics":[],"items_purged_floors":[],"is_endless":false,"potions_floor_spawned":[4,11,14],"killed_by":"The Guardian","ascension_level":0}