{"gold_per_floor":[18,29,48,13,13,47,47,76,76,76,31],"floor_reached":11,"playtime":596,"items_purged":[],"score":142,"play_id":"078182e2-8575-4693-9d3b-6f449f6ed71f","local_time":"20190416095645","is_ascension_mode":true,"campfire_choices":[{"data":"Perfected Strike","floor":7,"key":"SMITH"}],"neow_cost":"NO_GOLD","seed_source_timestamp":139818146445777,"circlet_count":0,"master_deck":["AscendersBane","Strike_R","Strike_R","Strike_R","Strike_R","Strike_R","Defend_R","Defend_R","Defend_R","Defend_R","Bash","Reaper","Perfected Strike+1","Warcry","Shrug It Off","Pommel Strike","Inflame"],"relics":["Burning Blood","Blue Candle","Ornamental Fan","Question Card","Ice Cream"],"potions_floor_usage":[6],"damage_taken":[{"damage":14,"enemies":"Jaw Worm","floor":1,"turns":5},{"damage":0,"enemies":"2 Louse","floor":2,"turns":2},{"damage":4,"enemies":"Small Slimes","floor":3,"turns":4},{"damage":41,"enemies":"3 Sentries","floor":6,"turns":10},{"damage":44,"enemies":"Gremlin Nob","floor":8,"turns":5},{"damage":28,"enemies":"Exordium Thugs","floor":11,"turns":3}],"seed_played":"2404524651574300943","potions_obtained":[{"floor":1,"key":"Strength Potion"}],"is_trial":false,"path_per_floor":["M","M","M","?","T","E","R","E","T","?","M"],"character_chosen":"IRONCLAD","items_purchased":[],"campfire_rested":0,"item_purchase_floors":[],"current_hp_per_floor":[60,66,75,75,75,57,57,25,25,25,0],"gold":31,"neow_bonus":"THREE_RARE_CARDS","is_prod":false,"is_daily":false,"chose_seed":false,"campfire_upgraded":1,"win_rate":0,"timestamp":1555433805,"path_taken":["M","M","M","?","?","E","R","E","T","?","M"],"build_version":"2019-01-23","purchased_purges":0,"victory":false,"max_hp_per_floor":[75,75,75,75,75,75,75,75,75,75,75],"card_choices":[{"not_picked":["Juggernaut","Exhume"],"picked":"Reaper","floor":0},{"not_picked":["Sentinel","Heavy Blade"],"picked":"Perfected Strike","floor":1},{"not_picked":["Perfected Strike","Flex"],"picked":"Warcry","floor":2},{"not_picked":["Sword Boomerang","Twin Strike"],"picked":"Shrug It Off","floor":3},{"not_picked":["Sword Boomerang","Second Wind"],"picked":"Pommel Strike","floor":6},{"not_picked":["Ghostly Armor","Havoc"],"picked":"Inflame","floor":8}],"player_experience":439221,"relics_obtained":[{"floor":5,"key":"Blue Candle"},{"floor":6,"key":"Ornamental Fan"},{"floor":8,"key":"Question Card"},{"floor":9,"key":"Ice Cream"}],"event_choices":[{"damage_healed":18,"gold_gain":0,"player_choice":"Healed","damage_taken":0,"max_hp_gain":0,"max_hp_loss":0,"event_name":"The Cleric","floor":4,"gold_loss":35},{"damage_healed":0,"gold_gain":0,"player_choice":"Ignored","damage_taken":0,"max_hp_gain":0,"max_hp_loss":0,"event_name":"Liars Game","floor":10,"gold_loss":0}],"is_beta":false,"boss_relics":[],"items_purged_floors":[],"is_endless":false,"potions_floor_spawned":[1],"killed_by":"Exordium Thugs","ascension_level":15}