{"gold_per_floor":[216,216,232,232,232,273,273,273,298,197,220,256,276,296,296,415,415,440,111,210,63,0,38,57,82,135,135,153,153,153,167,167,265,265,285,285,285,285,298,298,298,298,298,310,322,18,18,30,30,30],"floor_reached":50,"playtime":4224,"items_purged":["Strike_B"],"score":495,"play_id":"478909b9-279d-4a07-9f5b-27763a4d97a0","local_time":"20190309215620","is_ascension_mode":false,"campfire_choices":[{"data":"Fusion","floor":8,"key":"SMITH"},{"floor":15,"key":"REST"},{"floor":27,"key":"REST"},{"data":"Coolheaded","floor":29,"key":"SMITH"},{"floor":32,"key":"REST"},{"data":"Capacitor","floor":40,"key":"SMITH"},{"floor":42,"key":"REST"},{"floor":49,"key":"REST"}],"neow_cost":"NONE","seed_source_timestamp":473403837823581,"circlet_count":0,"master_deck":["Strike_B+1","Strike_B+1","Strike_B+1","Defend_B+1","Defend_B+1","Defend_B+1","Defend_B+1","Zap+1","Dualcast+1","Glacier+1","Coolheaded+1","Fusion+1","Defragment+1","Barrage+1","Go for the Eyes+1","Streamline+1","Redo+1","Cold Snap+1","Biased Cognition+1","Chaos+1","Darkness+1","Consume+1","Reprogram+1","Compile Driver+1","Ball Lightning+1","Coolheaded+1","Auto Shields+1","Seek+1","Redo+1","Writhe","Capacitor+1","Glacier+1","Go for the Eyes+1","Barrage+1"],"relics":["FrozenCore","Bloody Idol","Oddly Smooth Stone","Bag of Preparation","Bottled Flame","Lizard Tail","Letter Opener","Meat on the Bone","Vajra","Mark of the Bloom","Mango","FossilizedHelix"],"potions_floor_usage":[6,6,33,44,44,48,50],"damage_taken":[{"damage":0,"enemies":"Small Slimes","floor":1,"turns":2},{"damage":2,"enemies":"2 Louse","floor":3,"turns":3},{"damage":10,"enemies":"3 Sentries","floor":6,"turns":11},{"damage":0,"enemies":"Jaw Worm","floor":11,"turns":3},{"damage":7,"enemies":"Lagavulin","floor":12,"turns":6},{"damage":0,"enemies":"Blue Slaver","floor":13,"turns":3},{"damage":1,"enemies":"Looter","floor":14,"turns":3},{"damage":7,"enemies":"The Guardian","floor":16,"turns":14},{"damage":18,"enemies":"3 Byrds","floor":18,"turns":4},{"damage":43,"enemies":"Slavers","floor":23,"turns":8},{"damage":0,"enemies":"Spheric Guardian","floor":24,"turns":4},{"damage":10,"enemies":"Cultist and Chosen","floor":25,"turns":9},{"damage":12,"enemies":"Snecko","floor":28,"turns":5},{"damage":24,"enemies":"3 Cultists","floor":31,"turns":6},{"damage":53,"enemies":"Automaton","floor":33,"turns":11},{"damage":28,"enemies":"3 Darklings","floor":35,"turns":8},{"damage":0,"enemies":"Orb Walker","floor":39,"turns":3},{"damage":0,"enemies":"Transient","floor":44,"turns":5},{"damage":20,"enemies":"Maw","floor":45,"turns":10},{"damage":0,"enemies":"3 Darklings","floor":48,"turns":9},{"damage":37,"enemies":"Time Eater","floor":50,"turns":9}],"seed_played":"-1026404419536757459","potions_obtained":[{"floor":1,"key":"GamblersBrew"},{"floor":3,"key":"SkillPotion"},{"floor":25,"key":"Dexterity Potion"},{"floor":28,"key":"SteroidPotion"},{"floor":35,"key":"Energy Potion"},{"floor":44,"key":"FocusPotion"},{"floor":48,"key":"SteroidPotion"}],"is_trial":false,"path_per_floor":["M","?","M","?","?","E","?","R","T","$","M","E","M","M","R","B",null,"M","$","?","$","?","E","M","M","T","R","M","R","?","M","R","B",null,"M","?","?","?","M","R","?","R","T","M","M","$","?","M","R","B"],"character_chosen":"DEFECT","items_purchased":["Defragment","Barrage","Darkness","Letter Opener","Consume","FossilizedHelix"],"campfire_rested":5,"item_purchase_floors":[10,10,19,19,21,46],"current_hp_per_floor":[75,75,73,73,66,56,41,41,41,41,41,34,34,33,55,48,75,57,57,57,57,57,14,26,28,28,50,38,38,38,31,53,54,75,52,52,52,45,45,45,45,45,45,45,25,25,25,25,25,0],"gold":30,"neow_bonus":"HUNDRED_GOLD","is_prod":false,"is_daily":false,"chose_seed":false,"campfire_upgraded":3,"win_rate":0.0,"timestamp":1552136180,"path_taken":["M","?","M","?","?","E","?","R","T","$","?","E","M","M","R","BOSS","M","$","?","$","?","E","M","M","T","R","M","R","?","M","R","BOSS","M","?","?","?","?","R","?","R","T","?","M","$","?","M","R","BOSS"],"build_version":"2019-01-23","purchased_purges":1,"victory":false,"max_hp_per_floor":[75,75,75,75,75,75,75,75,75,75,75,75,75,75,75,75,75,75,75,75,75,75,75,75,75,75,75,75,75,75,75,75,75,75,75,75,75,75,75,75,75,75,89,89,89,89,78,78,78,78],"card_choices":[{"not_picked":["Fusion","Doom and Gloom"],"picked":"Glacier","floor":1},{"not_picked":["Hologram","Steam"],"picked":"Coolheaded","floor":3},{"not_picked":["Genetic Algorithm","Rebound"],"picked":"Fusion","floor":6},{"not_picked":["Turbo","Amplify"],"picked":"Go for the Eyes","floor":11},{"not_picked":["Rebound","Stack"],"picked":"Streamline","floor":12},{"not_picked":["Hologram","Ball Lightning"],"picked":"Redo","floor":13},{"not_picked":["Heatsinks","Darkness"],"picked":"Cold Snap","floor":14},{"not_picked":["Fission","Thunder Strike"],"picked":"Biased Cognition","floor":16},{"not_picked":["Sweeping Beam+1","Coolheaded"],"picked":"Chaos+1","floor":18},{"not_picked":["Steam","Fission"],"picked":"Reprogram","floor":23},{"not_picked":["Hello World","Rebound"],"picked":"Compile Driver","floor":24},{"not_picked":["Fusion+1","Turbo"],"picked":"Ball Lightning","floor":25},{"not_picked":["Double Energy","Barrage"],"picked":"Coolheaded","floor":28},{"not_picked":["Streamline+1","Rip and Tear"],"picked":"Auto Shields","floor":31},{"not_picked":["Reboot","Multi-Cast"],"picked":"Seek","floor":33},{"not_picked":["Ball Lightning","Turbo"],"picked":"Redo+1","floor":35},{"not_picked":["Beam Cell","Undo+1"],"picked":"Capacitor","floor":39},{"not_picked":["Stack","Steam"],"picked":"Glacier+1","floor":44},{"not_picked":["Barrage+1","Leap+1"],"picked":"Go for the Eyes+1","floor":45},{"not_picked":["Fission","Coolheaded+1"],"picked":"Barrage+1","floor":48}],"player_experience":55583,"relics_obtained":[{"floor":6,"key":"Oddly Smooth Stone"},{"floor":9,"key":"Bag of Preparation"},{"floor":12,"key":"Bottled Flame"},{"floor":23,"key":"Meat on the Bone"},{"floor":26,"key":"Vajra"},{"floor":43,"key":"Mango"}],"event_choices":[{"damage_healed":0,"gold_gain":0,"player_choice":"Take Wound","damage_taken":0,"relics_obtained":["Golden Idol"],"max_hp_gain":0,"max_hp_loss":0,"event_name":"Golden Idol","floor":2,"gold_loss":0,"cards_obtained":["Injury"]},{"damage_healed":0,"gold_gain":0,"player_choice":"Grow","damage_taken":0,"max_hp_gain":0,"max_hp_loss":0,"event_name":"Living Wall","floor":4,"gold_loss":0,"cards_upgraded":["Coolheaded"]},{"cards_removed":["Injury"],"damage_healed":0,"gold_gain":0,"player_choice":"Card Removal","damage_taken":7,"max_hp_gain":0,"max_hp_loss":0,"event_name":"Golden Wing","floor":5,"gold_loss":0},{"damage_healed":0,"gold_gain":0,"player_choice":"Entered Light","damage_taken":15,"max_hp_gain":0,"max_hp_loss":0,"event_name":"Shining Light","floor":7,"gold_loss":0,"cards_upgraded":["Defend_B","Glacier"]},{"damage_healed":0,"gold_gain":99,"player_choice":"Stole From Cult","damage_taken":0,"max_hp_gain":0,"max_hp_loss":0,"event_name":"Nest","floor":20,"gold_loss":0},{"damage_healed":0,"gold_gain":0,"player_choice":"Paid Fearfully","damage_taken":0,"max_hp_gain":0,"max_hp_loss":0,"event_name":"Masked Bandits","floor":22,"gold_loss":63},{"damage_healed":0,"gold_gain":0,"player_choice":"Gave Idol","damage_taken":0,"relics_obtained":["Bloody Idol"],"max_hp_gain":0,"max_hp_loss":0,"event_name":"Forgotten Altar","floor":30,"relics_lost":["Golden Idol"],"gold_loss":0},{"damage_healed":0,"gold_gain":0,"player_choice":"Upgrade","damage_taken":0,"relics_obtained":["Mark of the Bloom"],"max_hp_gain":0,"max_hp_loss":0,"event_name":"MindBloom","floor":36,"gold_loss":0,"cards_upgraded":["Strike_B","Strike_B","Strike_B","Defend_B","Defend_B","Defend_B","Zap","Dualcast","Defragment","Barrage","Go for the Eyes","Streamline","Redo","Cold Snap","Biased Cognition","Darkness","Consume","Reprogram","Compile Driver","Ball Lightning","Auto Shields","Seek"]},{"damage_healed":19,"gold_gain":0,"player_choice":"Writhe","damage_taken":0,"max_hp_gain":0,"max_hp_loss":0,"event_name":"Winding Halls","floor":37,"gold_loss":0,"cards_obtained":["Writhe"]},{"damage_healed":0,"gold_gain":0,"player_choice":"Damaged","damage_taken":7,"max_hp_gain":0,"max_hp_loss":0,"event_name":"Wheel of Change","floor":38,"gold_loss":0},{"damage_healed":0,"gold_gain":0,"player_choice":"Ignored","damage_taken":0,"max_hp_gain":0,"max_hp_loss":0,"event_name":"Accursed Blacksmith","floor":41,"gold_loss":0},{"damage_healed":78,"gold_gain":0,"player_choice":"Heal","damage_taken":0,"max_hp_gain":0,"max_hp_loss":11,"event_name":"The Moai Head","floor":47,"gold_loss":0}],"is_beta":false,"boss_relics":[{"not_picked":["Pandora\u0027s Box","Ectoplasm"],"picked":"Lizard Tail"},{"not_picked":["Orrery","Sozu"],"picked":"FrozenCore"}],"items_purged_floors":[21],"is_endless":false,"potions_floor_spawned":[1,3,25,28,35,44,48],"killed_by":"Time Eater","ascension_level":0}