{"gold_per_floor":[16,16,27,40,55,55,75,89,89,89,103,103,130,130,130,225,225,236,124,124,124,137,137,148,148,174,174,189,204,204,224,224,224],"floor_reached":33,"playtime":2326,"items_purged":[],"score":251,"play_id":"3c35c652-9167-48d7-8560-56c9409239a8","local_time":"20181212203848","is_ascension_mode":false,"campfire_choices":[{"data":"Static Discharge","floor":6,"key":"SMITH"},{"floor":10,"key":"REST"},{"floor":12,"key":"REST"},{"floor":15,"key":"REST"},{"floor":23,"key":"REST"},{"floor":25,"key":"REST"},{"floor":30,"key":"REST"},{"floor":32,"key":"REST"}],"neow_cost":"NO_GOLD","seed_source_timestamp":683887446812258,"circlet_count":0,"master_deck":["Strike_B","Strike_B","Strike_B","Strike_B","Defend_B","Defend_B+1","Defend_B+1","Defend_B","Zap","Dualcast","Static Discharge+1","Coolheaded","Doom and Gloom","Multi-Cast","Self Repair","Ball Lightning","FTL","Barrage","Seek","Redo+1","BootSequence","Defragment","Chill","RitualDagger","Gash","Lockon","Steam","Chill","Sunder"],"relics":["Cracked Core","Calipers","Darkstone Periapt","Matryoshka","Blue Candle","Bronze Scales","Inserter","Ancient Tea Set","PreservedInsect"],"potions_floor_usage":[16,16,16,31,33,33],"damage_taken":[{"damage":7,"enemies":"Jaw Worm","floor":1,"turns":4},{"damage":0,"enemies":"2 Louse","floor":3,"turns":3},{"damage":0,"enemies":"Cultist","floor":4,"turns":4},{"damage":11,"enemies":"Exordium Wildlife","floor":5,"turns":6},{"damage":11,"enemies":"3 Louse","floor":7,"turns":3},{"damage":15,"enemies":"Gremlin Gang","floor":8,"turns":3},{"damage":8,"enemies":"Red Slaver","floor":11,"turns":3},{"damage":22,"enemies":"Gremlin Nob","floor":13,"turns":3},{"damage":22,"enemies":"The Guardian","floor":16,"turns":8},{"damage":9,"enemies":"3 Byrds","floor":18,"turns":3},{"damage":27,"enemies":"2 Thieves","floor":22,"turns":4},{"damage":38,"enemies":"Cultist and Chosen","floor":24,"turns":5},{"damage":24,"enemies":"3 Cultists","floor":28,"turns":4},{"damage":19,"enemies":"Centurion and Healer","floor":29,"turns":7},{"damage":19,"enemies":"Snecko","floor":31,"turns":4},{"damage":56,"enemies":"Champ","floor":33,"turns":10}],"seed_played":"4425092830830521271","potions_obtained":[{"floor":1,"key":"SpeedPotion"},{"floor":7,"key":"Energy Potion"},{"floor":8,"key":"FocusPotion"},{"floor":11,"key":"PowerPotion"},{"floor":16,"key":"GamblersBrew"},{"floor":22,"key":"PowerPotion"},{"floor":24,"key":"SpeedPotion"}],"is_trial":false,"path_per_floor":["M","?","M","M","M","R","M","M","T","R","M","R","E","T","R","B",null,"M","$","?","?","M","R","M","R","T","?","M","M","R","M","R","B"],"character_chosen":"DEFECT","items_purchased":["BootSequence","Defragment"],"campfire_rested":7,"item_purchase_floors":[19,19],"current_hp_per_floor":[68,53,53,53,42,42,31,23,23,45,44,66,51,51,73,58,75,73,73,73,67,47,69,38,60,60,60,43,31,53,34,56,0],"gold":224,"neow_bonus":"ONE_RARE_RELIC","is_prod":false,"is_daily":false,"chose_seed":false,"campfire_upgraded":1,"win_rate":0,"timestamp":1544675928,"path_taken":["M","?","M","M","M","R","M","M","T","R","M","R","E","?","R","BOSS","M","$","?","?","M","R","M","R","T","?","?","M","R","M","R","BOSS"],"build_version":"2018-12-06","purchased_purges":0,"victory":false,"max_hp_per_floor":[75,75,75,75,75,75,75,75,75,75,75,75,75,75,75,75,75,75,75,75,75,75,75,75,75,75,75,75,75,75,75,75,75],"card_choices":[{"not_picked":["Rebound","Leap"],"picked":"Static Discharge","floor":1},{"not_picked":["Conserve Battery","Turbo"],"picked":"Coolheaded","floor":3},{"not_picked":["Steam","Stack"],"picked":"Doom and Gloom","floor":4},{"not_picked":["Hologram","Leap"],"picked":"Multi-Cast","floor":5},{"not_picked":["Barrage","Beam Cell"],"picked":"Self Repair","floor":7},{"not_picked":["Meteor Strike","Coolheaded"],"picked":"Ball Lightning","floor":8},{"not_picked":["Cold Snap","Leap"],"picked":"FTL","floor":11},{"not_picked":["Rip and Tear","Core Surge"],"picked":"Barrage","floor":13},{"not_picked":["All For One","Meteor Strike"],"picked":"Seek","floor":16},{"not_picked":["Defragment","Leap"],"picked":"Redo+1","floor":18},{"not_picked":["Steam Power","Reprogram"],"picked":"Gash","floor":22},{"not_picked":["Conserve Battery","Hologram+1"],"picked":"Lockon","floor":24},{"not_picked":["Turbo","Auto Shields+1"],"picked":"Steam","floor":28},{"not_picked":["Stack+1","Compile Driver"],"picked":"Chill","floor":29},{"not_picked":["Hyperbeam","Conserve Battery+1"],"picked":"Sunder","floor":31}],"player_experience":241934,"relics_obtained":[{"floor":9,"key":"Darkstone Periapt"},{"floor":13,"key":"Matryoshka"},{"floor":14,"key":"Blue Candle"},{"floor":14,"key":"Bronze Scales"},{"floor":26,"key":"Ancient Tea Set"},{"floor":26,"key":"PreservedInsect"}],"event_choices":[{"damage_healed":0,"gold_gain":0,"player_choice":"Entered Light","damage_taken":15,"max_hp_gain":0,"max_hp_loss":0,"event_name":"Shining Light","floor":2,"gold_loss":0,"cards_upgraded":["Defend_B","Defend_B"]},{"damage_healed":0,"gold_gain":0,"player_choice":"Read","damage_taken":0,"max_hp_gain":0,"max_hp_loss":0,"event_name":"The Library","floor":20,"gold_loss":0,"cards_obtained":["Chill"]},{"damage_healed":0,"gold_gain":0,"player_choice":"Joined the Cult","damage_taken":6,"max_hp_gain":0,"max_hp_loss":0,"event_name":"Nest","floor":21,"gold_loss":0,"cards_obtained":["RitualDagger"]},{"damage_healed":0,"gold_gain":0,"player_choice":"Ignored","damage_taken":0,"max_hp_gain":0,"max_hp_loss":0,"event_name":"Vampires","floor":27,"gold_loss":0}],"is_beta":false,"boss_relics":[{"not_picked":["Coffee Dripper","Empty Cage"],"picked":"Inserter"}],"items_purged_floors":[],"is_endless":false,"potions_floor_spawned":[1,7,8,11,16,22,24,28],"killed_by":"Champ","ascension_level":0}