{"gold_per_floor":[119,129,79,79,93,93,18,18,18,18,93,93,109,109,109,206,206,216,236,236,249,249,281,305,305,383,483,495,508,508,520,520,520],"floor_reached":33,"playtime":1041,"items_purged":["Strike_R"],"score":255,"play_id":"f4675bf8-645d-4966-b45b-7b8468ba3b07","local_time":"20181022125849","is_ascension_mode":false,"campfire_choices":[{"data":"Armaments","floor":6.0,"key":"SMITH"},{"data":"Strike_R","floor":8.0,"key":"SMITH"},{"data":"Defend_R","floor":10.0,"key":"SMITH"},{"data":"Strike_R","floor":15.0,"key":"SMITH"},{"floor":25,"key":"REST"},{"floor":32,"key":"REST"}],"neow_cost":"NONE","seed_source_timestamp":0,"circlet_count":0,"master_deck":["Strike_R+1","Strike_R+1","Defend_R+1","Defend_R","Defend_R","Bash+1","Armaments+1","Bludgeon","Burning Pact","Dropkick"],"special_seed":0,"relics":["Burning Blood","Letter Opener","Mark of Pain","Bag of Marbles","Juzu Bracelet","Toxic Egg 2","Du-Vu Doll","Matryoshka"],"potions_floor_usage":[21,23,27,29,31],"damage_taken":[{"damage":6.0,"enemies":"Jaw Worm","floor":1.0,"turns":4.0},{"damage":1.0,"enemies":"2 Louse","floor":2.0,"turns":3.0},{"damage":1.0,"enemies":"Cultist","floor":5.0,"turns":3.0},{"damage":0.0,"enemies":"3 Louse","floor":13.0,"turns":5.0},{"damage":52.0,"enemies":"Slime Boss","floor":16.0,"turns":9.0},{"damage":5,"enemies":"Spheric Guardian","floor":18,"turns":3},{"damage":9,"enemies":"Shell Parasite","floor":19,"turns":4},{"damage":36,"enemies":"Sentry and Sphere","floor":21,"turns":6},{"damage":33,"enemies":"Slavers","floor":23,"turns":7},{"damage":8,"enemies":"Colosseum Slavers","floor":27,"turns":4},{"damage":19,"enemies":"Colosseum Nobs","floor":27,"turns":4},{"damage":0,"enemies":"Snake Plant","floor":28,"turns":2},{"damage":16,"enemies":"Shelled Parasite and Fungi","floor":29,"turns":5},{"damage":2,"enemies":"Centurion and Healer","floor":31,"turns":5},{"damage":75,"enemies":"Automaton","floor":33,"turns":6}],"seed_played":"-4272425526014972923","potions_obtained":[{"floor":13.0,"key":"AttackPotion"},{"floor":16.0,"key":"Swift Potion"},{"floor":18,"key":"AttackPotion"},{"floor":21,"key":"Energy Potion"},{"floor":23,"key":"Weak Potion"},{"floor":27,"key":"Explosive Potion"}],"is_trial":false,"path_per_floor":["M","M","?","?","M","R","$","R","T","R","?","?","M","?","R","B",null,"M","M","?","M","?","E","T","R","T","?","M","M","?","M","R"],"character_chosen":"IRONCLAD","items_purchased":[],"campfire_rested":2,"item_purchase_floors":[],"current_hp_per_floor":[80,80,80,80,80,80,80,80,80,80,69,69,75,75,75,29,80,80,77,77,47,47,20,20,44,44,29,35,25,10,14,39,0],"gold":520,"neow_bonus":"UPGRADE_CARD","is_prod":false,"is_daily":false,"chose_seed":false,"campfire_upgraded":4,"win_rate":0,"timestamp":1540238329,"path_taken":["M","M","?","?","M","R","$","R","T","R","?","?","?","?","R","BOSS","M","M","?","?","?","E","?","R","T","?","M","M","?","M","R","BOSS"],"build_version":"2018-10-18","purchased_purges":1,"victory":false,"max_hp_per_floor":[80,80,80,80,80,80,80,80,80,80,80,80,80,80,80,80,80,80,80,80,80,80,80,80,80,80,80,80,80,85,85,85,85],"card_choices":[{"not_picked":["Body Slam","Heavy Blade"],"picked":"Armaments","floor":1.0},{"not_picked":["Perfected Strike","Body Slam","Havoc"],"picked":"SKIP","floor":2.0},{"not_picked":["Bloodletting","Searing Blow","Infernal Blade"],"picked":"SKIP","floor":5.0},{"not_picked":["Sever Soul","Headbutt","Power Through"],"picked":"SKIP","floor":13.0},{"not_picked":["Berserk","Exhume"],"picked":"Bludgeon","floor":16.0},{"not_picked":["Pommel Strike","Ghostly Armor","Headbutt"],"picked":"SKIP","floor":18},{"not_picked":["Headbutt+1","Fire Breathing"],"picked":"Burning Pact","floor":19},{"not_picked":["Wild Strike","Corruption","Armaments+1"],"picked":"SKIP","floor":21},{"not_picked":["Twin Strike","Uppercut","Body Slam"],"picked":"SKIP","floor":23},{"not_picked":["Wild Strike","Infernal Blade+1","Perfected Strike+1"],"picked":"SKIP","floor":28},{"not_picked":["Twin Strike+1","Perfected Strike+1","Body Slam"],"picked":"SKIP","floor":29},{"not_picked":["Dark Embrace","Iron Wave","Intimidate+1"],"picked":"SKIP","floor":31}],"player_experience":307194,"relics_obtained":[{"floor":9.0,"key":"Letter Opener"},{"floor":23,"key":"Bag of Marbles"},{"floor":24,"key":"Juzu Bracelet"},{"floor":26,"key":"Toxic Egg 2"},{"floor":27,"key":"Du-Vu Doll"},{"floor":27,"key":"Matryoshka"}],"event_choices":[{"cards_removed":["Strike_R"],"damage_healed":0.0,"max_hp_gain":0.0,"max_hp_loss":0.0,"gold_gain":0.0,"event_name":"The Cleric","player_choice":"Card Removal","floor":3.0,"gold_loss":50.0,"damage_taken":0.0},{"cards_removed":["Defend_R"],"damage_healed":0.0,"max_hp_gain":0.0,"max_hp_loss":0.0,"gold_gain":0.0,"event_name":"Living Wall","player_choice":"Forget","floor":4.0,"gold_loss":0.0,"damage_taken":0.0},{"damage_healed":0.0,"max_hp_gain":0.0,"max_hp_loss":0.0,"gold_gain":75.0,"event_name":"World of Goop","player_choice":"Gather Gold","floor":11.0,"gold_loss":0.0,"damage_taken":11.0},{"damage_healed":0.0,"max_hp_gain":0.0,"max_hp_loss":0.0,"gold_gain":0.0,"event_name":"Liars Game","player_choice":"Ignored","floor":12.0,"gold_loss":0.0,"damage_taken":0.0},{"damage_healed":0.0,"max_hp_gain":0.0,"max_hp_loss":0.0,"gold_gain":0.0,"event_name":"The Woman in Blue","player_choice":"Bought 0 Potions","floor":14.0,"gold_loss":0.0,"damage_taken":0.0},{"damage_healed":0,"gold_gain":0,"player_choice":"Read","damage_taken":0,"max_hp_gain":0,"max_hp_loss":0,"event_name":"The Library","floor":20,"gold_loss":0,"cards_obtained":["Dropkick"]},{"cards_removed":["Strike_R"],"damage_healed":0,"gold_gain":0,"player_choice":"Elegance","damage_taken":0,"max_hp_gain":0,"max_hp_loss":0,"event_name":"Back to Basics","floor":22,"gold_loss":0},{"damage_healed":0,"gold_gain":0,"player_choice":"Fight","damage_taken":0,"max_hp_gain":0,"max_hp_loss":0,"event_name":"Colosseum","floor":27,"gold_loss":0},{"damage_healed":0,"gold_gain":0,"player_choice":"Fought Nobs","damage_taken":0,"max_hp_gain":0,"max_hp_loss":0,"event_name":"Colosseum","floor":27,"gold_loss":0},{"damage_healed":0,"gold_gain":0,"player_choice":"Shed Blood","damage_taken":20,"max_hp_gain":5,"max_hp_loss":0,"event_name":"Forgotten Altar","floor":30,"gold_loss":0}],"is_beta":false,"boss_relics":[{"not_picked":["Cursed Key","Astrolabe"],"picked":"Mark of Pain"}],"items_purged_floors":[7],"is_endless":false,"potions_floor_spawned":[13,16,18,21,23,27],"killed_by":"Automaton","ascension_level":0}