{"gold_per_floor":[11,26,41,41,41,41,75,75,75,107,107,126,199,215,215,312,312,322,339,352,352,33,64,64,80,80,80],"floor_reached":27,"playtime":2250,"items_purged":[],"score":329,"play_id":"c7e3b3ce-7b1c-4653-8cca-18e645095499","local_time":"20190322214912","is_ascension_mode":true,"campfire_choices":[{"data":"Armaments","floor":6,"key":"SMITH"},{"floor":8,"key":"REST"},{"data":"Bash","floor":11,"key":"SMITH"},{"data":"Flame Barrier","floor":15,"key":"SMITH"},{"data":"Metallicize","floor":24,"key":"SMITH"}],"neow_cost":"NO_GOLD","seed_source_timestamp":244755483640837,"circlet_count":0,"master_deck":["Strike_R+1","Strike_R","Strike_R+1","Strike_R","Strike_R","Defend_R+1","Defend_R","Defend_R","Defend_R","Bash+1","Panacea","Shockwave","Flame Barrier+1","Armaments+1","Anger","Feel No Pain","Entrench","Heavy Blade+1","Offering","Metallicize+1","Bludgeon+1","Pommel Strike+1"],"relics":["Burning Blood","Pantograph","Red Skull","Paper Frog","Darkstone Periapt","Runic Pyramid","Molten Egg 2","Whetstone","Singing Bowl"],"potions_floor_usage":[2,7,14,16,25,27,27],"damage_taken":[{"damage":10,"enemies":"2 Louse","floor":1,"turns":3},{"damage":1,"enemies":"Cultist","floor":2,"turns":4},{"damage":8,"enemies":"Jaw Worm","floor":3,"turns":5},{"damage":30,"enemies":"Lagavulin","floor":7,"turns":6},{"damage":25,"enemies":"3 Sentries","floor":10,"turns":9},{"damage":15,"enemies":"Looter","floor":12,"turns":4},{"damage":10,"enemies":"Exordium Wildlife","floor":14,"turns":4},{"damage":33,"enemies":"The Guardian","floor":16,"turns":10},{"damage":12,"enemies":"Spheric Guardian","floor":18,"turns":4},{"damage":6,"enemies":"Chosen","floor":19,"turns":3},{"damage":6,"enemies":"Snecko","floor":20,"turns":5},{"damage":55,"enemies":"Slavers","floor":23,"turns":7},{"damage":26,"enemies":"Sentry and Sphere","floor":25,"turns":9},{"damage":27,"enemies":"Gremlin Leader","floor":27,"turns":2}],"seed_played":"-8220959599194537135","potions_obtained":[{"floor":1,"key":"Fruit Juice"},{"floor":2,"key":"Strength Potion"},{"floor":5,"key":"Regen Potion"},{"floor":5,"key":"Poison Potion"},{"floor":10,"key":"Fire Potion"},{"floor":23,"key":"SteroidPotion"},{"floor":25,"key":"Fire Potion"}],"is_trial":false,"path_per_floor":["?","?","M","T","?","M"],"character_chosen":"IRONCLAD","items_purchased":["Molten Egg 2","Metallicize"],"campfire_rested":1,"item_purchase_floors":[22,22],"current_hp_per_floor":[76,85,83,66,66,66,42,67,67,48,48,39,39,47,47,45,75,69,69,69,95,95,46,46,26,26,0],"gold":80,"neow_bonus":"RANDOM_COLORLESS_2","is_prod":false,"is_daily":false,"chose_seed":false,"campfire_upgraded":4,"win_rate":0,"timestamp":1553312952,"path_taken":["M","M","M","?","?","R","E","R","T","E","R","?","?","M","R","BOSS","M","M","M","?","$","E","R","?","T","E"],"build_version":"2019-01-23","purchased_purges":0,"victory":false,"max_hp_per_floor":[80,85,85,85,85,85,85,85,85,85,85,85,85,85,85,85,85,85,85,85,95,95,95,95,95,95,95],"card_choices":[{"not_picked":["Clash","Wild Strike"],"picked":"Shockwave","floor":1},{"not_picked":["Iron Wave","Twin Strike"],"picked":"Flame Barrier","floor":2},{"not_picked":["Berserk","Wild Strike"],"picked":"Armaments","floor":3},{"not_picked":["Sword Boomerang","Sentinel"],"picked":"Anger","floor":7},{"not_picked":["Second Wind","Exhume"],"picked":"Feel No Pain","floor":10},{"not_picked":["Armaments","Twin Strike"],"picked":"Entrench","floor":12},{"not_picked":["Armaments","Sever Soul"],"picked":"Heavy Blade","floor":14},{"not_picked":["Berserk","Double Tap"],"picked":"Offering","floor":16},{"not_picked":["Perfected Strike","Armaments","Sword Boomerang"],"picked":"SKIP","floor":18},{"not_picked":["Havoc","Second Wind+1","Armaments"],"picked":"SKIP","floor":19},{"not_picked":["Wild Strike+1","Blood for Blood","Sword Boomerang"],"picked":"SKIP","floor":20},{"not_picked":["Cleave+1","Shrug It Off+1"],"picked":"Bludgeon+1","floor":23},{"not_picked":["Second Wind","Havoc"],"picked":"Pommel Strike+1","floor":25}],"player_experience":351717,"relics_obtained":[{"floor":7,"key":"Pantograph"},{"floor":9,"key":"Red Skull"},{"floor":10,"key":"Paper Frog"},{"floor":13,"key":"Darkstone Periapt"},{"floor":23,"key":"Whetstone"},{"floor":26,"key":"Singing Bowl"}],"event_choices":[{"damage_healed":0,"gold_gain":0,"player_choice":"Entered Light","damage_taken":17,"max_hp_gain":0,"max_hp_loss":0,"event_name":"Shining Light","floor":4,"gold_loss":0,"cards_upgraded":["Defend_R","Strike_R"]},{"damage_healed":0,"gold_gain":0,"player_choice":"Got Potions","damage_taken":0,"max_hp_gain":0,"max_hp_loss":0,"event_name":"Lab","floor":5,"gold_loss":0},{"cards_removed":["Thinking Ahead"],"damage_healed":16,"gold_gain":0,"player_choice":"Offered Rare","damage_taken":0,"max_hp_gain":10,"max_hp_loss":0,"event_name":"Bonfire Elementals","floor":21,"gold_loss":0}],"is_beta":false,"boss_relics":[{"not_picked":["Empty Cage","Busted Crown"],"picked":"Runic Pyramid"}],"items_purged_floors":[],"is_endless":false,"potions_floor_spawned":[1,2,10,23,25],"killed_by":"Gremlin Leader","ascension_level":5}