{"gold_per_floor":[113,63,80,91,103,129,129,159,184,200,211,211,211,211,211,211],"floor_reached":16,"playtime":1073,"items_purged":[],"score":140,"play_id":"53cf20c3-d3ac-4624-9319-665a3e04e623","local_time":"20190319204050","is_ascension_mode":true,"campfire_choices":[{"floor":7,"key":"REST"},{"floor":12,"key":"REST"},{"data":"Perfected Strike","floor":15,"key":"SMITH"}],"neow_cost":"NONE","seed_source_timestamp":530398736081534,"circlet_count":0,"master_deck":["Strike_R","Strike_R","Strike_R","Strike_R","Defend_R","Defend_R","Defend_R+1","Defend_R","Bash","Flame Barrier+1","Pommel Strike","Perfected Strike","Hemokinesis","Perfected Strike+1","Whirlwind","Wild Strike"],"relics":["Burning Blood","Pen Nib","Orichalcum","War Paint","Regal Pillow"],"potions_floor_usage":[16,16],"damage_taken":[{"damage":0,"enemies":"Small Slimes","floor":1,"turns":4},{"damage":6,"enemies":"Cultist","floor":3,"turns":4},{"damage":6,"enemies":"2 Louse","floor":4,"turns":4},{"damage":30,"enemies":"Exordium Thugs","floor":5,"turns":7},{"damage":46,"enemies":"Lagavulin","floor":6,"turns":5},{"damage":35,"enemies":"Gremlin Nob","floor":8,"turns":4},{"damage":6,"enemies":"Looter","floor":10,"turns":2},{"damage":8,"enemies":"Blue Slaver","floor":11,"turns":2},{"damage":43,"enemies":"The Guardian","floor":16,"turns":11}],"seed_played":"-5410938608700237749","potions_obtained":[{"floor":1,"key":"LiquidBronze"},{"floor":8,"key":"Fire Potion"},{"floor":10,"key":"Energy Potion"}],"is_trial":false,"path_per_floor":["?","?","?"],"character_chosen":"IRONCLAD","items_purchased":[],"campfire_rested":2,"item_purchase_floors":[],"current_hp_per_floor":[88,88,88,88,64,24,50,21,21,21,19,45,38,38,38,0],"gold":211,"neow_bonus":"TEN_PERCENT_HP_BONUS","is_prod":false,"is_daily":false,"chose_seed":false,"campfire_upgraded":1,"win_rate":0,"timestamp":1553049650,"path_taken":["M","?","M","M","M","E","R","E","T","M","M","R","?","?","R","BOSS"],"build_version":"2019-01-23","purchased_purges":0,"victory":false,"max_hp_per_floor":[88,88,88,88,88,88,88,88,88,88,88,88,88,88,88,88],"card_choices":[{"not_picked":["Perfected Strike","Clash"],"picked":"Flame Barrier","floor":1},{"not_picked":["Sword Boomerang","Shrug It Off"],"picked":"Pommel Strike","floor":3},{"not_picked":["Spot Weakness","Wild Strike"],"picked":"Perfected Strike","floor":4},{"not_picked":["Flex","Exhume"],"picked":"Hemokinesis","floor":5},{"not_picked":["Corruption","Shockwave"],"picked":"Perfected Strike","floor":6},{"not_picked":["Carnage","Dropkick","Sword Boomerang"],"picked":"SKIP","floor":8},{"not_picked":["Sword Boomerang","Clash"],"picked":"Whirlwind","floor":10},{"not_picked":["Cleave","Entrench"],"picked":"Wild Strike","floor":11}],"player_experience":339029,"relics_obtained":[{"floor":6,"key":"Pen Nib"},{"floor":8,"key":"Orichalcum"},{"floor":9,"key":"War Paint"}],"event_choices":[{"cards_removed":["Strike_R"],"damage_healed":0,"gold_gain":0,"player_choice":"Card Removal","damage_taken":0,"max_hp_gain":0,"max_hp_loss":0,"event_name":"The Cleric","floor":2,"gold_loss":50},{"damage_healed":0,"gold_gain":0,"player_choice":"Success","damage_taken":7,"relics_obtained":["Regal Pillow"],"max_hp_gain":0,"max_hp_loss":0,"event_name":"Scrap Ooze","floor":13,"gold_loss":0},{"damage_healed":0,"gold_gain":0,"player_choice":"Searched \u00271\u0027 times","damage_taken":0,"max_hp_gain":0,"max_hp_loss":0,"event_name":"Dead Adventurer","floor":14,"gold_loss":0}],"is_beta":false,"boss_relics":[],"items_purged_floors":[],"is_endless":false,"potions_floor_spawned":[1,8,10,11],"killed_by":"The Guardian","ascension_level":5}