{"gold_per_floor":[109,121,139,155,155,155,169,169,169,181,181,201,219,234,234,333,333,344,344,92,107,120,120,131,131,155,175,187,204,204,224,224,328,328,338,338,338,11,24,24,39,39,39,39,39,139,173,173,173,173],"floor_reached":51,"playtime":2143,"items_purged":["Strike_R"],"score":725,"play_id":"b1868cba-2013-435e-a0d8-eda1bf3e3864","local_time":"20190210183233","is_ascension_mode":false,"campfire_choices":[{"data":"Searing Blow","floor":6,"key":"SMITH"},{"data":"Searing Blow+1","floor":8,"key":"SMITH"},{"data":"Searing Blow+2","floor":11,"key":"SMITH"},{"data":"Searing Blow+3","floor":15,"key":"SMITH"},{"data":"Searing Blow+4","floor":23,"key":"SMITH"},{"data":"Searing Blow+5","floor":25,"key":"SMITH"},{"data":"Searing Blow+6","floor":30,"key":"SMITH"},{"data":"Searing Blow+7","floor":32,"key":"SMITH"},{"data":"Armaments","floor":40,"key":"SMITH"},{"data":"Enlightenment","floor":42,"key":"SMITH"},{"data":"Barricade","floor":45,"key":"SMITH"},{"data":"Flame Barrier","floor":49,"key":"SMITH"}],"neow_cost":"NONE","seed_source_timestamp":175400523796524,"circlet_count":0,"master_deck":["Strike_R","Defend_R","Defend_R","Defend_R+1","Bash+1","Searing Blow+8","Shrug It Off","Flame Barrier+1","Double Tap","Barricade+1","Sentinel+1","Armaments+1","Offering","Armaments+1","Armaments+1","Offering","Clothesline+1","Flash of Steel","Madness","Enlightenment+1","Searing Blow+8","True Grit+1","Madness","Madness"],"relics":["Black Blood","Bronze Scales","Membership Card","Lantern","Empty Cage","DollysMirror","Turnip","War Paint","Gremlin Horn","Nunchaku","Strawberry","Blood Vial"],"potions_floor_usage":[10,14,21,29,33,46,47,47,50],"damage_taken":[{"damage":1,"enemies":"Cultist","floor":1,"turns":3},{"damage":6,"enemies":"2 Louse","floor":2,"turns":2},{"damage":6,"enemies":"Jaw Worm","floor":3,"turns":4},{"damage":14,"enemies":"Blue Slaver","floor":4,"turns":3},{"damage":7,"enemies":"Exordium Wildlife","floor":7,"turns":5},{"damage":10,"enemies":"Large Slime","floor":10,"turns":5},{"damage":0,"enemies":"2 Fungi Beasts","floor":12,"turns":4},{"damage":2,"enemies":"Blue Slaver","floor":13,"turns":3},{"damage":1,"enemies":"Gremlin Gang","floor":14,"turns":6},{"damage":18,"enemies":"Slime Boss","floor":16,"turns":10},{"damage":31,"enemies":"Chosen","floor":18,"turns":5},{"damage":22,"enemies":"Spheric Guardian","floor":21,"turns":5},{"damage":6,"enemies":"Centurion and Healer","floor":22,"turns":10},{"damage":21,"enemies":"Shelled Parasite and Fungi","floor":24,"turns":8},{"damage":0,"enemies":"Snecko","floor":27,"turns":3},{"damage":16,"enemies":"Snake Plant","floor":28,"turns":5},{"damage":10,"enemies":"Cultist and Chosen","floor":29,"turns":7},{"damage":17,"enemies":"Centurion and Healer","floor":31,"turns":8},{"damage":10,"enemies":"Automaton","floor":33,"turns":10},{"damage":8,"enemies":"3 Darklings","floor":35,"turns":15},{"damage":0,"enemies":"Orb Walker","floor":39,"turns":2},{"damage":15,"enemies":"Maw","floor":41,"turns":8},{"damage":8,"enemies":"Mind Bloom Boss Battle","floor":46,"turns":5},{"damage":6,"enemies":"Reptomancer","floor":47,"turns":1},{"damage":23,"enemies":"Donu and Deca","floor":50,"turns":6}],"seed_played":"4614071888825436202","potions_obtained":[{"floor":1,"key":"Regen Potion"},{"floor":4,"key":"SteroidPotion"},{"floor":10,"key":"Fire Potion"},{"floor":16,"key":"Weak Potion"},{"floor":24,"key":"AttackPotion"},{"floor":27,"key":"LiquidBronze"},{"floor":29,"key":"GamblersBrew"},{"floor":33,"key":"SpeedPotion"},{"floor":46,"key":"SkillPotion"},{"floor":47,"key":"EssenceOfSteel"}],"is_trial":false,"path_per_floor":["M","M","M","M","?","R","M","R","T","M","R","M","M","M","R","B",null,"M","?","$","M","M","R","M","R","T","M","M","M","R","M","R","B",null,"M","?","?","$","M","R","M","R","T","?","R","?","E","T","R","B",null],"character_chosen":"IRONCLAD","items_purchased":["Membership Card","Armaments","DollysMirror","Turnip","War Paint"],"campfire_rested":0,"item_purchase_floors":[20,20,38,38,38],"current_hp_per_floor":[80,80,80,72,72,72,71,71,71,67,67,73,77,80,80,68,80,59,59,59,61,65,65,54,54,54,64,58,58,58,51,51,51,80,80,80,70,70,80,80,75,75,75,65,65,67,78,78,78,67],"gold":173,"neow_bonus":"UPGRADE_CARD","is_prod":false,"is_daily":false,"chose_seed":false,"campfire_upgraded":12,"win_rate":0,"timestamp":1549852353,"path_taken":["M","M","M","M","?","R","M","R","T","M","R","M","?","M","R","BOSS","M","?","$","M","M","R","M","R","T","?","?","M","R","M","R","BOSS","M","?","?","?","M","R","M","R","T","?","R","?","E","?","R","BOSS"],"build_version":"2019-01-23","purchased_purges":1,"victory":true,"max_hp_per_floor":[80,80,80,80,80,80,80,80,80,80,80,80,80,80,80,80,80,80,80,80,80,80,80,80,80,80,80,80,80,80,80,80,80,80,80,80,80,80,80,80,80,80,80,80,80,80,87,87,87,87],"card_choices":[{"not_picked":["Anger","Sword Boomerang"],"picked":"Searing Blow","floor":1},{"not_picked":["Shrug It Off","Perfected Strike","Body Slam"],"picked":"SKIP","floor":2},{"not_picked":["True Grit","Flex","Uppercut"],"picked":"SKIP","floor":3},{"not_picked":["Iron Wave","Cleave","Body Slam"],"picked":"SKIP","floor":4},{"not_picked":["Rampage","Ghostly Armor"],"picked":"Shrug It Off","floor":7},{"not_picked":["Havoc","Sever Soul"],"picked":"Flame Barrier","floor":10},{"not_picked":["Sentinel","Blood for Blood","True Grit"],"picked":"SKIP","floor":12},{"not_picked":["Carnage","Clothesline","Body Slam"],"picked":"SKIP","floor":13},{"not_picked":["Ghostly Armor","Headbutt"],"picked":"Double Tap","floor":14},{"not_picked":["Fiend Fire","Limit Break"],"picked":"Barricade","floor":16},{"not_picked":["Havoc","Clothesline"],"picked":"Sentinel+1","floor":18},{"not_picked":["Thunderclap+1","Pommel Strike"],"picked":"Offering","floor":21},{"not_picked":["Thunderclap","Heavy Blade+1"],"picked":"Armaments","floor":22},{"not_picked":["Clash+1","Wild Strike","Flex"],"picked":"SKIP","floor":24},{"not_picked":["Heavy Blade+1","Twin Strike","Iron Wave"],"picked":"SKIP","floor":27},{"not_picked":["Twin Strike","Barricade","Flex"],"picked":"SKIP","floor":28},{"not_picked":["Sword Boomerang","Anger"],"picked":"Armaments+1","floor":29},{"not_picked":["Evolve","Infernal Blade+1","Clothesline"],"picked":"SKIP","floor":31},{"not_picked":["Feed","Immolate"],"picked":"Offering","floor":33},{"not_picked":["Havoc+1","Thunderclap"],"picked":"Clothesline+1","floor":35},{"not_picked":["Swift Strike","Deep Breath"],"picked":"Flash of Steel","floor":37},{"not_picked":["Forethought","Impatience"],"picked":"Madness","floor":37},{"not_picked":["The Bomb","Secret Technique"],"picked":"Enlightenment","floor":37},{"not_picked":["Feel No Pain+1","Clothesline+1"],"picked":"True Grit+1","floor":39},{"not_picked":["Intimidate+1","Thunderclap+1","Spot Weakness+1"],"picked":"SKIP","floor":41},{"not_picked":["Dark Embrace","Uppercut+1","Heavy Blade"],"picked":"SKIP","floor":47}],"player_experience":420516,"relics_obtained":[{"floor":9,"key":"Bronze Scales"},{"floor":26,"key":"Lantern"},{"floor":43,"key":"Gremlin Horn"},{"floor":46,"key":"Nunchaku"},{"floor":47,"key":"Strawberry"},{"floor":48,"key":"Blood Vial"}],"event_choices":[{"cards_removed":["Strike_R"],"damage_healed":0,"gold_gain":0,"player_choice":"Purged","damage_taken":0,"max_hp_gain":0,"max_hp_loss":0,"event_name":"Purifier","floor":5,"gold_loss":0},{"damage_healed":0,"gold_gain":0,"player_choice":"Bought 0 Potions","damage_taken":0,"max_hp_gain":0,"max_hp_loss":0,"event_name":"The Woman in Blue","floor":19,"gold_loss":0},{"cards_removed":["Defend_R"],"damage_healed":0,"gold_gain":0,"player_choice":"Removed Skill","damage_taken":0,"max_hp_gain":0,"max_hp_loss":0,"event_name":"Falling","floor":36,"gold_loss":0},{"damage_healed":0,"gold_gain":0,"player_choice":"Memory 3","damage_taken":10,"max_hp_gain":0,"max_hp_loss":0,"event_name":"SensoryStone","floor":37,"gold_loss":0},{"damage_healed":0,"gold_gain":0,"player_choice":"Embrace Madness","damage_taken":10,"max_hp_gain":0,"max_hp_loss":0,"event_name":"Winding Halls","floor":44,"gold_loss":0,"cards_obtained":["Madness","Madness"]},{"damage_healed":0,"gold_gain":0,"player_choice":"Fight","damage_taken":0,"max_hp_gain":0,"max_hp_loss":0,"event_name":"MindBloom","floor":46,"gold_loss":0}],"is_beta":false,"boss_relics":[{"not_picked":["Mark of Pain","Calling Bell"],"picked":"Black Blood"},{"not_picked":["White Beast Statue","Pandora\u0027s Box"],"picked":"Empty Cage"}],"items_purged_floors":[20],"is_endless":false,"potions_floor_spawned":[1,4,10,16,24,27,29,31,33,46,47],"ascension_level":0}