{"gold_per_floor":[369,369,4,15,31,31,57,76,76,76],"floor_reached":10,"playtime":2048,"items_purged":[],"score":75,"play_id":"5cd60117-024f-4f4c-a895-76c152dbd811","local_time":"20190205204135","is_ascension_mode":true,"campfire_choices":[{"data":"Defragment","floor":6,"key":"SMITH"}],"neow_cost":"CURSE","seed_source_timestamp":1314877014653289,"circlet_count":0,"master_deck":["Strike_B","Strike_B","Strike_B","Strike_B","Defend_B","Defend_B","Defend_B","Defend_B","Zap","Dualcast","Decay","Defragment+1","Dramatic Entrance","Stack","Doom and Gloom","Skim","Electrodynamics","Hologram"],"relics":["Cracked Core","Bag of Marbles","Bag of Preparation","Frozen Egg 2"],"potions_floor_usage":[5,10],"damage_taken":[{"damage":0,"enemies":"Small Slimes","floor":1,"turns":4},{"damage":8,"enemies":"Jaw Worm","floor":4,"turns":2},{"damage":3,"enemies":"Cultist","floor":5,"turns":3},{"damage":49,"enemies":"Gremlin Nob","floor":7,"turns":5},{"damage":0,"enemies":"2 Fungi Beasts","floor":8,"turns":1},{"damage":21,"enemies":"Lagavulin","floor":10,"turns":3}],"seed_played":"2787677746041736106","potions_obtained":[{"floor":4,"key":"Swift Potion"},{"floor":7,"key":"SpeedPotion"}],"is_trial":false,"path_per_floor":["M","?","$","M","M","R","E","M","T","E"],"character_chosen":"DEFECT","items_purchased":["Bag of Marbles","Defragment","Dramatic Entrance","Stack"],"campfire_rested":0,"item_purchase_floors":[3,3,3,3],"current_hp_per_floor":[75,80,80,72,69,69,20,20,20,0],"gold":76,"neow_bonus":"TWO_FIFTY_GOLD","is_prod":false,"is_daily":false,"chose_seed":false,"campfire_upgraded":1,"win_rate":0,"timestamp":1549428095,"path_taken":["M","?","$","M","M","R","E","M","T","E"],"build_version":"2019-01-23","purchased_purges":0,"victory":false,"max_hp_per_floor":[75,80,80,80,80,80,80,80,80,80],"card_choices":[{"not_picked":["Go for the Eyes","Compile Driver","Aggregate"],"picked":"SKIP","floor":1},{"not_picked":["Steam","Go for the Eyes"],"picked":"Doom and Gloom","floor":4},{"not_picked":["Rip and Tear","Stack"],"picked":"Skim","floor":5},{"not_picked":["Coolheaded","Hologram"],"picked":"Electrodynamics","floor":7},{"not_picked":["Beam Cell","Gash"],"picked":"Hologram","floor":8}],"player_experience":349464,"relics_obtained":[{"floor":7,"key":"Bag of Preparation"},{"floor":9,"key":"Frozen Egg 2"}],"event_choices":[{"damage_healed":0,"gold_gain":0,"player_choice":"Donut","damage_taken":0,"max_hp_gain":5,"max_hp_loss":0,"event_name":"Big Fish","floor":2,"gold_loss":0}],"is_beta":false,"boss_relics":[],"items_purged_floors":[],"is_endless":false,"potions_floor_spawned":[4,7],"killed_by":"Lagavulin","ascension_level":2}