{"gold_per_floor":[112,187,198,198,214,247,247,277,277,287,298,298,32,48,48,144,194,205,225,74,84,97,97,97],"floor_reached":24,"playtime":2333,"items_purged":["Strike_R","Strike_R"],"score":256,"play_id":"6a66c5bf-30b3-4531-9148-a4d17b55dd3f","local_time":"20190318233614","is_ascension_mode":true,"campfire_choices":[{"data":"Uppercut","floor":7,"key":"SMITH"},{"floor":12,"key":"REST"},{"data":"Shrug It Off","floor":15,"key":"SMITH"},{"floor":23,"key":"REST"}],"neow_cost":"NONE","seed_source_timestamp":4670901338922,"circlet_count":0,"master_deck":["Strike_R+1","Defend_R","Defend_R","Defend_R","Defend_R","Bash","Uppercut+1","Offering","Clash","Headbutt","Inflame+1","Burning Pact","Spot Weakness","Shrug It Off+1","Spot Weakness","Juggernaut+1","Thunderclap","True Grit+1","True Grit","Armaments","Heavy Blade","Armaments"],"relics":["Burning Blood","Frozen Egg 2","Turnip","Mango","Vajra","Tiny House"],"potions_floor_usage":[16,19,22,22,22,22],"damage_taken":[{"damage":9,"enemies":"Jaw Worm","floor":1,"turns":4},{"damage":1,"enemies":"2 Louse","floor":3,"turns":3},{"damage":6,"enemies":"Cultist","floor":5,"turns":2},{"damage":22,"enemies":"Lagavulin","floor":6,"turns":5},{"damage":23,"enemies":"3 Sentries","floor":8,"turns":8},{"damage":17,"enemies":"Gremlin Gang","floor":10,"turns":4},{"damage":13,"enemies":"Large Slime","floor":11,"turns":5},{"damage":2,"enemies":"Exordium Wildlife","floor":14,"turns":3},{"damage":45,"enemies":"Hexaghost","floor":16,"turns":9},{"damage":44,"enemies":"2 Thieves","floor":18,"turns":4},{"damage":29,"enemies":"Chosen","floor":19,"turns":7},{"damage":27,"enemies":"Sentry and Sphere","floor":21,"turns":8},{"damage":0,"enemies":"Snecko","floor":22,"turns":7},{"damage":63,"enemies":"Cultist and Chosen","floor":24,"turns":6}],"seed_played":"-6457116080830155594","potions_obtained":[{"floor":3,"key":"SpeedPotion"},{"floor":8,"key":"LiquidBronze"},{"floor":14,"key":"LiquidBronze"},{"floor":16,"key":"Block Potion"},{"floor":17,"key":"Weak Potion"},{"floor":21,"key":"Dexterity Potion"},{"floor":22,"key":"Fruit Juice"}],"is_trial":false,"path_per_floor":["M","?","M","?","M","E","R","E","T","M","M","R","$","M","R","B",null,"M","M","$","M","M","R","M"],"character_chosen":"IRONCLAD","items_purchased":["Shrug It Off","Vajra","Armaments"],"campfire_rested":2,"item_purchase_floors":[13,13,20],"current_hp_per_floor":[77,66,71,71,71,55,55,38,52,41,34,62,62,66,66,27,99,61,38,38,17,28,59,0],"gold":97,"neow_bonus":"REMOVE_CARD","is_prod":false,"is_daily":false,"chose_seed":false,"campfire_upgraded":2,"win_rate":0,"timestamp":1552973774,"path_taken":["M","?","M","?","M","E","R","E","T","M","?","R","$","M","R","BOSS","M","M","$","?","M","R","M"],"build_version":"2019-01-23","purchased_purges":2,"victory":false,"max_hp_per_floor":[80,80,80,80,80,80,80,80,94,94,94,94,94,94,94,94,99,99,99,99,99,104,104,104],"card_choices":[{"not_picked":["Anger","Sever Soul"],"picked":"Uppercut","floor":1},{"not_picked":["Warcry","Armaments"],"picked":"Offering","floor":3},{"not_picked":["Thunderclap","Power Through"],"picked":"Clash","floor":5},{"not_picked":["Clothesline","Rampage"],"picked":"Headbutt","floor":6},{"not_picked":["Flex","Clash"],"picked":"Inflame+1","floor":8},{"not_picked":["Rupture+1","Sever Soul"],"picked":"Burning Pact","floor":10},{"not_picked":["Searing Blow","Seeing Red"],"picked":"Spot Weakness","floor":11},{"not_picked":["Burning Pact","Disarm"],"picked":"Spot Weakness","floor":14},{"not_picked":["Impervious","Fiend Fire"],"picked":"Juggernaut+1","floor":16},{"not_picked":["Wild Strike","Perfected Strike"],"picked":"Thunderclap","floor":17},{"not_picked":["Entrench","Wild Strike"],"picked":"True Grit+1","floor":18},{"not_picked":["Perfected Strike","Thunderclap+1"],"picked":"True Grit","floor":19},{"not_picked":["Rupture+1","Sword Boomerang"],"picked":"Heavy Blade","floor":21},{"not_picked":["Ghostly Armor","Reckless Charge"],"picked":"Armaments","floor":22}],"player_experience":268249,"relics_obtained":[{"floor":6,"key":"Frozen Egg 2"},{"floor":8,"key":"Turnip"},{"floor":9,"key":"Mango"}],"event_choices":[{"damage_healed":0,"gold_gain":75,"player_choice":"Gather Gold","damage_taken":11,"max_hp_gain":0,"max_hp_loss":0,"event_name":"World of Goop","floor":2,"gold_loss":0},{"cards_removed":["Strike_R"],"damage_healed":0,"gold_gain":0,"player_choice":"Purged","damage_taken":0,"max_hp_gain":0,"max_hp_loss":0,"event_name":"Purifier","floor":4,"gold_loss":0}],"is_beta":false,"boss_relics":[{"not_picked":["Busted Crown","Lizard Tail"],"picked":"Tiny House"}],"items_purged_floors":[13,20],"is_endless":false,"potions_floor_spawned":[3,8,14,16,21,22],"killed_by":"Cultist and Chosen","ascension_level":2}