{"gold_per_floor":[118,118,118,134,144,178,178,206,206,220,220,220],"floor_reached":12,"playtime":300,"items_purged":[],"score":113,"play_id":"7803b841-fe93-4bd9-a679-90a16b98c02a","local_time":"20190416000413","is_ascension_mode":true,"campfire_choices":[{"data":"Neutralize","floor":7,"key":"SMITH"}],"neow_cost":"NONE","seed_source_timestamp":524635121981199,"circlet_count":0,"master_deck":["Defend_G","Defend_G","Defend_G","Defend_G","Defend_G","Strike_G","Strike_G","Strike_G","Strike_G","Strike_G","Survivor","Neutralize+1","Poisoned Stab+1","Dodge and Roll+1","Prepared+1","Venomology+1","Flechettes","Outmaneuver+1"],"relics":["Ring of the Snake","NeowsBlessing","Toxic Egg 2","The Courier","WingedGreaves","Gremlin Horn"],"potions_floor_usage":[6,8,11,11],"damage_taken":[{"damage":0,"enemies":"Small Slimes","floor":1,"turns":1},{"damage":0,"enemies":"Jaw Worm","floor":4,"turns":1},{"damage":0,"enemies":"2 Louse","floor":5,"turns":1},{"damage":24,"enemies":"Gremlin Nob","floor":6,"turns":5},{"damage":22,"enemies":"Lagavulin","floor":8,"turns":7},{"damage":5,"enemies":"Looter","floor":10,"turns":3},{"damage":11,"enemies":"3 Sentries","floor":11,"turns":3},{"damage":0,"enemies":"Exordium Wildlife","floor":12,"turns":1}],"seed_played":"7533757082918874507","potions_obtained":[{"floor":1,"key":"Block Potion"}],"is_trial":false,"path_per_floor":["M","?","?","M","M","E","R","E","T","M","E","M"],"character_chosen":"THE_SILENT","items_purchased":[],"campfire_rested":0,"item_purchase_floors":[],"current_hp_per_floor":[70,63,63,63,63,39,39,17,17,12,1,1],"gold":220,"neow_bonus":"THREE_ENEMY_KILL","is_prod":false,"is_daily":false,"chose_seed":false,"campfire_upgraded":1,"win_rate":0,"timestamp":1555365853,"path_taken":["M","?","?","M","M","E","R","E","T","M","E","M"],"build_version":"2019-01-23","purchased_purges":0,"victory":false,"max_hp_per_floor":[70,70,70,70,70,70,70,70,70,70,70,70],"card_choices":[{"not_picked":["Heel Hook","Dodge and Roll"],"picked":"Poisoned Stab","floor":1},{"not_picked":["Calculated Gamble+1","Deflect+1"],"picked":"Dodge and Roll+1","floor":4},{"not_picked":["Slice","Quick Slash"],"picked":"Prepared+1","floor":5},{"not_picked":["Blade Dance+1","Setup+1"],"picked":"Venomology+1","floor":6},{"not_picked":["Sucker Punch","Die Die Die"],"picked":"Flechettes","floor":8},{"not_picked":["Terror+1","Quick Slash"],"picked":"Outmaneuver+1","floor":10}],"player_experience":482654,"relics_obtained":[{"floor":6,"key":"The Courier"},{"floor":8,"key":"WingedGreaves"},{"floor":9,"key":"Gremlin Horn"}],"event_choices":[{"damage_healed":0,"gold_gain":0,"player_choice":"Success","damage_taken":7,"relics_obtained":["Toxic Egg 2"],"max_hp_gain":0,"max_hp_loss":0,"event_name":"Scrap Ooze","floor":2,"gold_loss":0},{"damage_healed":0,"gold_gain":0,"player_choice":"Grow","damage_taken":0,"max_hp_gain":0,"max_hp_loss":0,"event_name":"Living Wall","floor":3,"gold_loss":0,"cards_upgraded":["Poisoned Stab"]}],"is_beta":false,"boss_relics":[],"items_purged_floors":[],"is_endless":false,"potions_floor_spawned":[1,11],"killed_by":"Exordium Wildlife","ascension_level":3}