{"gold_per_floor":[119,119,44,55,55,83,97,97,149,180,195,207,207,219,219,319,319,333,78,78,94,94,94],"floor_reached":23,"playtime":1259,"items_purged":["Strike_B"],"score":226,"play_id":"c0cf83ce-d57e-45fd-9ca4-e502182635b7","local_time":"20181109052218","is_ascension_mode":false,"campfire_choices":[{"floor":8,"key":"REST"},{"data":"Streamline","floor":13,"key":"SMITH"},{"floor":15,"key":"REST"}],"neow_cost":"NONE","seed_source_timestamp":78260688272668,"circlet_count":0,"master_deck":["Strike_B","Strike_B","Defend_B","Defend_B","Defend_B","Defend_B","Zap","Dualcast","Streamline","Streamline","Streamline+1","Streamline+1","Auto Shields","Fusion","Turbo","Sunder","Core Surge","Scrape","Turbo","Echo Form"],"relics":["Orrery","Pen Nib","Dream Catcher","Boot","Ancient Tea Set","Nuclear Battery","Frozen Egg 2"],"potions_floor_usage":[6,6,16,16],"damage_taken":[{"damage":8,"enemies":"Small Slimes","floor":1,"turns":3},{"damage":6,"enemies":"Jaw Worm","floor":4,"turns":2},{"damage":16,"enemies":"3 Sentries","floor":6,"turns":5},{"damage":3,"enemies":"2 Louse","floor":7,"turns":3},{"damage":10,"enemies":"Lagavulin","floor":10,"turns":5},{"damage":0,"enemies":"Large Slime","floor":11,"turns":4},{"damage":10,"enemies":"Looter","floor":12,"turns":2},{"damage":8,"enemies":"Red Slaver","floor":14,"turns":3},{"damage":52,"enemies":"The Guardian","floor":16,"turns":10},{"damage":23,"enemies":"3 Byrds","floor":18,"turns":4},{"damage":9,"enemies":"Spheric Guardian","floor":21,"turns":4},{"damage":44,"enemies":"Slavers","floor":23,"turns":3}],"seed_played":"8351447161467689363","potions_obtained":[{"floor":1,"key":"Fire Potion"},{"floor":4,"key":"LiquidBronze"},{"floor":11,"key":"SteroidPotion"},{"floor":14,"key":"SkillPotion"},{"floor":18,"key":"FocusPotion"}],"is_trial":false,"path_per_floor":["M","?","$","M","?","E","M","R","T","E","M","M","R","M","R","B",null,"M","$","?","M","$","E"],"character_chosen":"DEFECT","items_purchased":["Frozen Egg 2"],"campfire_rested":2,"item_purchase_floors":[19],"current_hp_per_floor":[67,67,67,61,58,42,39,61,61,51,51,41,41,33,55,3,75,52,52,52,43,43,0],"gold":94,"neow_bonus":"BOSS_RELIC","is_prod":false,"is_daily":false,"chose_seed":false,"campfire_upgraded":1,"win_rate":0.0,"timestamp":1541737338,"path_taken":["M","?","$","M","?","E","M","R","T","E","M","M","R","M","R","BOSS","M","$","?","M","$","E"],"build_version":"2018-11-08","purchased_purges":1,"victory":false,"max_hp_per_floor":[75,75,75,75,75,75,75,75,75,75,75,75,75,75,75,75,75,75,75,75,75,75,75],"card_choices":[{"not_picked":["Storm","Conserve Battery"],"picked":"Streamline","floor":0},{"not_picked":["Turbo","Conserve Battery"],"picked":"Streamline","floor":0},{"not_picked":["Barrage","Skim"],"picked":"Streamline","floor":0},{"not_picked":["Go for the Eyes","Capacitor"],"picked":"Streamline","floor":0},{"not_picked":["Cold Snap","Redo"],"picked":"Auto Shields","floor":0},{"not_picked":["Ball Lightning","Reprogram","Gash"],"picked":"SKIP","floor":1},{"not_picked":["Redo","Hello World"],"picked":"Fusion","floor":4},{"not_picked":["Rebound","Streamline"],"picked":"Turbo","floor":6},{"not_picked":["Steam","Sweeping Beam"],"picked":"Sunder","floor":7},{"not_picked":["Consume","Cold Snap"],"picked":"Core Surge","floor":8},{"not_picked":["Storm","Rebound","Ball Lightning"],"picked":"SKIP","floor":10},{"not_picked":["Capacitor","Leap"],"picked":"Scrape","floor":11},{"not_picked":["Hologram","Reprogram","Force Field"],"picked":"SKIP","floor":12},{"not_picked":["Coolheaded","Steam"],"picked":"Turbo","floor":14},{"not_picked":["Hyperbeam","Electrodynamics"],"picked":"Echo Form","floor":16},{"not_picked":["Tempest","Beam Cell","Go for the Eyes+1"],"picked":"SKIP","floor":18},{"not_picked":["Auto Shields","Sweeping Beam","Stack"],"picked":"SKIP","floor":21}],"player_experience":191835,"relics_obtained":[{"floor":6,"key":"Dream Catcher"},{"floor":9,"key":"Boot"},{"floor":10,"key":"Ancient Tea Set"}],"event_choices":[{"damage_healed":0,"gold_gain":0,"player_choice":"Grow","damage_taken":0,"max_hp_gain":0,"max_hp_loss":0,"event_name":"Living Wall","floor":2,"gold_loss":0,"cards_upgraded":["Streamline"]},{"damage_healed":0,"gold_gain":0,"player_choice":"Success","damage_taken":3,"relics_obtained":["Pen Nib"],"max_hp_gain":0,"max_hp_loss":0,"event_name":"Scrap Ooze","floor":5,"gold_loss":0},{"cards_removed":["Strike_B"],"damage_healed":0,"gold_gain":0,"player_choice":"Elegance","damage_taken":0,"max_hp_gain":0,"max_hp_loss":0,"event_name":"Back to Basics","floor":20,"gold_loss":0}],"is_beta":false,"boss_relics":[{"not_picked":["Fusion Hammer","Pandora\u0027s Box"],"picked":"Nuclear Battery"}],"items_purged_floors":[3],"is_endless":false,"potions_floor_spawned":[1,4,11,14,18],"killed_by":"Slavers","ascension_level":0}