{"gold_per_floor":[11,23,23,42,59,86,99,99,175,209,209,223,239,259,259,358,358,358,127,67,67,67,67,67,67,67,67,67,67,67,67,67,67,67,67,21,21,21,21,21,21,21,21,21,21,21,21,21,21,21],"floor_reached":51,"playtime":2426,"items_purged":[],"score":1051,"play_id":"512958ee-6ac8-4766-aca5-ae6ccf00badf","local_time":"20190327232911","is_ascension_mode":true,"campfire_choices":[{"data":"1","floor":8,"key":"LIFT"},{"data":"2","floor":15,"key":"LIFT"},{"data":"Heavy Blade","floor":24,"key":"SMITH"},{"data":"3","floor":32,"key":"LIFT"},{"data":"Heavy Blade","floor":40,"key":"SMITH"},{"data":"Spot Weakness","floor":42,"key":"SMITH"},{"floor":49,"key":"REST"}],"neow_cost":"NO_GOLD","seed_source_timestamp":304300646970803,"circlet_count":0,"master_deck":["Strike_R+1","Strike_R","Strike_R","Strike_R","Strike_R","Defend_R","Defend_R","Defend_R+1","Defend_R","Bash","Spot Weakness+1","Heavy Blade+1","Clash","Perfected Strike","Reaper","Cleave","Iron Wave","Clothesline","Anger+1","Feed","Shrug It Off","Flame Barrier","Reaper","Whirlwind+1","Anger","Pommel Strike+1","Headbutt+1","Impervious+1","Metallicize","True Grit+1","Reaper","Heavy Blade+1","Shrug It Off","Madness","Madness","Pummel+1","Rage+1","Double Tap","Thunderclap+1","Shrug It Off","Exhume","Whirlwind"],"relics":["Burning Blood","Nunchaku","Pen Nib","Girya","Bottled Lightning","Orichalcum","Ectoplasm","MutagenicStrength","Du-Vu Doll","Whetstone","Omamori","Black Star","Regal Pillow","Mango","Dream Catcher","MawBank","Vajra","Champion Belt","War Paint","Anchor"],"potions_floor_usage":[6,10,44,50,50,50],"damage_taken":[{"damage":12,"enemies":"Small Slimes","floor":1,"turns":3},{"damage":0,"enemies":"2 Louse","floor":2,"turns":2},{"damage":1,"enemies":"Cultist","floor":4,"turns":3},{"damage":0,"enemies":"Large Slime","floor":5,"turns":4},{"damage":37,"enemies":"Lagavulin","floor":6,"turns":6},{"damage":10,"enemies":"2 Fungi Beasts","floor":7,"turns":3},{"damage":37,"enemies":"Gremlin Nob","floor":10,"turns":5},{"damage":8,"enemies":"Exordium Thugs","floor":12,"turns":3},{"damage":0,"enemies":"Lots of Slimes","floor":13,"turns":1},{"damage":6,"enemies":"Exordium Wildlife","floor":14,"turns":3},{"damage":33,"enemies":"Slime Boss","floor":16,"turns":8},{"damage":7,"enemies":"Chosen","floor":18,"turns":3},{"damage":30,"enemies":"2 Thieves","floor":20,"turns":4},{"damage":0,"enemies":"Snake Plant","floor":21,"turns":2},{"damage":27,"enemies":"Book of Stabbing","floor":23,"turns":4},{"damage":13,"enemies":"Gremlin Leader","floor":25,"turns":3},{"damage":9,"enemies":"3 Cultists","floor":29,"turns":5},{"damage":0,"enemies":"Centurion and Healer","floor":30,"turns":3},{"damage":7,"enemies":"Chosen and Byrds","floor":31,"turns":6},{"damage":23,"enemies":"Collector","floor":33,"turns":7},{"damage":9,"enemies":"3 Shapes","floor":35,"turns":4},{"damage":33,"enemies":"3 Darklings","floor":39,"turns":4},{"damage":68,"enemies":"Nemesis","floor":41,"turns":7},{"damage":39,"enemies":"Reptomancer","floor":44,"turns":4},{"damage":26,"enemies":"Jaw Worm Horde","floor":45,"turns":4},{"damage":55,"enemies":"Writhing Mass","floor":47,"turns":4},{"damage":21,"enemies":"Nemesis","floor":48,"turns":5},{"damage":27,"enemies":"Time Eater","floor":50,"turns":5}],"seed_played":"-6343755656135305351","potions_obtained":[{"floor":1,"key":"Energy Potion"},{"floor":5,"key":"Ancient Potion"},{"floor":10,"key":"PowerPotion"},{"floor":12,"key":"GamblersBrew"},{"floor":13,"key":"Dexterity Potion"},{"floor":31,"key":"Strength Potion"},{"floor":44,"key":"Weak Potion"},{"floor":45,"key":"PowerPotion"}],"is_trial":false,"path_per_floor":["M","M","?","M","M","E","M","R","T","E","?","M","M","M","R","B",null,"M","$","M","M","?","E","R","E","T","?","?","M","M","M","R","B",null,"M","$","?","?","M","R","E","R","T","E","M","T","M","E","R","B",null],"character_chosen":"IRONCLAD","items_purchased":["Flame Barrier","Reaper","Shrug It Off"],"campfire_rested":1,"item_purchase_floors":[19,19,36],"current_hp_per_floor":[74,80,73,78,80,49,56,56,56,30,35,49,55,71,71,68,77,83,83,71,80,80,68,68,61,61,61,61,85,89,91,91,84,90,90,90,78,78,81,81,63,63,63,74,109,109,74,77,112,105],"gold":21,"neow_bonus":"ONE_RARE_RELIC","is_prod":false,"is_daily":false,"chose_seed":false,"campfire_upgraded":3,"win_rate":0,"timestamp":1553750951,"path_taken":["M","M","?","M","M","E","M","R","T","E","?","M","M","M","R","BOSS","M","$","M","M","?","E","R","E","T","?","?","M","M","?","R","BOSS","M","?","?","?","M","R","E","R","T","E","?","?","M","E","R","BOSS"],"build_version":"2019-01-23","purchased_purges":0,"victory":true,"max_hp_per_floor":[80,80,80,80,80,80,80,80,80,80,80,80,80,80,80,80,80,83,83,86,89,89,89,89,89,89,89,89,89,89,92,92,92,92,95,95,95,95,95,95,109,109,109,109,112,112,112,112,112,112],"card_choices":[{"not_picked":["Dropkick","Cleave"],"picked":"Spot Weakness","floor":1},{"not_picked":["Shockwave","Evolve"],"picked":"Heavy Blade","floor":2},{"not_picked":["Flex","Entrench"],"picked":"Clash","floor":4},{"not_picked":["Bloodletting","Flex"],"picked":"Perfected Strike","floor":5},{"not_picked":["Barricade","Anger"],"picked":"Reaper","floor":6},{"not_picked":["Anger","True Grit"],"picked":"Cleave","floor":7},{"not_picked":["Seeing Red","Thunderclap"],"picked":"Cleave","floor":10},{"not_picked":["Sentinel","Sever Soul"],"picked":"Iron Wave","floor":12},{"not_picked":["Cleave","Bloodletting"],"picked":"Clothesline","floor":13},{"not_picked":["Bloodletting","Twin Strike"],"picked":"Anger","floor":14},{"not_picked":["Exhume","Double Tap"],"picked":"Feed","floor":16},{"not_picked":["Rampage","Sword Boomerang"],"picked":"Shrug It Off","floor":18},{"not_picked":["Body Slam+1","Wild Strike"],"picked":"Whirlwind+1","floor":20},{"not_picked":["Searing Blow","Body Slam+1"],"picked":"Anger","floor":21},{"not_picked":["Flex","Clash"],"picked":"Pommel Strike+1","floor":23},{"not_picked":["Dual Wield","Burning Pact"],"picked":"Headbutt+1","floor":25},{"not_picked":["Wild Strike","Corruption","Dual Wield"],"picked":"SKIP","floor":29},{"not_picked":["Pommel Strike+1","Thunderclap"],"picked":"True Grit+1","floor":30},{"not_picked":["Headbutt+1","Sever Soul","Clothesline"],"picked":"SKIP","floor":31},{"not_picked":["Brutality","Impervious"],"picked":"Reaper","floor":33},{"not_picked":["Shrug It Off","Perfected Strike+1"],"picked":"Heavy Blade","floor":35},{"not_picked":["Corruption+1","Headbutt"],"picked":"Pummel+1","floor":39},{"not_picked":["Wild Strike","True Grit"],"picked":"Rage+1","floor":41},{"not_picked":["Rage","Cleave+1"],"picked":"Double Tap","floor":44},{"not_picked":["Iron Wave+1","Twin Strike+1"],"picked":"Thunderclap+1","floor":45},{"not_picked":["Cleave","Anger"],"picked":"Shrug It Off","floor":47},{"not_picked":["Second Wind","Sentinel+1"],"picked":"Exhume","floor":48},{"not_picked":["Clash+1","Wild Strike"],"picked":"Whirlwind","floor":49}],"player_experience":342275,"relics_obtained":[{"floor":6,"key":"Girya"},{"floor":9,"key":"Bottled Lightning"},{"floor":10,"key":"Orichalcum"},{"floor":23,"key":"Du-Vu Doll"},{"floor":25,"key":"Whetstone"},{"floor":26,"key":"Omamori"},{"floor":41,"key":"Regal Pillow"},{"floor":41,"key":"Mango"},{"floor":43,"key":"Dream Catcher"},{"floor":44,"key":"MawBank"},{"floor":44,"key":"Vajra"},{"floor":46,"key":"Champion Belt"},{"floor":48,"key":"War Paint"},{"floor":48,"key":"Anchor"}],"event_choices":[{"damage_healed":0,"gold_gain":0,"player_choice":"Success","damage_taken":7,"relics_obtained":["Pen Nib"],"max_hp_gain":0,"max_hp_loss":0,"event_name":"Scrap Ooze","floor":3,"gold_loss":0},{"cards_removed":["Cleave"],"damage_healed":5,"gold_gain":0,"player_choice":"Offered Common","damage_taken":0,"max_hp_gain":0,"max_hp_loss":0,"event_name":"Bonfire Elementals","floor":11,"gold_loss":0},{"cards_removed":["Cleave"],"damage_healed":5,"gold_gain":0,"player_choice":"Offered Special","damage_taken":0,"max_hp_gain":0,"max_hp_loss":0,"event_name":"Bonfire Elementals","floor":11,"gold_loss":0},{"damage_healed":0,"gold_gain":0,"player_choice":"Inject Mutagens","damage_taken":0,"relics_obtained":["MutagenicStrength"],"max_hp_gain":0,"max_hp_loss":0,"event_name":"Drug Dealer","floor":22,"gold_loss":0},{"damage_healed":0,"gold_gain":0,"player_choice":"Smashed Altar","damage_taken":0,"max_hp_gain":0,"max_hp_loss":0,"event_name":"Forgotten Altar","floor":27,"gold_loss":0,"cards_obtained":["Decay"]},{"damage_healed":0,"gold_gain":0,"player_choice":"2 cards matched","damage_taken":0,"max_hp_gain":0,"max_hp_loss":0,"event_name":"Match and Keep!","floor":28,"gold_loss":0,"cards_obtained":["Impervious","Metallicize"]},{"damage_healed":0,"gold_gain":0,"player_choice":"Embrace Madness","damage_taken":12,"max_hp_gain":0,"max_hp_loss":0,"event_name":"Winding Halls","floor":37,"gold_loss":0,"cards_obtained":["Madness","Madness"]},{"damage_healed":0,"gold_gain":300,"player_choice":"Gold","damage_taken":0,"max_hp_gain":0,"max_hp_loss":0,"event_name":"Wheel of Change","floor":38,"gold_loss":0}],"is_beta":false,"boss_relics":[{"not_picked":["White Beast Statue","Fusion Hammer"],"picked":"Ectoplasm"},{"not_picked":["Tiny House","Empty Cage"],"picked":"Black Star"}],"items_purged_floors":[],"is_endless":false,"potions_floor_spawned":[1,5,10,12,13,21,30,31,39,44,45],"ascension_level":5}