{"gold_per_floor":[110,110,110,85,100,100,133,148,148,177,177,177,194,214,214,312,312,332,176,204,204,215,215,247,258,303,303,303,303,303,337,337,337],"floor_reached":33,"playtime":1692,"items_purged":["Strike_R"],"score":379,"play_id":"264c9c09-877c-4034-94e1-ad426363de9f","local_time":"20190414232138","is_ascension_mode":true,"campfire_choices":[{"data":"Searing Blow","floor":6,"key":"SMITH"},{"data":"Searing Blow+1","floor":11,"key":"SMITH"},{"data":"Bash","floor":15,"key":"SMITH"},{"data":"Demon Form","floor":23,"key":"SMITH"},{"data":"True Grit","floor":27,"key":"SMITH"},{"data":"Searing Blow+2","floor":30,"key":"SMITH"},{"floor":32,"key":"REST"}],"neow_cost":"NONE","seed_source_timestamp":135732740545838,"circlet_count":0,"master_deck":["Strike_R","Strike_R","Defend_R","Defend_R","Defend_R","Defend_R","Bash+1","Sword Boomerang","Searing Blow+3","Headbutt","Pommel Strike+1","Headbutt","Cleave","Clothesline","Demon Form+1","True Grit+1","Finesse","Corruption","Flame Barrier","Seeing Red"],"relics":["Burning Blood","Paper Frog","Centennial Puzzle","Bronze Scales","Odd Mushroom","Velvet Choker","Red Mask","Anchor","Blood Vial","MutagenicStrength","Bird Faced Urn"],"potions_floor_usage":[5,7,10,16,18,24,25,31],"damage_taken":[{"damage":2,"enemies":"2 Louse","floor":1,"turns":3},{"damage":1,"enemies":"Small Slimes","floor":5,"turns":2},{"damage":12,"enemies":"Gremlin Nob","floor":7,"turns":3},{"damage":9,"enemies":"Jaw Worm","floor":8,"turns":3},{"damage":10,"enemies":"The Mushroom Lair","floor":10,"turns":3},{"damage":7,"enemies":"3 Louse","floor":13,"turns":3},{"damage":6,"enemies":"Looter","floor":14,"turns":2},{"damage":55,"enemies":"The Guardian","floor":16,"turns":8},{"damage":1,"enemies":"Spheric Guardian","floor":18,"turns":3},{"damage":38,"enemies":"Masked Bandits","floor":20,"turns":5},{"damage":0,"enemies":"3 Byrds","floor":22,"turns":3},{"damage":26,"enemies":"Book of Stabbing","floor":24,"turns":5},{"damage":0,"enemies":"Centurion and Healer","floor":25,"turns":4},{"damage":15,"enemies":"Slavers","floor":31,"turns":4},{"damage":81,"enemies":"Automaton","floor":33,"turns":6}],"seed_played":"3702449272816906806","potions_obtained":[{"floor":1,"key":"Fire Potion"},{"floor":5,"key":"Weak Potion"},{"floor":7,"key":"Explosive Potion"},{"floor":14,"key":"PowerPotion"},{"floor":16,"key":"SkillPotion"},{"floor":22,"key":"Explosive Potion"},{"floor":24,"key":"Regen Potion"},{"floor":25,"key":"EssenceOfSteel"}],"is_trial":false,"path_per_floor":["M","?","?","$","M","R","E","M","T","?","R","?","M","M","R","B",null,"M","$","?","?","M","R","E","M","T","R","?","?","R","E","R","B"],"character_chosen":"IRONCLAD","items_purchased":["Headbutt","Finesse"],"campfire_rested":1,"item_purchase_floors":[4,19],"current_hp_per_floor":[76,76,69,69,74,74,68,65,65,61,61,61,60,60,60,11,63,68,68,36,36,42,42,22,40,40,40,40,40,40,33,57,0],"gold":337,"neow_bonus":"THREE_CARDS","is_prod":false,"is_daily":false,"chose_seed":false,"campfire_upgraded":6,"win_rate":0,"timestamp":1555251698,"path_taken":["M","?","?","$","M","R","E","M","T","?","R","?","?","M","R","BOSS","M","$","?","?","?","R","E","M","T","R","?","?","R","E","R","BOSS"],"build_version":"2019-01-23","purchased_purges":1,"victory":false,"max_hp_per_floor":[80,80,80,80,80,80,80,80,80,80,80,80,80,80,80,80,80,80,80,80,80,80,80,80,80,80,80,80,80,80,80,80,80],"card_choices":[{"not_picked":["Sever Soul","Armaments"],"picked":"Sword Boomerang","floor":0},{"not_picked":["Sever Soul","Warcry"],"picked":"Searing Blow","floor":1},{"not_picked":["Rampage","Inflame"],"picked":"Pommel Strike","floor":5},{"not_picked":["Wild Strike","Limit Break"],"picked":"Headbutt","floor":7},{"not_picked":["Pommel Strike","Perfected Strike","Juggernaut"],"picked":"SKIP","floor":8},{"not_picked":["Pommel Strike","Sever Soul"],"picked":"Cleave","floor":10},{"not_picked":["Anger","Body Slam","Entrench"],"picked":"SKIP","floor":13},{"not_picked":["Clash","Blood for Blood"],"picked":"Clothesline","floor":14},{"not_picked":["Bludgeon","Exhume"],"picked":"Demon Form","floor":16},{"not_picked":["Uppercut","Perfected Strike"],"picked":"True Grit","floor":18},{"not_picked":["Perfected Strike+1","Cleave"],"picked":"Flame Barrier","floor":22},{"not_picked":["Perfected Strike","Whirlwind","True Grit"],"picked":"SKIP","floor":24},{"not_picked":["Spot Weakness","Warcry","Wild Strike"],"picked":"SKIP","floor":25},{"not_picked":["Body Slam","Spot Weakness"],"picked":"Seeing Red","floor":31}],"player_experience":347770,"relics_obtained":[{"floor":7,"key":"Centennial Puzzle"},{"floor":9,"key":"Bronze Scales"},{"floor":10,"key":"Odd Mushroom"},{"floor":20,"key":"Red Mask"},{"floor":24,"key":"Anchor"},{"floor":26,"key":"Blood Vial"},{"floor":31,"key":"Bird Faced Urn"}],"event_choices":[{"damage_healed":0,"gold_gain":0,"player_choice":"Ignored","damage_taken":0,"max_hp_gain":0,"max_hp_loss":0,"event_name":"Liars Game","floor":2,"gold_loss":0},{"damage_healed":0,"gold_gain":0,"player_choice":"Success","damage_taken":7,"relics_obtained":["Paper Frog"],"max_hp_gain":0,"max_hp_loss":0,"event_name":"Scrap Ooze","floor":3,"gold_loss":0},{"damage_healed":0,"gold_gain":0,"player_choice":"Fought Mushrooms","damage_taken":0,"max_hp_gain":0,"max_hp_loss":0,"event_name":"Mushrooms","floor":10,"gold_loss":0},{"damage_healed":0,"gold_gain":0,"player_choice":"Grow","damage_taken":0,"max_hp_gain":0,"max_hp_loss":0,"event_name":"Living Wall","floor":12,"gold_loss":0,"cards_upgraded":["Pommel Strike"]},{"damage_healed":0,"gold_gain":0,"player_choice":"Fought Bandits","damage_taken":0,"max_hp_gain":0,"max_hp_loss":0,"event_name":"Masked Bandits","floor":20,"gold_loss":0},{"damage_healed":0,"gold_gain":0,"cards_transformed":["Strike_R"],"player_choice":"Transformed","damage_taken":0,"max_hp_gain":0,"max_hp_loss":0,"event_name":"Transmorgrifier","floor":21,"gold_loss":0,"cards_obtained":["Corruption"]},{"damage_healed":0,"gold_gain":0,"player_choice":"Inject Mutagens","damage_taken":0,"relics_obtained":["MutagenicStrength"],"max_hp_gain":0,"max_hp_loss":0,"event_name":"Drug Dealer","floor":28,"gold_loss":0},{"cards_removed":["Strike_R"],"damage_healed":0,"gold_gain":0,"player_choice":"Elegance","damage_taken":0,"max_hp_gain":0,"max_hp_loss":0,"event_name":"Back to Basics","floor":29,"gold_loss":0}],"is_beta":false,"boss_relics":[{"not_picked":["Ectoplasm","Coffee Dripper"],"picked":"Velvet Choker"}],"items_purged_floors":[19],"is_endless":false,"potions_floor_spawned":[1,5,7,14,16,22,24,25],"killed_by":"Automaton","ascension_level":7}