{"gold_per_floor":[118,133,64,44,60,60,89,89,89,89,122,122,122,138,138,234,234,249,249,199,215,8,19,19,19],"floor_reached":25,"playtime":644,"items_purged":[],"score":230,"play_id":"44742303-9dd1-44a3-aac3-0b0d0f7e8610","local_time":"20190320190007","is_ascension_mode":true,"campfire_choices":[{"data":"Consume","floor":8,"key":"SMITH"},{"floor":10,"key":"REST"},{"floor":12,"key":"REST"},{"data":"Undo","floor":15,"key":"SMITH"}],"neow_cost":"NONE","seed_source_timestamp":160484940376465,"circlet_count":0,"master_deck":["Strike_B","Strike_B","Strike_B","Defend_B","Defend_B","Defend_B","Zap+1","Dualcast","Doom and Gloom","Ball Lightning+1","Consume+1","Leap","Rebound+1","Undo+1","Rip and Tear","Conserve Battery","Multi-Cast","Skim","Ball Lightning+1","Defragment","FTL+1","Madness","Leap+1","Regret"],"relics":["Cracked Core","NeowsBlessing","Ginger","Symbiotic Virus","Calipers","Cursed Key","Whetstone"],"potions_floor_usage":[7,16,16,16],"damage_taken":[{"damage":0,"enemies":"Cultist","floor":1,"turns":1},{"damage":0,"enemies":"Jaw Worm","floor":2,"turns":1},{"damage":0,"enemies":"2 Louse","floor":5,"turns":1},{"damage":8,"enemies":"Gremlin Nob","floor":7,"turns":3},{"damage":27,"enemies":"3 Sentries","floor":11,"turns":4},{"damage":11,"enemies":"Looter","floor":14,"turns":2},{"damage":17,"enemies":"The Guardian","floor":16,"turns":8},{"damage":28,"enemies":"Shell Parasite","floor":18,"turns":6},{"damage":11,"enemies":"Spheric Guardian","floor":21,"turns":3},{"damage":34,"enemies":"Centurion and Healer","floor":23,"turns":7},{"damage":6,"enemies":"Slavers","floor":25,"turns":1}],"seed_played":"-7579066161261639450","potions_obtained":[{"floor":4,"key":"Dexterity Potion"},{"floor":5,"key":"Energy Potion"},{"floor":11,"key":"LiquidBronze"},{"floor":14,"key":"AttackPotion"}],"is_trial":false,"path_per_floor":["M","M","$","?","M","?","E","R","T","R","E","R","?","M","R","B",null,"M","?","?","M","$","M","T","E"],"character_chosen":"DEFECT","items_purchased":["Consume","Defragment","FTL","Madness"],"campfire_rested":2,"item_purchase_floors":[3,22,22,22],"current_hp_per_floor":[75,75,75,75,75,60,52,52,52,74,47,69,69,58,58,41,75,47,47,47,36,36,2,2,0],"gold":19,"neow_bonus":"THREE_ENEMY_KILL","is_prod":false,"is_daily":false,"chose_seed":false,"campfire_upgraded":2,"win_rate":0,"timestamp":1553133607,"path_taken":["M","?","$","?","?","?","E","R","T","R","E","R","?","M","R","BOSS","M","?","?","?","?","M","?","E"],"build_version":"2019-01-23","purchased_purges":0,"victory":false,"max_hp_per_floor":[75,75,75,75,75,75,75,75,75,75,75,75,75,75,75,75,75,75,75,75,75,75,75,75,75],"card_choices":[{"not_picked":["Gash","Melter"],"picked":"Doom and Gloom","floor":1},{"not_picked":["Turbo","Rebound"],"picked":"Ball Lightning","floor":2},{"not_picked":["Sweeping Beam","Rebound"],"picked":"Leap","floor":5},{"not_picked":["Hello World","Hologram"],"picked":"Rebound","floor":7},{"not_picked":["Streamline","Rebound"],"picked":"Undo","floor":11},{"not_picked":["Biased Cognition","Sweeping Beam"],"picked":"Conserve Battery","floor":14},{"not_picked":["Core Surge","Creative AI"],"picked":"Multi-Cast","floor":16},{"not_picked":["Barrage","Sweeping Beam"],"picked":"Skim","floor":18},{"not_picked":["Self Repair","Barrage"],"picked":"Ball Lightning+1","floor":21},{"not_picked":["Turbo","Compile Driver"],"picked":"Leap+1","floor":23}],"player_experience":362848,"relics_obtained":[{"floor":7,"key":"Ginger"},{"floor":9,"key":"Symbiotic Virus"},{"floor":11,"key":"Calipers"},{"floor":24,"key":"Whetstone"}],"event_choices":[{"damage_healed":0,"gold_gain":0,"player_choice":"Bought 1 Potion","damage_taken":0,"max_hp_gain":0,"max_hp_loss":0,"event_name":"The Woman in Blue","floor":4,"gold_loss":0},{"damage_healed":0,"gold_gain":0,"player_choice":"Entered Light","damage_taken":15,"max_hp_gain":0,"max_hp_loss":0,"event_name":"Shining Light","floor":6,"gold_loss":0,"cards_upgraded":["Zap","Ball Lightning"]},{"damage_healed":0,"gold_gain":0,"cards_transformed":["Strike_B"],"player_choice":"Change","damage_taken":0,"max_hp_gain":0,"max_hp_loss":0,"event_name":"Living Wall","floor":13,"gold_loss":0,"cards_obtained":["Rip and Tear"]},{"cards_removed":["Defend_B"],"damage_healed":0,"gold_gain":0,"player_choice":"Elegance","damage_taken":0,"max_hp_gain":0,"max_hp_loss":0,"event_name":"Back to Basics","floor":19,"gold_loss":0},{"damage_healed":0,"gold_gain":0,"player_choice":"Bet on Murderer","damage_taken":0,"max_hp_gain":0,"max_hp_loss":0,"event_name":"The Joust","floor":20,"gold_loss":50}],"is_beta":false,"boss_relics":[{"not_picked":["Ectoplasm","Pandora\u0027s Box"],"picked":"Cursed Key"}],"items_purged_floors":[],"is_endless":false,"potions_floor_spawned":[5,11,14],"killed_by":"Slavers","ascension_level":2}