{"gold_per_floor":[118,12,28,203,222,257,56,56,127,127,155,230,250,269,269,371,371,390,390,404,404,404,404,430,430,457,475,500,500,500,147,147,147],"floor_reached":33,"playtime":1513,"items_purged":["Doubt","Strike_R"],"score":316,"play_id":"f151153a-3b12-4a63-adea-693068dddebf","local_time":"20190319134210","is_ascension_mode":false,"campfire_choices":[{"floor":8,"key":"REST"},{"data":"Armaments","floor":10,"key":"SMITH"},{"data":"Uppercut","floor":15,"key":"SMITH"},{"floor":23,"key":"RECALL"},{"data":"Carnage","floor":25,"key":"SMITH"},{"data":"True Grit","floor":29,"key":"SMITH"},{"data":"True Grit","floor":32,"key":"SMITH"}],"neow_cost":"NONE","seed_source_timestamp":38439708812082,"circlet_count":0,"master_deck":["Strike_R","Strike_R","Strike_R","Defend_R","Defend_R","Defend_R","Defend_R","Bash","True Grit+1","Carnage+1","Pommel Strike","Armaments+1","Havoc","Uppercut+1","True Grit+1","Havoc","Pummel","Limit Break+1","Havoc+1","Limit Break+1","Pommel Strike+1","Dark Embrace","Warcry+1","Intimidate+1","Dramatic Entrance","Shrug It Off+1","Disarm+1","Havoc+1","Sentinel+1"],"relics":["Burning Blood","Ancient Tea Set","Toxic Egg 2","Bottled Flame","Snecko Eye","Lantern","Frozen Egg 2","The Courier"],"potions_floor_usage":[],"damage_taken":[{"damage":2,"enemies":"2 Louse","floor":1,"turns":4},{"damage":5,"enemies":"Small Slimes","floor":3,"turns":4},{"damage":1,"enemies":"Cultist","floor":5,"turns":3},{"damage":45,"enemies":"Lagavulin","floor":6,"turns":8},{"damage":12,"enemies":"Gremlin Nob","floor":11,"turns":3},{"damage":15,"enemies":"2 Fungi Beasts","floor":13,"turns":4},{"damage":12,"enemies":"Exordium Wildlife","floor":14,"turns":4},{"damage":34,"enemies":"Hexaghost","floor":16,"turns":9},{"damage":1,"enemies":"Chosen","floor":18,"turns":3},{"damage":10,"enemies":"Shell Parasite","floor":20,"turns":4},{"damage":10,"enemies":"Book of Stabbing","floor":24,"turns":4},{"damage":12,"enemies":"Snake Plant","floor":27,"turns":3},{"damage":30,"enemies":"Slavers","floor":28,"turns":8},{"damage":60,"enemies":"Automaton","floor":33,"turns":8}],"seed_played":"-6301979879128803565","potions_obtained":[{"floor":5,"key":"LiquidBronze"},{"floor":6,"key":"EntropicBrew"},{"floor":14,"key":"Explosive Potion"}],"is_trial":false,"path_per_floor":["M","$","M","?","M","E","$","R","T","R","E","?","M","M","R","B",null,"M","?","M","?","?","R","E","R","T","M","E","R","?","$","R","B"],"character_chosen":"IRONCLAD","items_purchased":["Spot Weakness","Carnage","Uppercut","True Grit","Havoc","Dramatic Entrance","Shrug It Off+1","Disarm+1","Havoc+1","Sentinel+1"],"campfire_rested":1,"item_purchase_floors":[2,2,7,7,7,31,31,31,31,31],"current_hp_per_floor":[88,88,88,88,88,49,49,75,75,75,69,61,52,46,46,18,88,88,88,84,84,84,84,80,80,80,74,50,50,50,50,50,0],"gold":147,"neow_bonus":"TEN_PERCENT_HP_BONUS","is_prod":false,"is_daily":false,"chose_seed":false,"campfire_upgraded":5,"win_rate":0,"timestamp":1553024530,"path_taken":["M","$","M","?","M","E","$","R","T","R","E","?","?","M","R","BOSS","M","?","M","?","?","R","E","R","T","?","E","R","?","$","R","BOSS"],"build_version":"2019-01-23","purchased_purges":2,"victory":false,"max_hp_per_floor":[88,88,88,88,88,88,88,88,88,88,88,88,88,88,88,88,88,88,88,88,88,88,88,88,88,88,88,88,88,88,88,88,88],"card_choices":[{"not_picked":["Iron Wave","Twin Strike"],"picked":"True Grit","floor":1},{"not_picked":["Anger","Inflame"],"picked":"Pommel Strike","floor":3},{"not_picked":["Pommel Strike","Wild Strike"],"picked":"Armaments","floor":5},{"not_picked":["Sever Soul","Wild Strike"],"picked":"Havoc","floor":6},{"not_picked":["Combust","Blood for Blood"],"picked":"Pummel","floor":11},{"not_picked":["True Grit+1","Iron Wave"],"picked":"Limit Break+1","floor":13},{"not_picked":["Body Slam","Anger"],"picked":"Havoc+1","floor":14},{"not_picked":["Bludgeon","Demon Form"],"picked":"Limit Break+1","floor":16},{"not_picked":["Iron Wave+1","Havoc+1"],"picked":"Pommel Strike+1","floor":18},{"not_picked":["Inflame","Clash","Cleave"],"picked":"SKIP","floor":20},{"not_picked":["Headbutt","Sever Soul+1"],"picked":"Dark Embrace","floor":24},{"not_picked":["Battle Trance+1","Clothesline"],"picked":"Warcry+1","floor":27},{"not_picked":["Iron Wave","Perfected Strike"],"picked":"Intimidate+1","floor":28}],"player_experience":285521,"relics_obtained":[{"floor":6,"key":"Ancient Tea Set"},{"floor":9,"key":"Toxic Egg 2"},{"floor":11,"key":"Bottled Flame"},{"floor":24,"key":"Lantern"},{"floor":28,"key":"Frozen Egg 2"}],"event_choices":[{"damage_healed":0,"gold_gain":175,"player_choice":"AGREE","damage_taken":0,"max_hp_gain":0,"max_hp_loss":0,"event_name":"Liars Game","floor":4,"gold_loss":0,"cards_obtained":["Doubt"]},{"damage_healed":0,"gold_gain":75,"player_choice":"Touch","damage_taken":8,"max_hp_gain":0,"max_hp_loss":0,"event_name":"FaceTrader","floor":12,"gold_loss":0},{"damage_healed":0,"gold_gain":0,"player_choice":"Ignored","damage_taken":0,"max_hp_gain":0,"max_hp_loss":0,"event_name":"Ghosts","floor":19,"gold_loss":0},{"cards_removed":["Spot Weakness"],"damage_healed":0,"gold_gain":0,"player_choice":"Elegance","damage_taken":0,"max_hp_gain":0,"max_hp_loss":0,"event_name":"Back to Basics","floor":21,"gold_loss":0},{"cards_removed":["Strike_R"],"damage_healed":0,"gold_gain":0,"player_choice":"Purged","damage_taken":0,"max_hp_gain":0,"max_hp_loss":0,"event_name":"Purifier","floor":22,"gold_loss":0},{"damage_healed":0,"gold_gain":0,"player_choice":"Opened","damage_taken":0,"relics_obtained":["The Courier"],"max_hp_gain":0,"max_hp_loss":0,"event_name":"The Mausoleum","floor":30,"gold_loss":0}],"is_beta":false,"boss_relics":[{"not_picked":["Tiny House","Busted Crown"],"picked":"Snecko Eye"}],"items_purged_floors":[7,31],"is_endless":false,"potions_floor_spawned":[5,6,14,16,18,28],"killed_by":"Automaton","ascension_level":0}