{"gold_per_floor":[110,128,128,128,140,140,155,80,80,108,118,118,47,59,59,158,158,171,191,141,154,169,169,203,203,251,251,251,262,262,288,288,288],"floor_reached":33,"playtime":1762,"items_purged":["Strike_B"],"score":374,"play_id":"d66bcc68-b5ad-4c09-9972-9367cb12304f","local_time":"20190330130348","is_ascension_mode":true,"campfire_choices":[{"data":"Zap","floor":6.0,"key":"SMITH"},{"floor":12.0,"key":"REST"},{"floor":15.0,"key":"REST"},{"data":"Fission","floor":23.0,"key":"SMITH"},{"floor":25.0,"key":"REST"},{"floor":30,"key":"REST"},{"data":"Redo","floor":32,"key":"SMITH"}],"neow_cost":"NONE","seed_source_timestamp":0,"circlet_count":0,"master_deck":["Strike_B","Strike_B","Defend_B","Defend_B","Defend_B","Defend_B","Zap+1","Dualcast","Hologram+1","Ball Lightning","Ball Lightning","Go for the Eyes","Electrodynamics","Chaos","Genetic Algorithm","Fission+1","Ball Lightning+1","Chaos+1","Defragment+1","Self Repair","Streamline+1","Redo+1","Compile Driver+1"],"special_seed":0,"relics":["Cracked Core","Pocketwatch","Emotion Chip","Anchor","Sozu","DataDisk","Molten Egg 2"],"potions_floor_usage":[33],"damage_taken":[{"damage":1.0,"enemies":"Cultist","floor":1.0,"turns":4.0},{"damage":13.0,"enemies":"2 Louse","floor":2.0,"turns":3.0},{"damage":2.0,"enemies":"Jaw Worm","floor":5.0,"turns":3.0},{"damage":5.0,"enemies":"Gremlin Gang","floor":7.0,"turns":4.0},{"damage":24.0,"enemies":"Gremlin Nob","floor":10.0,"turns":4.0},{"damage":0.0,"enemies":"Large Slime","floor":11.0,"turns":2.0},{"damage":0.0,"enemies":"Exordium Thugs","floor":14.0,"turns":3.0},{"damage":44.0,"enemies":"The Guardian","floor":16.0,"turns":9.0},{"damage":0.0,"enemies":"Chosen","floor":18.0,"turns":4.0},{"damage":2.0,"enemies":"Shell Parasite","floor":19.0,"turns":4.0},{"damage":6.0,"enemies":"Centurion and Healer","floor":21.0,"turns":2.0},{"damage":16.0,"enemies":"Chosen and Byrds","floor":22.0,"turns":5.0},{"damage":24.0,"enemies":"Slavers","floor":24.0,"turns":2.0},{"damage":27,"enemies":"Shelled Parasite and Fungi","floor":29,"turns":4},{"damage":0,"enemies":"Gremlin Leader","floor":31,"turns":3},{"damage":49,"enemies":"Champ","floor":33,"turns":9}],"seed_played":"8952608934367211556","potions_obtained":[{"floor":1.0,"key":"EssenceOfSteel"},{"floor":2.0,"key":"SpeedPotion"},{"floor":10.0,"key":"Strength Potion"},{"floor":11.0,"key":"Weak Potion"}],"is_trial":false,"path_per_floor":["M","M","?","?","M","R","M","$","T","E","M","R","$","M","R","B",null,"M","M","?","M","M","R","E","R","T","?","?","M","R","E","R","B"],"character_chosen":"DEFECT","items_purchased":["Chaos"],"campfire_rested":4,"item_purchase_floors":[13],"current_hp_per_floor":[74,61,49,49,47,47,42,42,42,18,18,40,40,40,62,18,75,75,73,73,67,51,51,27,49,49,49,42,22,44,44,44,0],"gold":288,"neow_bonus":"REMOVE_CARD","is_prod":false,"is_daily":false,"chose_seed":false,"campfire_upgraded":3,"win_rate":0,"timestamp":1553918628,"path_taken":["M","M","?","?","M","R","M","$","T","E","M","R","$","M","R","BOSS","M","M","?","M","M","R","E","R","T","?","?","M","R","E","R","BOSS"],"build_version":"2019-01-23","purchased_purges":1,"victory":false,"max_hp_per_floor":[75,75,75,75,75,75,75,75,75,75,75,75,75,75,75,75,75,75,75,75,75,75,75,75,75,75,75,75,75,75,75,75,75],"card_choices":[{"not_picked":["Capacitor","Lockon","Stack"],"picked":"SKIP","floor":1.0},{"not_picked":["Barrage","Leap"],"picked":"Hologram","floor":2.0},{"not_picked":["Coolheaded","Doom and Gloom"],"picked":"Ball Lightning","floor":5.0},{"not_picked":["Undo","Redo"],"picked":"Ball Lightning","floor":7.0},{"not_picked":["Gash","Steam"],"picked":"Go for the Eyes","floor":10.0},{"not_picked":["Fusion","Stack"],"picked":"Electrodynamics","floor":11.0},{"not_picked":["Leap","Sweeping Beam"],"picked":"Genetic Algorithm","floor":14.0},{"not_picked":["Thunder Strike","All For One"],"picked":"Fission","floor":16.0},{"not_picked":["Stack","Barrage+1"],"picked":"Ball Lightning+1","floor":18.0},{"not_picked":["Leap+1","Cold Snap"],"picked":"Chaos+1","floor":19.0},{"not_picked":["Fission","Blizzard"],"picked":"Defragment+1","floor":21.0},{"not_picked":["Leap","Melter"],"picked":"Self Repair","floor":22.0},{"not_picked":["Turbo","Auto Shields+1"],"picked":"Streamline+1","floor":24.0},{"not_picked":["Auto Shields","FTL+1"],"picked":"Redo","floor":29},{"not_picked":["Steam Power+1","Fusion"],"picked":"Compile Driver","floor":31}],"player_experience":198608,"relics_obtained":[{"floor":9.0,"key":"Emotion Chip"},{"floor":10.0,"key":"Anchor"},{"floor":24.0,"key":"DataDisk"},{"floor":31,"key":"Molten Egg 2"}],"event_choices":[{"damage_healed":0.0,"max_hp_gain":0.0,"max_hp_loss":0.0,"gold_gain":0.0,"event_name":"Scrap Ooze","player_choice":"Success","floor":3.0,"gold_loss":0.0,"damage_taken":12.0,"relics_obtained":["Pocketwatch"]},{"damage_healed":0.0,"max_hp_gain":0.0,"max_hp_loss":0.0,"gold_gain":0.0,"event_name":"Upgrade Shrine","player_choice":"Upgraded","floor":4.0,"gold_loss":0.0,"damage_taken":0.0,"cards_upgraded":["Hologram"]},{"damage_healed":0.0,"max_hp_gain":0.0,"max_hp_loss":0.0,"gold_gain":0.0,"event_name":"The Joust","player_choice":"Bet on Murderer","floor":20.0,"gold_loss":50.0,"damage_taken":0.0},{"damage_healed":0.0,"max_hp_gain":0.0,"max_hp_loss":0.0,"gold_gain":0.0,"event_name":"Ghosts","player_choice":"Ignored","floor":27.0,"gold_loss":0.0,"damage_taken":0.0},{"damage_healed":0,"gold_gain":0,"player_choice":"Damaged","damage_taken":7,"max_hp_gain":0,"max_hp_loss":0,"event_name":"Wheel of Change","floor":28,"gold_loss":0}],"is_beta":false,"boss_relics":[{"not_picked":["Tiny House","Runic Dome"],"picked":"Sozu"}],"items_purged_floors":[8],"is_endless":false,"potions_floor_spawned":[1,2,10,11,18,24,29],"killed_by":"Champ","ascension_level":4}