{"gold_per_floor":[17,30,50,69,83,108,120,132,144,156,168,198,223,235,247,259],"floor_reached":16,"playtime":700,"items_purged":[],"score":109,"play_id":"2b2ab88e-a92e-4755-9877-cae3f5395053","local_time":"20190409214001","is_ascension_mode":true,"campfire_choices":[{"data":"Capacitor","floor":7,"key":"SMITH"},{"floor":10,"key":"REST"},{"floor":15,"key":"REST"}],"neow_cost":"NO_GOLD","seed_source_timestamp":1598750849755900,"circlet_count":0,"master_deck":["Strike_B","Strike_B","Strike_B","Defend_B","Defend_B","Defend_B","Defend_B","Zap+1","Dualcast","Ball Lightning","Double Energy","Ball Lightning","Multi-Cast+1","Auto Shields","Capacitor+1","BootSequence","Auto Shields","Auto Shields","Compile Driver","Sweeping Beam"],"relics":["Cracked Core","Peace Pipe","MawBank","Dream Catcher"],"potions_floor_usage":[16,16,16],"damage_taken":[{"damage":0,"enemies":"2 Louse","floor":1,"turns":3},{"damage":1,"enemies":"Jaw Worm","floor":2,"turns":3},{"damage":5,"enemies":"Small Slimes","floor":3,"turns":3},{"damage":5,"enemies":"Looter","floor":4,"turns":2},{"damage":3,"enemies":"Red Slaver","floor":5,"turns":3},{"damage":25,"enemies":"Lagavulin","floor":6,"turns":6},{"damage":8,"enemies":"Lots of Slimes","floor":12,"turns":3},{"damage":29,"enemies":"Exordium Thugs","floor":13,"turns":5},{"damage":28,"enemies":"The Guardian","floor":16,"turns":6}],"seed_played":"2849826554085306194","potions_obtained":[{"floor":2,"key":"LiquidBronze"},{"floor":6,"key":"Block Potion"},{"floor":12,"key":"Dexterity Potion"}],"is_trial":false,"path_per_floor":["M","M","M","M","M","E","R","?","T","R","?","M","M","?","R","B"],"character_chosen":"DEFECT","items_purchased":[],"campfire_rested":2,"item_purchase_floors":[],"current_hp_per_floor":[75,74,69,64,61,36,36,21,21,43,43,35,6,3,25,0],"gold":259,"neow_bonus":"ONE_RARE_RELIC","is_prod":false,"is_daily":false,"chose_seed":false,"campfire_upgraded":1,"win_rate":0,"timestamp":1554838801,"path_taken":["M","M","M","M","M","E","R","?","T","R","?","M","M","?","R","BOSS"],"build_version":"2019-01-23","purchased_purges":0,"victory":false,"max_hp_per_floor":[75,75,75,75,75,75,75,75,75,75,75,75,75,75,75,75],"card_choices":[{"not_picked":["Rebound","Gash"],"picked":"Ball Lightning","floor":1},{"not_picked":["Leap","Beam Cell"],"picked":"Double Energy","floor":2},{"not_picked":["Stack","Go for the Eyes"],"picked":"Ball Lightning","floor":3},{"not_picked":["Streamline","BootSequence"],"picked":"Multi-Cast","floor":4},{"not_picked":["Rebound","Redo"],"picked":"Auto Shields","floor":5},{"not_picked":["Undo","Steam"],"picked":"Capacitor","floor":6},{"not_picked":["Go for the Eyes","Stack"],"picked":"BootSequence","floor":10},{"not_picked":["Aggregate","Rebound"],"picked":"Auto Shields","floor":12},{"not_picked":["Gash","Hyperbeam"],"picked":"Compile Driver","floor":13},{"not_picked":["Compile Driver","BootSequence"],"picked":"Sweeping Beam","floor":15}],"player_experience":331640,"relics_obtained":[{"floor":6,"key":"MawBank"},{"floor":9,"key":"Dream Catcher"}],"event_choices":[{"damage_healed":0,"gold_gain":0,"player_choice":"Entered Light","damage_taken":15,"max_hp_gain":0,"max_hp_loss":0,"event_name":"Shining Light","floor":8,"gold_loss":0,"cards_upgraded":["Multi-Cast","Zap"]},{"damage_healed":0,"gold_gain":0,"cards_transformed":["Strike_B"],"player_choice":"Change","damage_taken":0,"max_hp_gain":0,"max_hp_loss":0,"event_name":"Living Wall","floor":11,"gold_loss":0,"cards_obtained":["Auto Shields"]},{"damage_healed":0,"gold_gain":0,"player_choice":"Fled","damage_taken":3,"max_hp_gain":0,"max_hp_loss":0,"event_name":"Scrap Ooze","floor":14,"gold_loss":0}],"is_beta":false,"boss_relics":[],"items_purged_floors":[],"is_endless":false,"potions_floor_spawned":[2,6,12],"killed_by":"The Guardian","ascension_level":1}