{"gold_per_floor":[119,119,130,149,167,167,200,4,4,4,39,39,49,20,20,117,117,135,151,151],"floor_reached":20,"playtime":1398,"items_purged":["Pain"],"score":267,"play_id":"b6d5c254-b7db-47e0-bee4-40651921ed6d","local_time":"20190408155809","is_ascension_mode":true,"campfire_choices":[{"floor":6,"key":"REST"},{"floor":10,"key":"REST"},{"floor":15,"key":"REST"}],"neow_cost":"NONE","seed_source_timestamp":311335750365034,"circlet_count":0,"master_deck":["Strike_B","Strike_B","Strike_B","Strike_B","Defend_B","Defend_B","Defend_B","Defend_B","Zap","Dualcast","Fusion","Skim","Gash","Glacier","Core Surge","Capacitor","Gash","Leap+1","Parasite","White Noise+1","Creative AI","Redo+1","Leap+1"],"relics":["Cracked Core","WarpedTongs","Orichalcum","Toxic Egg 2","Nunchaku","Cursed Key"],"potions_floor_usage":[7,7],"damage_taken":[{"damage":6,"enemies":"Jaw Worm","floor":1,"turns":4},{"damage":5,"enemies":"Cultist","floor":3,"turns":3},{"damage":10,"enemies":"2 Louse","floor":4,"turns":3},{"damage":14,"enemies":"Looter","floor":5,"turns":3},{"damage":52,"enemies":"Gremlin Nob","floor":7,"turns":6},{"damage":18,"enemies":"3 Sentries","floor":11,"turns":8},{"damage":6,"enemies":"Exordium Wildlife","floor":13,"turns":2},{"damage":30,"enemies":"Slime Boss","floor":16,"turns":10},{"damage":50,"enemies":"3 Byrds","floor":18,"turns":8},{"damage":11,"enemies":"Chosen","floor":19,"turns":6},{"damage":12,"enemies":"Snake Plant","floor":20,"turns":1}],"seed_played":"6778239616066717512","potions_obtained":[{"floor":4,"key":"Explosive Potion"},{"floor":5,"key":"LiquidBronze"}],"is_trial":false,"path_per_floor":["?","M","?","?"],"character_chosen":"DEFECT","items_purchased":["Capacitor","Gash"],"campfire_rested":3,"item_purchase_floors":[8,8],"current_hp_per_floor":[69,69,64,54,40,64,12,12,12,36,18,38,32,32,56,26,68,18,7,0],"gold":151,"neow_bonus":"TEN_PERCENT_HP_BONUS","is_prod":false,"is_daily":false,"chose_seed":false,"campfire_upgraded":0,"win_rate":0,"timestamp":1554760689,"path_taken":["M","?","M","M","?","R","E","$","T","R","E","?","M","?","R","BOSS","M","M","M"],"build_version":"2019-01-23","purchased_purges":1,"victory":false,"max_hp_per_floor":[82,82,82,82,82,82,82,82,82,82,82,82,82,82,82,82,82,82,82,82],"card_choices":[{"not_picked":["Hologram","Stack"],"picked":"Fusion","floor":1},{"not_picked":["Melter","Streamline"],"picked":"Skim","floor":3},{"not_picked":["Compile Driver","Cold Snap"],"picked":"Gash","floor":4},{"not_picked":["Go for the Eyes","Stack"],"picked":"Glacier","floor":5},{"not_picked":["Double Energy","Coolheaded"],"picked":"Core Surge","floor":7},{"not_picked":["Chill+1","Lockon"],"picked":"Leap+1","floor":11},{"not_picked":["Recycle+1","Stack+1"],"picked":"White Noise+1","floor":13},{"not_picked":["Biased Cognition","Fission+1"],"picked":"Creative AI","floor":16},{"not_picked":["Compile Driver+1","Hologram+1"],"picked":"Redo+1","floor":18},{"not_picked":["Compile Driver","Capacitor"],"picked":"Leap+1","floor":19}],"player_experience":550890,"relics_obtained":[{"floor":7,"key":"Orichalcum"},{"floor":9,"key":"Toxic Egg 2"},{"floor":11,"key":"Nunchaku"}],"event_choices":[{"damage_healed":0,"gold_gain":0,"player_choice":"Rummage","damage_taken":0,"relics_obtained":["WarpedTongs"],"max_hp_gain":0,"max_hp_loss":0,"event_name":"Accursed Blacksmith","floor":2,"gold_loss":0,"cards_obtained":["Pain"]},{"damage_healed":20,"gold_gain":0,"player_choice":"Healed and dodged fight","damage_taken":0,"max_hp_gain":0,"max_hp_loss":0,"event_name":"Mushrooms","floor":12,"gold_loss":0,"cards_obtained":["Parasite"]},{"damage_healed":0,"gold_gain":0,"player_choice":"Left Gold","damage_taken":0,"max_hp_gain":0,"max_hp_loss":0,"event_name":"World of Goop","floor":14,"gold_loss":29}],"is_beta":false,"boss_relics":[{"not_picked":["Philosopher\u0027s Stone","Nuclear Battery"],"picked":"Cursed Key"}],"items_purged_floors":[8],"is_endless":false,"potions_floor_spawned":[4,5],"killed_by":"Snake Plant","ascension_level":9}