{"gold_per_floor":[116,135,152,170,170,203,203,217,217,234,259,271,326,1,1,103,103,116,136,156,174,194,194,194],"floor_reached":24,"playtime":1564,"items_purged":[],"score":304,"play_id":"4b89bf28-32a2-4013-8598-bd52d97c90d7","local_time":"20190415185107","is_ascension_mode":true,"campfire_choices":[{"data":"Eviscerate","floor":7,"key":"SMITH"},{"floor":15,"key":"REST"},{"floor":23,"key":"REST"}],"neow_cost":"NONE","seed_source_timestamp":504583659815900,"circlet_count":0,"master_deck":["Defend_G","Defend_G","Defend_G","Defend_G","Defend_G","Strike_G","Strike_G","Strike_G","Strike_G","Survivor","Neutralize","Acrobatics","Backflip","Eviscerate+1","Noxious Fumes","Eviscerate","Dagger Throw","Die Die Die","Bouncing Flask","After Image","Shame","Normality","Pain","Crippling Poison","Envenom"],"relics":["Snecko Eye","Art of War","Bird Faced Urn","Dead Branch","Tingsha","Letter Opener","Calling Bell","Vajra","Dodecahedron","FossilizedHelix"],"potions_floor_usage":[2,4,19,20,21,22],"damage_taken":[{"damage":2,"enemies":"Jaw Worm","floor":1,"turns":3},{"damage":5,"enemies":"Small Slimes","floor":2,"turns":3},{"damage":0,"enemies":"Cultist","floor":3,"turns":4},{"damage":0,"enemies":"Blue Slaver","floor":4,"turns":4},{"damage":14,"enemies":"Gremlin Nob","floor":6,"turns":4},{"damage":0,"enemies":"Red Slaver","floor":8,"turns":3},{"damage":0,"enemies":"2 Fungi Beasts","floor":10,"turns":4},{"damage":15,"enemies":"3 Sentries","floor":11,"turns":5},{"damage":1,"enemies":"Blue Slaver","floor":12,"turns":3},{"damage":21,"enemies":"Lagavulin Event","floor":13,"turns":5},{"damage":0,"enemies":"Slime Boss","floor":16,"turns":7},{"damage":2,"enemies":"2 Thieves","floor":18,"turns":4},{"damage":2,"enemies":"Shell Parasite","floor":19,"turns":4},{"damage":25,"enemies":"Snake Plant","floor":20,"turns":4},{"damage":16,"enemies":"Centurion and Healer","floor":21,"turns":3},{"damage":32,"enemies":"Cultist and Chosen","floor":22,"turns":6},{"damage":34,"enemies":"Slavers","floor":24,"turns":1}],"seed_played":"9123987952017744508","potions_obtained":[{"floor":1,"key":"SkillPotion"},{"floor":3,"key":"PowerPotion"},{"floor":13,"key":"SkillPotion"},{"floor":16,"key":"Ancient Potion"},{"floor":18,"key":"LiquidBronze"},{"floor":21,"key":"SpeedPotion"}],"is_trial":false,"path_per_floor":["M","M","M","M","?","E","R","M","T","M","E","M","?","$","R","B",null,"M","M","M","M","M","R","E"],"character_chosen":"THE_SILENT","items_purchased":["Letter Opener","Bouncing Flask","SpeedPotion"],"campfire_rested":2,"item_purchase_floors":[14,14,14],"current_hp_per_floor":[68,63,63,63,56,42,42,42,42,42,29,28,9,9,30,32,70,70,68,45,33,9,30,0],"gold":194,"neow_bonus":"BOSS_RELIC","is_prod":false,"is_daily":false,"chose_seed":false,"campfire_upgraded":1,"win_rate":0,"timestamp":1555347067,"path_taken":["M","M","M","M","?","E","R","M","T","M","E","M","?","?","R","BOSS","M","M","?","M","M","R","E"],"build_version":"2019-01-23","purchased_purges":0,"victory":false,"max_hp_per_floor":[70,70,70,70,70,70,70,70,70,70,70,70,70,70,70,70,70,70,70,70,70,70,70,70],"card_choices":[{"not_picked":["Endless Agony","Expertise"],"picked":"Acrobatics","floor":1},{"not_picked":["Dagger Throw","Prepared"],"picked":"Backflip","floor":2},{"not_picked":["Sucker Punch","Prepared"],"picked":"Eviscerate","floor":3},{"not_picked":["Die Die Die","Prepared"],"picked":"Noxious Fumes","floor":4},{"not_picked":["Masterful Stab","Bane","Deflect"],"picked":"SKIP","floor":6},{"not_picked":["Dagger Throw","Choke"],"picked":"Eviscerate","floor":8},{"not_picked":["PiercingWail","Distraction"],"picked":"Dagger Throw","floor":10},{"not_picked":["Outmaneuver","Deflect"],"picked":"Die Die Die","floor":11},{"not_picked":["Accuracy","Tactician","Backstab"],"picked":"SKIP","floor":12},{"not_picked":["Unload","Adrenaline"],"picked":"After Image","floor":16},{"not_picked":["Cloak And Dagger","Slice+1"],"picked":"Crippling Poison","floor":18},{"not_picked":["Deflect","Calculated Gamble","PiercingWail"],"picked":"SKIP","floor":19},{"not_picked":["Escape Plan","Flying Knee","Slice+1"],"picked":"SKIP","floor":20},{"not_picked":["Backflip+1","Blur+1"],"picked":"Envenom","floor":21},{"not_picked":["Deadly Poison","PiercingWail","Bane"],"picked":"SKIP","floor":22}],"player_experience":462740,"relics_obtained":[{"floor":6,"key":"Art of War"},{"floor":9,"key":"Bird Faced Urn"},{"floor":11,"key":"Dead Branch"},{"floor":17,"key":"Vajra"},{"floor":17,"key":"Dodecahedron"},{"floor":17,"key":"FossilizedHelix"}],"event_choices":[{"cards_removed":["Strike_G"],"damage_healed":0,"gold_gain":0,"player_choice":"Card Removal","damage_taken":7,"max_hp_gain":0,"max_hp_loss":0,"event_name":"Golden Wing","floor":5,"gold_loss":0},{"damage_healed":0,"gold_gain":0,"player_choice":"Searched \u00273\u0027 times","damage_taken":0,"relics_obtained":["Tingsha"],"max_hp_gain":0,"max_hp_loss":0,"event_name":"Dead Adventurer","floor":13,"gold_loss":0}],"is_beta":false,"boss_relics":[{"not_picked":["Philosopher\u0027s Stone","Pandora\u0027s Box"],"picked":"Calling Bell"}],"items_purged_floors":[],"is_endless":false,"potions_floor_spawned":[1,3,13,16,18,21],"killed_by":"Slavers","ascension_level":3}