{"gold_per_floor":[118,131,131,144,156,187,187,187,266,280,280,316,316,357,357,357],"floor_reached":16,"playtime":562,"items_purged":[],"score":150,"play_id":"caa9bad6-6e85-4aa5-9ca5-fae19aa56d34","local_time":"20190112015506","is_ascension_mode":true,"campfire_choices":[{"data":"Infinite Blades","floor":8,"key":"SMITH"},{"data":"Neutralize","floor":11,"key":"SMITH"},{"data":"Predator","floor":15,"key":"SMITH"}],"neow_cost":"NONE","seed_source_timestamp":540228896166392,"circlet_count":0,"master_deck":["Defend_G","Defend_G","Defend_G","Defend_G","Defend_G","Strike_G","Strike_G","Strike_G","Strike_G","Strike_G","Survivor","Neutralize+1","Slice","Infinite Blades+1","Endless Agony","Slice","Phantasmal Killer+1","Escape Plan","Footwork","Predator+1"],"relics":["Ring of the Snake","Ginger","Golden Idol","Bottled Tornado","Art of War","Gremlin Horn"],"potions_floor_usage":[6,16,16],"damage_taken":[{"damage":3,"enemies":"Jaw Worm","floor":1,"turns":4},{"damage":0,"enemies":"2 Louse","floor":2,"turns":4},{"damage":0,"enemies":"Cultist","floor":4,"turns":4},{"damage":6,"enemies":"Large Slime","floor":5,"turns":7},{"damage":14,"enemies":"3 Sentries","floor":6,"turns":8},{"damage":1,"enemies":"2 Fungi Beasts","floor":10,"turns":3},{"damage":16,"enemies":"Gremlin Nob","floor":12,"turns":5},{"damage":18,"enemies":"3 Sentries","floor":14,"turns":7},{"damage":19,"enemies":"Hexaghost","floor":16,"turns":9}],"seed_played":"4037010235032513683","potions_obtained":[{"floor":2,"key":"PowerPotion"},{"floor":4,"key":"SteroidPotion"},{"floor":5,"key":"Ancient Potion"},{"floor":12,"key":"GamblersBrew"}],"is_trial":false,"path_per_floor":["M","M","?","M","M","E","?","R","T","M","R","E","?","E","R","B"],"character_chosen":"THE_SILENT","items_purchased":[],"campfire_rested":0,"item_purchase_floors":[],"current_hp_per_floor":[74,74,74,74,68,54,54,54,54,53,53,37,37,19,19,0],"gold":357,"neow_bonus":"TEN_PERCENT_HP_BONUS","is_prod":false,"is_daily":false,"chose_seed":false,"campfire_upgraded":3,"win_rate":0,"timestamp":1547258106,"path_taken":["M","M","?","M","M","E","?","R","T","M","R","E","?","E","R","BOSS"],"build_version":"2019-01-10","purchased_purges":0,"victory":false,"max_hp_per_floor":[77,77,77,77,77,77,71,71,71,71,71,71,71,71,71,71],"card_choices":[{"not_picked":["Prepared","Backflip"],"picked":"Slice","floor":1},{"not_picked":["Setup","Backflip"],"picked":"Infinite Blades","floor":2},{"not_picked":["Deadly Poison","Backflip"],"picked":"Endless Agony","floor":4},{"not_picked":["Deadly Poison","Bane"],"picked":"Slice","floor":5},{"not_picked":["Flechettes","Bouncing Flask"],"picked":"Phantasmal Killer","floor":6},{"not_picked":["Deadly Poison","Backflip"],"picked":"Escape Plan","floor":10},{"not_picked":["Tactician","Dodge and Roll"],"picked":"Footwork","floor":12},{"not_picked":["Dagger Spray","Heel Hook"],"picked":"Predator","floor":14}],"player_experience":57264,"relics_obtained":[{"floor":6,"key":"Ginger"},{"floor":9,"key":"Bottled Tornado"},{"floor":12,"key":"Art of War"},{"floor":14,"key":"Gremlin Horn"}],"event_choices":[{"damage_healed":0,"gold_gain":0,"player_choice":"Ignored","damage_taken":0,"max_hp_gain":0,"max_hp_loss":0,"event_name":"Liars Game","floor":3,"gold_loss":0},{"damage_healed":0,"gold_gain":0,"player_choice":"Lose Max HP","damage_taken":0,"relics_obtained":["Golden Idol"],"max_hp_gain":0,"max_hp_loss":6,"event_name":"Golden Idol","floor":7,"gold_loss":0},{"damage_healed":0,"gold_gain":0,"player_choice":"Upgraded","damage_taken":0,"max_hp_gain":0,"max_hp_loss":0,"event_name":"Upgrade Shrine","floor":13,"gold_loss":0,"cards_upgraded":["Phantasmal Killer"]}],"is_beta":false,"boss_relics":[],"items_purged_floors":[],"is_endless":false,"potions_floor_spawned":[2,4,5,12],"killed_by":"Hexaghost","ascension_level":5}