{"gold_per_floor":[118,8,8,8,23,23,61,61,61,96,96,15,15,15,15,146,146,160,173,188,37,37,37],"floor_reached":23,"playtime":740,"items_purged":["Strike_G"],"score":352,"play_id":"2d78f30e-94aa-45ed-a546-77aec685a82c","local_time":"20190424134539","is_ascension_mode":true,"campfire_choices":[{"data":"Neutralize","floor":6,"key":"SMITH"},{"data":"Survivor","floor":8,"key":"SMITH"},{"floor":13,"key":"REST"},{"data":"Corpse Explosion","floor":15,"key":"SMITH"}],"neow_cost":"NONE","seed_source_timestamp":959244112791264,"circlet_count":0,"master_deck":["AscendersBane","Defend_G","Defend_G","Defend_G","Defend_G","Defend_G","Strike_G","Strike_G","Strike_G","Strike_G","Survivor+1","Neutralize+1","Quick Slash","Quick Slash","Flash of Steel","Infinite Blades","Corpse Explosion+1","Well Laid Plans+1","After Image+1","Poisoned Stab","Bouncing Flask+1","Accuracy+1","Infinite Blades+1","Good Instincts"],"relics":["Ring of the Serpent","NeowsBlessing","Golden Idol","Juzu Bracelet","Darkstone Periapt","Frozen Egg 2","Ninja Scroll"],"potions_floor_usage":[7,23],"damage_taken":[{"damage":0,"enemies":"Small Slimes","floor":1,"turns":1},{"damage":0,"enemies":"Jaw Worm","floor":5,"turns":1},{"damage":0,"enemies":"3 Sentries","floor":7,"turns":1},{"damage":36,"enemies":"Lagavulin","floor":10,"turns":8},{"damage":15,"enemies":"Hexaghost","floor":16,"turns":10},{"damage":0,"enemies":"Shell Parasite","floor":18,"turns":6},{"damage":3,"enemies":"Chosen","floor":19,"turns":5},{"damage":31,"enemies":"3 Cultists","floor":20,"turns":5},{"damage":31,"enemies":"Gremlin Leader","floor":23,"turns":4}],"seed_played":"8446615129055639803","potions_obtained":[{"floor":1,"key":"PowerPotion"},{"floor":5,"key":"Dexterity Potion"},{"floor":19,"key":"Strength Potion"}],"is_trial":false,"path_per_floor":["M","$","?","?","M","R","E","R","T","E","?","$","R","$","R","B",null,"M","M","M","$","?","E"],"character_chosen":"THE_SILENT","items_purchased":["Quick Slash","Flash of Steel","Well Laid Plans+1","Infinite Blades+1"],"campfire_rested":1,"item_purchase_floors":[2,2,12,21],"current_hp_per_floor":[63,63,63,46,46,46,46,46,46,10,10,10,31,31,31,16,57,57,54,23,23,23,0],"gold":37,"neow_bonus":"THREE_ENEMY_KILL","is_prod":false,"is_daily":false,"chose_seed":false,"campfire_upgraded":3,"win_rate":0,"timestamp":1556138739,"path_taken":["M","$","?","?","M","R","E","R","T","E","?","?","R","$","R","BOSS","M","M","M","$","?","E"],"build_version":"2019-01-23","purchased_purges":1,"victory":false,"max_hp_per_floor":[70,70,70,70,70,70,70,70,70,70,70,70,70,70,70,70,70,70,70,70,70,70,70],"card_choices":[{"not_picked":["Calculated Gamble","Deflect"],"picked":"Quick Slash","floor":1},{"not_picked":["Expertise","Reflex","Slice"],"picked":"SKIP","floor":5},{"not_picked":["Dodge and Roll","Deflect"],"picked":"Infinite Blades","floor":7},{"not_picked":["Underhanded Strike","Distraction"],"picked":"Corpse Explosion","floor":10},{"not_picked":["Corpse Explosion","Bullet Time"],"picked":"After Image+1","floor":16},{"not_picked":["Prepared","Bane"],"picked":"Poisoned Stab","floor":18},{"not_picked":["Well Laid Plans+1","Deflect"],"picked":"Bouncing Flask+1","floor":19},{"not_picked":["Quick Slash","Slice"],"picked":"Accuracy+1","floor":20}],"player_experience":300987,"relics_obtained":[{"floor":7,"key":"Juzu Bracelet"},{"floor":9,"key":"Darkstone Periapt"},{"floor":10,"key":"Frozen Egg 2"}],"event_choices":[{"damage_healed":0,"gold_gain":0,"player_choice":"Leave","damage_taken":0,"max_hp_gain":0,"max_hp_loss":0,"event_name":"The Cleric","floor":3,"gold_loss":0},{"damage_healed":0,"gold_gain":0,"player_choice":"Take Damage","damage_taken":17,"relics_obtained":["Golden Idol"],"max_hp_gain":0,"max_hp_loss":0,"event_name":"Golden Idol","floor":4,"gold_loss":0},{"damage_healed":0,"gold_gain":0,"player_choice":"Searched \u00271\u0027 times","damage_taken":0,"relics_obtained":["Ninja Scroll"],"max_hp_gain":0,"max_hp_loss":0,"event_name":"Dead Adventurer","floor":11,"gold_loss":0},{"damage_healed":0,"gold_gain":0,"player_choice":"1 cards matched","damage_taken":0,"max_hp_gain":0,"max_hp_loss":0,"event_name":"Match and Keep!","floor":22,"gold_loss":0,"cards_obtained":["Good Instincts"]}],"is_beta":false,"boss_relics":[{"not_picked":["Black Star","Velvet Choker"],"picked":"Ring of the Serpent"}],"items_purged_floors":[21],"is_endless":false,"potions_floor_spawned":[1,5,19,20],"killed_by":"Gremlin Leader","ascension_level":12}