{"gold_per_floor":[114,132,57,137,137,170,170,196,196,31,31,50,50,0,0,75,75,92,92,42,60,10,10,10,10,10,22,56,73,83,96,96,172,172,187,197,209,227,241,241,251,251,330,430,444,457,56,75,75,75,75],"floor_reached":52,"playtime":3032,"items_purged":["Defend_B","Strike_B","Defend_B","Defend_B"],"score":1797,"play_id":"d64f7134-9ace-4809-baff-0609934ce349","local_time":"20190501185520","is_ascension_mode":true,"campfire_choices":[{"data":"Sweeping Beam","floor":7.0,"key":"SMITH"},{"data":"Beam Cell","floor":13.0,"key":"SMITH"},{"data":"Melter","floor":15.0,"key":"SMITH"},{"data":"Sunder","floor":23,"key":"SMITH"},{"data":"Dualcast","floor":25,"key":"SMITH"},{"data":"Darkness","floor":32,"key":"SMITH"},{"data":"Seek","floor":40,"key":"SMITH"},{"data":"Glacier","floor":42,"key":"SMITH"},{"data":"Defragment","floor":49,"key":"SMITH"}],"neow_cost":"NONE","seed_source_timestamp":3356422538667308,"circlet_count":0,"master_deck":["AscendersBane","Defend_B","Zap+1","Dualcast+1","Melter+1","Sweeping Beam+1","Beam Cell+1","Conserve Battery+1","Sunder+1","Darkness+1","Cold Snap","Go for the Eyes","Leap","Chill","Seek+1","Redo+1","Glacier+1","Electrodynamics","Leap","Defragment+1","Auto Shields","Master of Strategy","Capacitor+1"],"special_seed":0,"relics":["Cracked Core","NeowsBlessing","Strawberry","Smiling Mask","Ornamental Fan","Vajra","Anchor","Empty Cage","Meat on the Bone","Calipers","Runic Pyramid","Dodecahedron","Emotion Chip"],"potions_floor_usage":[21,33,37,37,45,50,50],"damage_taken":[{"damage":0.0,"enemies":"Cultist","floor":1.0,"turns":1.0},{"damage":0.0,"enemies":"Small Slimes","floor":2.0,"turns":1.0},{"damage":0.0,"enemies":"Gremlin Nob","floor":6.0,"turns":1.0},{"damage":40.0,"enemies":"3 Sentries","floor":8.0,"turns":8.0},{"damage":0.0,"enemies":"Jaw Worm","floor":12.0,"turns":3.0},{"damage":22,"enemies":"Slime Boss","floor":16,"turns":9},{"damage":24,"enemies":"Chosen","floor":18,"turns":4},{"damage":0,"enemies":"2 Thieves","floor":21,"turns":3},{"damage":0,"enemies":"Sentry and Sphere","floor":27,"turns":1},{"damage":7,"enemies":"Slavers","floor":28,"turns":4},{"damage":7,"enemies":"Snake Plant","floor":29,"turns":2},{"damage":4,"enemies":"Snecko","floor":30,"turns":5},{"damage":1,"enemies":"3 Cultists","floor":31,"turns":4},{"damage":50,"enemies":"Champ","floor":33,"turns":13},{"damage":0,"enemies":"3 Shapes","floor":35,"turns":4},{"damage":18,"enemies":"3 Darklings","floor":36,"turns":5},{"damage":9,"enemies":"Jaw Worm Horde","floor":37,"turns":4},{"damage":0,"enemies":"Sphere and 2 Shapes","floor":38,"turns":5},{"damage":18,"enemies":"Maw","floor":39,"turns":5},{"damage":0,"enemies":"4 Shapes","floor":41,"turns":9},{"damage":0,"enemies":"Mind Bloom Boss Battle","floor":44,"turns":7},{"damage":10,"enemies":"Writhing Mass","floor":45,"turns":7},{"damage":0,"enemies":"3 Darklings","floor":46,"turns":5},{"damage":31,"enemies":"Transient","floor":48,"turns":6},{"damage":13,"enemies":"Donu and Deca","floor":50,"turns":12},{"damage":23,"enemies":"Awakened One","floor":51,"turns":18}],"seed_played":"1706774721286166584","potions_obtained":[{"floor":6.0,"key":"EssenceOfSteel"},{"floor":8.0,"key":"LiquidBronze"},{"floor":21,"key":"Weak Potion"},{"floor":29,"key":"Strength Potion"},{"floor":30,"key":"PowerPotion"},{"floor":36,"key":"Explosive Potion"},{"floor":39,"key":"Energy Potion"},{"floor":44,"key":"Strength Potion"},{"floor":45,"key":"EntropicBrew"}],"is_trial":false,"path_per_floor":["M","M","?","?","?","E","R","E","T","$","?","M","R","$","R","B",null,"M","?","$","M","$","R","?","R","T","M","E","M","M","M","R","B",null,"M","M","M","M","M","R","M","R","T","?","M","M","$","M","R","B","B",null],"character_chosen":"DEFECT","items_purchased":["Vajra","PowerPotion","Auto Shields","Master of Strategy"],"campfire_rested":0,"item_purchase_floors":[10,47,47,47],"current_hp_per_floor":[64,64,64,64,64,71,71,31,31,31,31,31,31,31,31,9,61,37,53,53,53,53,53,88,88,88,88,81,74,70,69,69,31,74,74,56,47,47,41,41,53,53,53,53,55,55,55,36,36,35,24],"gold":75,"neow_bonus":"THREE_ENEMY_KILL","is_prod":false,"is_daily":false,"chose_seed":false,"campfire_upgraded":9,"win_rate":0,"timestamp":1556733320,"path_taken":["M","M","?","?","?","E","R","E","T","$","?","M","R","$","R","BOSS","M","?","$","M","$","R","?","R","T","?","E","M","M","M","R","BOSS","M","M","M","M","M","R","M","R","T","?","M","M","$","M","R","BOSS","BOSS"],"build_version":"2019-01-23","purchased_purges":4,"victory":true,"max_hp_per_floor":[71,71,71,71,71,78,78,78,78,78,78,78,78,78,78,78,78,78,78,78,78,78,78,88,88,88,88,88,88,88,88,88,88,88,88,88,88,88,88,88,88,88,88,88,88,88,88,88,88,88,88],"card_choices":[{"not_picked":["Hologram","Tempest","Redo"],"picked":"SKIP","floor":1.0},{"not_picked":["Rip and Tear","Loop"],"picked":"Melter","floor":2.0},{"not_picked":["Rip and Tear","Leap"],"picked":"Sweeping Beam","floor":6.0},{"not_picked":["Stack","Conserve Battery","Hologram"],"picked":"SKIP","floor":8.0},{"not_picked":["Lockon","Loop"],"picked":"Beam Cell","floor":12.0},{"not_picked":["Thunder Strike","Rainbow"],"picked":"Seek","floor":16},{"not_picked":["Beam Cell","Stack"],"picked":"Conserve Battery+1","floor":18},{"not_picked":["Hologram","Sweeping Beam"],"picked":"Sunder","floor":21},{"not_picked":["Compile Driver","Turbo"],"picked":"Darkness","floor":27},{"not_picked":["Rebound","Capacitor"],"picked":"Cold Snap","floor":28},{"not_picked":["Barrage","Coolheaded"],"picked":"Go for the Eyes","floor":29},{"not_picked":["Compile Driver","Skim"],"picked":"Leap","floor":30},{"not_picked":["Rebound","Meteor Strike"],"picked":"Chill","floor":31},{"not_picked":["Hyperbeam","Fission"],"picked":"Seek","floor":33},{"not_picked":["Hologram","Coolheaded+1"],"picked":"Redo+1","floor":35},{"not_picked":["Rip and Tear","Compile Driver"],"picked":"Glacier","floor":36},{"not_picked":["Beam Cell+1","Redo","Compile Driver"],"picked":"SKIP","floor":37},{"not_picked":["Barrage","Streamline","Beam Cell"],"picked":"SKIP","floor":38},{"not_picked":["Streamline+1","Sweeping Beam","Static Discharge"],"picked":"SKIP","floor":39},{"not_picked":["Go for the Eyes","Hologram"],"picked":"Electrodynamics","floor":41},{"not_picked":["Fusion","Darkness+1"],"picked":"Leap","floor":44},{"not_picked":["Hologram","Chill"],"picked":"Defragment","floor":45},{"not_picked":["Streamline","Redo","Beam Cell+1"],"picked":"SKIP","floor":46},{"not_picked":["Redo","Skim"],"picked":"Capacitor+1","floor":48}],"player_experience":281885,"relics_obtained":[{"floor":6.0,"key":"Strawberry"},{"floor":8.0,"key":"Smiling Mask"},{"floor":9.0,"key":"Ornamental Fan"},{"floor":26,"key":"Meat on the Bone"},{"floor":28,"key":"Calipers"},{"floor":43,"key":"Dodecahedron"},{"floor":44,"key":"Emotion Chip"}],"event_choices":[{"cards_removed":["Strike_B"],"damage_healed":0.0,"max_hp_gain":0.0,"max_hp_loss":0.0,"gold_gain":0.0,"event_name":"The Cleric","player_choice":"Card Removal","floor":3.0,"gold_loss":75.0,"damage_taken":0.0},{"damage_healed":0.0,"max_hp_gain":0.0,"max_hp_loss":0.0,"gold_gain":80.0,"event_name":"Golden Wing","player_choice":"Gained Gold","floor":4.0,"gold_loss":0.0,"damage_taken":0.0},{"damage_healed":0.0,"max_hp_gain":0.0,"max_hp_loss":0.0,"gold_gain":0.0,"event_name":"Living Wall","player_choice":"Grow","floor":5.0,"gold_loss":0.0,"damage_taken":0.0,"cards_upgraded":["Zap"]},{"damage_healed":0.0,"max_hp_gain":0.0,"max_hp_loss":0.0,"gold_gain":0.0,"event_name":"WeMeetAgain","player_choice":"Gave Potion","floor":11.0,"gold_loss":0.0,"damage_taken":0.0,"relics_obtained":["Anchor"]},{"damage_healed":16,"gold_gain":0,"player_choice":"Heal","damage_taken":0,"max_hp_gain":0,"max_hp_loss":0,"event_name":"The Library","floor":19,"gold_loss":0},{"cards_removed":["Seek"],"damage_healed":25,"gold_gain":0,"player_choice":"Offered Rare","damage_taken":0,"max_hp_gain":10,"max_hp_loss":0,"event_name":"Bonfire Elementals","floor":24,"gold_loss":0},{"damage_healed":0,"gold_gain":0,"player_choice":"Fight","damage_taken":0,"max_hp_gain":0,"max_hp_loss":0,"event_name":"MindBloom","floor":44,"gold_loss":0}],"is_beta":false,"boss_relics":[{"not_picked":["Runic Dome","Inserter"],"picked":"Empty Cage"},{"not_picked":["Tiny House","Velvet Choker"],"picked":"Runic Pyramid"}],"items_purged_floors":[14,20,22,47],"is_endless":false,"potions_floor_spawned":[6,8,21,29,30,36,39,44,45,48],"ascension_level":20}