{"gold_per_floor":[118,68,143,143,143,173,189,221,245,275,302,344,356,386,398,511,523,519,564,106,121,21,21,21],"floor_reached":24,"playtime":936,"items_purged":["Strike_B","Strike_B"],"score":311,"play_id":"cd14f9a0-71f6-4395-ac1c-0504f88a5fd2","local_time":"20190501000426","is_ascension_mode":true,"campfire_choices":[{"floor":13,"key":"REST"},{"floor":15,"key":"REST"},{"data":"Auto Shields","floor":23,"key":"SMITH"}],"neow_cost":"NONE","seed_source_timestamp":86520251005000,"circlet_count":0,"master_deck":["Strike_B","Defend_B","Defend_B","Defend_B","Zap","Dualcast","Glacier","Hologram","Conserve Battery","Core Surge","Sunder","Cold Snap","Redo","Barrage","Seek","Leap","White Noise","Buffer","Auto Shields+1"],"relics":["Cracked Core","NeowsBlessing","Art of War","Blood Vial","MawBank","Centennial Puzzle","Coffee Dripper","Red Mask","ClockworkSouvenir"],"potions_floor_usage":[8,12,24,24,24],"damage_taken":[{"damage":0,"enemies":"Cultist","floor":1,"turns":1},{"damage":0,"enemies":"3 Sentries","floor":6,"turns":1},{"damage":0,"enemies":"2 Louse","floor":7,"turns":1},{"damage":47,"enemies":"Gremlin Nob","floor":8,"turns":7},{"damage":0,"enemies":"Jaw Worm","floor":10,"turns":4},{"damage":2,"enemies":"Looter","floor":11,"turns":3},{"damage":3,"enemies":"Lagavulin","floor":12,"turns":8},{"damage":2,"enemies":"3 Louse","floor":14,"turns":2},{"damage":13,"enemies":"The Guardian","floor":16,"turns":13},{"damage":24,"enemies":"2 Thieves","floor":18,"turns":4},{"damage":33,"enemies":"Masked Bandits","floor":19,"turns":6},{"damage":0,"enemies":"3 Byrds","floor":21,"turns":6},{"damage":22,"enemies":"Book of Stabbing","floor":24,"turns":7}],"seed_played":"4317247850000368760","potions_obtained":[{"floor":1,"key":"Ancient Potion"},{"floor":10,"key":"FocusPotion"},{"floor":11,"key":"SpeedPotion"},{"floor":12,"key":"Ancient Potion"},{"floor":14,"key":"SpeedPotion"}],"is_trial":false,"path_per_floor":["M","?","?","$","?","E","M","E","T","M","M","E","R","M","R","B",null,"M","?","$","M","$","R","E"],"character_chosen":"DEFECT","items_purchased":["White Noise","Buffer","ClockworkSouvenir"],"campfire_rested":2,"item_purchase_floors":[20,20,20],"current_hp_per_floor":[68,68,57,57,50,50,50,3,3,5,5,4,26,26,48,37,66,44,13,13,15,15,15,0],"gold":21,"neow_bonus":"THREE_ENEMY_KILL","is_prod":false,"is_daily":false,"chose_seed":false,"campfire_upgraded":1,"win_rate":0,"timestamp":1556661866,"path_taken":["M","?","?","?","?","E","M","E","T","M","M","E","R","M","R","BOSS","M","?","$","M","$","R","E"],"build_version":"2019-01-23","purchased_purges":2,"victory":false,"max_hp_per_floor":[75,75,75,75,75,75,75,75,75,75,75,75,75,75,75,75,75,75,75,75,75,75,75,75],"card_choices":[{"not_picked":["Loop","Sweeping Beam"],"picked":"Glacier","floor":1},{"not_picked":["Leap","Stack"],"picked":"Hologram","floor":6},{"not_picked":["Genetic Algorithm","Rebound"],"picked":"Conserve Battery","floor":7},{"not_picked":["Tempest","Undo"],"picked":"Core Surge","floor":8},{"not_picked":["Recycle","Compile Driver"],"picked":"Sunder","floor":10},{"not_picked":["Streamline","Steam"],"picked":"Cold Snap","floor":11},{"not_picked":["Aggregate","Fusion"],"picked":"Redo","floor":12},{"not_picked":["Beam Cell","Storm"],"picked":"Barrage","floor":14},{"not_picked":["Reboot","Meteor Strike"],"picked":"Seek","floor":16},{"not_picked":["Heatsinks","Recycle","Force Field"],"picked":"SKIP","floor":18},{"not_picked":["Go for the Eyes+1","Rebound+1"],"picked":"Leap","floor":19},{"not_picked":["Steam","Streamline+1"],"picked":"Auto Shields","floor":21}],"player_experience":916064,"relics_obtained":[{"floor":6,"key":"Art of War"},{"floor":8,"key":"Blood Vial"},{"floor":9,"key":"MawBank"},{"floor":12,"key":"Centennial Puzzle"},{"floor":19,"key":"Red Mask"}],"event_choices":[{"cards_removed":["Strike_B"],"damage_healed":0,"gold_gain":0,"player_choice":"Card Removal","damage_taken":0,"max_hp_gain":0,"max_hp_loss":0,"event_name":"The Cleric","floor":2,"gold_loss":50},{"damage_healed":0,"gold_gain":75,"player_choice":"Gather Gold","damage_taken":11,"max_hp_gain":0,"max_hp_loss":0,"event_name":"World of Goop","floor":3,"gold_loss":0},{"cards_removed":["Defend_B"],"damage_healed":0,"gold_gain":0,"player_choice":"Card Removal","damage_taken":7,"max_hp_gain":0,"max_hp_loss":0,"event_name":"Golden Wing","floor":5,"gold_loss":0},{"damage_healed":0,"gold_gain":0,"player_choice":"Fought Bandits","damage_taken":0,"max_hp_gain":0,"max_hp_loss":0,"event_name":"Masked Bandits","floor":19,"gold_loss":0}],"is_beta":false,"boss_relics":[{"not_picked":["Astrolabe","Pandora\u0027s Box"],"picked":"Coffee Dripper"}],"items_purged_floors":[20,22],"is_endless":false,"potions_floor_spawned":[1,10,11,12,14,19],"killed_by":"Book of Stabbing","ascension_level":6}