{"gold_per_floor":[114,39,54,69,69,69,84,99,99,99,114,114,129,129,129,229,229,244,244,259,274,24,24,24,24,24,54,54,54,54,54],"floor_reached":31,"playtime":1384,"items_purged":["Deadly Poison","Dagger Throw"],"score":245,"play_id":"93e842a7-d4e2-4fca-81d9-cad68795a701","local_time":"20181209184220","daily_mods":["Draft","Red Cards","Night Terrors"],"is_ascension_mode":false,"campfire_choices":[{"data":"Fire Breathing","floor":6,"key":"SMITH"},{"data":"Flex","floor":10,"key":"SMITH"},{"data":"Heavy Blade","floor":12,"key":"SMITH"},{"data":"Glass Knife","floor":15,"key":"SMITH"},{"data":"Armaments","floor":23,"key":"SMITH"},{"data":"Whirlwind","floor":25,"key":"SMITH"},{"data":"Unload","floor":28,"key":"SMITH"}],"neow_cost":"","seed_source_timestamp":0,"circlet_count":0,"master_deck":["Dagger Throw","Armaments+1","Predator","Clash","Ghostly Armor","Cleave","Spot Weakness","Clash","Whirlwind+1","Slice","Masterful Stab","Heavy Blade+1","Flex+1","Fire Breathing+1","Glass Knife+1","Unload+1","Anger+1","Flex+1"],"special_seed":17874,"relics":["Ring of the Snake","Toxic Egg 2","WristBlade","Juzu Bracelet","Bottled Flame","Bird Faced Urn","Incense Burner"],"potions_floor_usage":[8,11,21,21,21],"damage_taken":[{"damage":0,"enemies":"Cultist","floor":1,"turns":2},{"damage":0,"enemies":"Jaw Worm","floor":3,"turns":1},{"damage":0,"enemies":"Small Slimes","floor":4,"turns":1},{"damage":0,"enemies":"Gremlin Gang","floor":7,"turns":1},{"damage":0,"enemies":"Large Slime","floor":8,"turns":1},{"damage":0,"enemies":"Exordium Wildlife","floor":11,"turns":2},{"damage":5,"enemies":"Looter","floor":13,"turns":2},{"damage":43,"enemies":"Slime Boss","floor":16,"turns":7},{"damage":0,"enemies":"Spheric Guardian","floor":18,"turns":1},{"damage":0,"enemies":"3 Byrds","floor":20,"turns":2},{"damage":0,"enemies":"Shelled Parasite and Fungi","floor":21,"turns":3},{"damage":36,"enemies":"Gremlin Leader","floor":27,"turns":4},{"damage":21,"enemies":"Snake Plant","floor":31,"turns":1}],"seed_played":"-3807787308880061937","potions_obtained":[{"floor":3,"key":"SkillPotion"},{"floor":4,"key":"EssenceOfSteel"},{"floor":7,"key":"Fire Potion"},{"floor":16,"key":"Swift Potion"},{"floor":18,"key":"Block Potion"}],"is_trial":false,"path_per_floor":["M","$","M","M","?","R","M","M","T","R","M","R","M","?","R","B",null,"M","?","M","M","$","R","?","R","T","E","R","T","?","M"],"character_chosen":"THE_SILENT","items_purchased":["Juzu Bracelet"],"campfire_rested":0,"item_purchase_floors":[22],"current_hp_per_floor":[70,70,70,70,70,70,70,70,70,70,70,70,65,65,65,22,70,70,70,70,70,70,70,57,57,57,21,21,21,21,0],"gold":54,"neow_bonus":"","is_prod":false,"is_daily":true,"chose_seed":false,"campfire_upgraded":7,"win_rate":0,"timestamp":1544377340,"path_taken":["M","$","M","M","?","R","M","M","T","R","M","R","?","?","R","BOSS","M","?","?","M","$","R","?","R","T","E","R","?","?","M"],"build_version":"2018-12-06","purchased_purges":2,"victory":false,"max_hp_per_floor":[70,70,70,70,70,70,70,70,70,70,70,70,70,70,70,70,70,70,70,70,70,70,70,75,75,75,75,75,75,75,75],"card_choices":[{"not_picked":["Headbutt","Reckless Charge"],"picked":"Dagger Throw","floor":0},{"not_picked":["Dodge and Roll","Outmaneuver"],"picked":"Dagger Throw","floor":0},{"not_picked":["Choke","Well Laid Plans"],"picked":"Armaments","floor":0},{"not_picked":["Clash","Uppercut"],"picked":"Predator","floor":0},{"not_picked":["Underhanded Strike","Blade Dance"],"picked":"Clash","floor":0},{"not_picked":["Burning Pact","Havoc"],"picked":"Ghostly Armor","floor":0},{"not_picked":["Prepared","Armaments"],"picked":"Deadly Poison","floor":0},{"not_picked":["Deflect","Shockwave"],"picked":"Cleave","floor":0},{"not_picked":["Sentinel","Body Slam"],"picked":"Spot Weakness","floor":0},{"not_picked":["Flex","Headbutt"],"picked":"Clash","floor":0},{"not_picked":["Deflect","Sever Soul"],"picked":"Whirlwind","floor":0},{"not_picked":["Evolve","Armaments"],"picked":"Slice","floor":0},{"not_picked":["Outmaneuver","Blood for Blood"],"picked":"Masterful Stab","floor":0},{"not_picked":["Armaments","Outmaneuver"],"picked":"Heavy Blade","floor":0},{"not_picked":["Poisoned Stab","Body Slam"],"picked":"Backflip","floor":0},{"not_picked":["Second Wind","Shrug It Off"],"picked":"Flex","floor":1},{"not_picked":["Combust","Flex","Quick Slash"],"picked":"SKIP","floor":3},{"not_picked":["Underhanded Strike","Flex"],"picked":"Fire Breathing","floor":4},{"not_picked":["Deflect","Ghostly Armor","Dash"],"picked":"SKIP","floor":7},{"not_picked":["Carnage","Flying Knee","Clash"],"picked":"SKIP","floor":8},{"not_picked":["Blur+1","Body Slam","Reckless Charge"],"picked":"SKIP","floor":11},{"not_picked":["Crippling Poison+1","Clash"],"picked":"Glass Knife","floor":13},{"not_picked":["Corpse Explosion+1","Tools of the Trade"],"picked":"Unload","floor":16},{"not_picked":["Shrug It Off+1","Clothesline"],"picked":"Anger+1","floor":18},{"not_picked":["Acrobatics+1","Choke","Calculated Gamble+1"],"picked":"SKIP","floor":20},{"not_picked":["Quick Slash","Clothesline","Acrobatics+1"],"picked":"SKIP","floor":21},{"not_picked":["Heavy Blade","Feel No Pain"],"picked":"Flex+1","floor":27}],"player_experience":397506,"relics_obtained":[{"floor":9,"key":"Toxic Egg 2"},{"floor":26,"key":"Bottled Flame"},{"floor":27,"key":"Bird Faced Urn"},{"floor":29,"key":"Incense Burner"}],"event_choices":[{"damage_healed":0,"gold_gain":0,"player_choice":"1 cards matched","damage_taken":0,"max_hp_gain":0,"max_hp_loss":0,"event_name":"Match and Keep!","floor":5,"gold_loss":0,"cards_obtained":["Shame"]},{"cards_removed":["Shame"],"damage_healed":0,"gold_gain":0,"player_choice":"Forget","damage_taken":0,"max_hp_gain":0,"max_hp_loss":0,"event_name":"Living Wall","floor":14,"gold_loss":0},{"cards_removed":["Backflip"],"damage_healed":0,"gold_gain":0,"player_choice":"Purged","damage_taken":0,"max_hp_gain":0,"max_hp_loss":0,"event_name":"Purifier","floor":19,"gold_loss":0},{"damage_healed":0,"gold_gain":0,"player_choice":"Shed Blood","damage_taken":18,"max_hp_gain":5,"max_hp_loss":0,"event_name":"Forgotten Altar","floor":24,"gold_loss":0},{"damage_healed":0,"gold_gain":0,"player_choice":"Ignored","damage_taken":0,"max_hp_gain":0,"max_hp_loss":0,"event_name":"Ghosts","floor":30,"gold_loss":0}],"is_beta":false,"boss_relics":[{"not_picked":["Astrolabe","Snecko Eye"],"picked":"WristBlade"}],"items_purged_floors":[2,22],"is_endless":false,"potions_floor_spawned":[3,4,7,16,18],"killed_by":"Snake Plant","ascension_level":0}