{"gold_per_floor":[219,45,65,83,133,168,179,179,202,220,220,240,31,50,50,122,172,184,202,219,219,10,10],"floor_reached":23,"playtime":958,"items_purged":["Strike_R"],"score":341,"play_id":"3f2ce79f-3fe0-4244-aef6-9f61d176e1cc","local_time":"20190416120232","is_ascension_mode":true,"campfire_choices":[{"floor":8,"key":"REST"},{"data":"Disarm","floor":11,"key":"SMITH"},{"floor":15,"key":"REST"}],"neow_cost":"NONE","seed_source_timestamp":146998835537788,"circlet_count":0,"master_deck":["AscendersBane","Strike_R","Strike_R","Strike_R","Strike_R","Defend_R+1","Defend_R","Defend_R","Defend_R","Bash","Clothesline","Inflame","Bludgeon","Iron Wave","Armaments","Headbutt","Disarm+1","Shockwave","Limit Break","Feel No Pain","Spot Weakness","Limit Break","Seeing Red","Twin Strike","Havoc","Blood for Blood","Immolate","Bash"],"relics":["Burning Blood","Lantern","Smiling Mask","Tiny House","Brimstone"],"potions_floor_usage":[7,12,14,23],"damage_taken":[{"damage":2,"enemies":"Small Slimes","floor":1,"turns":5},{"damage":1,"enemies":"Cultist","floor":3,"turns":3},{"damage":7,"enemies":"2 Louse","floor":4,"turns":3},{"damage":50,"enemies":"3 Sentries","floor":6,"turns":8},{"damage":14,"enemies":"Exordium Thugs","floor":7,"turns":4},{"damage":10,"enemies":"2 Fungi Beasts","floor":10,"turns":3},{"damage":8,"enemies":"Blue Slaver","floor":12,"turns":2},{"damage":25,"enemies":"Lots of Slimes","floor":14,"turns":6},{"damage":11,"enemies":"Hexaghost","floor":16,"turns":11},{"damage":15,"enemies":"Spheric Guardian","floor":18,"turns":6},{"damage":16,"enemies":"3 Byrds","floor":19,"turns":7},{"damage":36,"enemies":"Centurion and Healer","floor":20,"turns":10},{"damage":26,"enemies":"Slavers","floor":23,"turns":2}],"seed_played":"-2152877509856184945","potions_obtained":[{"floor":6,"key":"Block Potion"},{"floor":7,"key":"Swift Potion"},{"floor":12,"key":"Regen Potion"},{"floor":17,"key":"EssenceOfSteel"}],"is_trial":false,"path_per_floor":["M","$","M","M","?","E","M","R","T","M","R","M","$","M","R","B",null,"M","M","M","?","$","E"],"character_chosen":"IRONCLAD","items_purchased":["Inflame","Bludgeon","Limit Break","Feel No Pain","Brimstone"],"campfire_rested":2,"item_purchase_floors":[2,2,13,13,22],"current_hp_per_floor":[72,72,75,74,74,30,22,44,44,40,40,38,38,34,56,51,74,65,55,25,25,25,0],"gold":10,"neow_bonus":"HUNDRED_GOLD","is_prod":false,"is_daily":false,"chose_seed":false,"campfire_upgraded":1,"win_rate":0,"timestamp":1555441352,"path_taken":["M","$","M","M","?","E","M","R","T","M","R","M","?","M","R","BOSS","M","M","M","?","$","E"],"build_version":"2019-01-23","purchased_purges":1,"victory":false,"max_hp_per_floor":[75,75,75,75,75,75,75,75,75,75,75,75,75,75,75,75,80,80,80,80,80,80,80],"card_choices":[{"not_picked":["Thunderclap","Anger"],"picked":"Clothesline","floor":1},{"not_picked":["Body Slam","Twin Strike"],"picked":"Iron Wave","floor":3},{"not_picked":["Havoc","Iron Wave"],"picked":"Armaments","floor":4},{"not_picked":["Body Slam","Clash","Flex"],"picked":"SKIP","floor":6},{"not_picked":["Wild Strike","Armaments"],"picked":"Headbutt","floor":7},{"not_picked":["Pummel","Pommel Strike"],"picked":"Disarm","floor":10},{"not_picked":["Perfected Strike","Shrug It Off"],"picked":"Shockwave","floor":12},{"not_picked":["Ghostly Armor","Body Slam"],"picked":"Spot Weakness","floor":14},{"not_picked":["Exhume","Impervious"],"picked":"Limit Break","floor":16},{"not_picked":["Body Slam","Perfected Strike"],"picked":"Seeing Red","floor":17},{"not_picked":["Thunderclap","Anger"],"picked":"Twin Strike","floor":18},{"not_picked":["Flex","Hemokinesis"],"picked":"Havoc","floor":19},{"not_picked":["Flex","Evolve"],"picked":"Blood for Blood","floor":20}],"player_experience":441464,"relics_obtained":[{"floor":6,"key":"Lantern"},{"floor":9,"key":"Smiling Mask"}],"event_choices":[{"damage_healed":0,"gold_gain":50,"player_choice":"Pray","damage_taken":0,"max_hp_gain":0,"max_hp_loss":0,"event_name":"Golden Shrine","floor":5,"gold_loss":0},{"damage_healed":0,"gold_gain":0,"player_choice":"2 cards matched","damage_taken":0,"max_hp_gain":0,"max_hp_loss":0,"event_name":"Match and Keep!","floor":21,"gold_loss":0,"cards_obtained":["Immolate","Bash"]}],"is_beta":false,"boss_relics":[{"not_picked":["Cursed Key","Ectoplasm"],"picked":"Tiny House"}],"items_purged_floors":[13],"is_endless":false,"potions_floor_spawned":[6,7,12],"killed_by":"Slavers","ascension_level":15}