{"gold_per_floor":[118,131,56,56,73,73,101,101,127,156,156,174,174,174,174,294,294,294,294,38,8,8,8,8,8,8,8,8,8,8,8,8,8],"floor_reached":33,"playtime":1112,"items_purged":["Strike_B","Defend_B"],"score":281,"play_id":"7073d43a-dc07-4903-9c8b-68e9a1cec42a","local_time":"20190403211453","is_ascension_mode":true,"campfire_choices":[{"data":"Redo","floor":6,"key":"SMITH"},{"data":"Electrodynamics","floor":8,"key":"SMITH"},{"data":"Tempest","floor":13,"key":"SMITH"},{"floor":15,"key":"REST"},{"floor":27,"key":"REST"},{"floor":29,"key":"REST"},{"floor":32,"key":"REST"}],"neow_cost":"NONE","seed_source_timestamp":1377681850977813,"circlet_count":0,"master_deck":["Strike_B","Strike_B","Strike_B","Defend_B+1","Defend_B","Defend_B","Zap+1","Dualcast","Redo+1","Tempest+1","Sunder","Electrodynamics+1","Cold Snap","Injury","Multi-Cast","Double Energy+1","White Noise","Static Discharge+1","Capacitor","Hologram+1","Leap","RitualDagger","Darkness+1","Multi-Cast"],"relics":["Cracked Core","NeowsBlessing","Anchor","War Paint","Ornamental Fan","Golden Idol","Ectoplasm","Blood Vial","Peace Pipe","Pantograph"],"potions_floor_usage":[7,12,12,12,16,22,30,30,30,30,33],"damage_taken":[{"damage":0,"enemies":"Small Slimes","floor":1,"turns":1},{"damage":0,"enemies":"Jaw Worm","floor":2,"turns":1},{"damage":0,"enemies":"Cultist","floor":5,"turns":1},{"damage":22,"enemies":"3 Sentries","floor":7,"turns":7},{"damage":6,"enemies":"Gremlin Nob","floor":10,"turns":3},{"damage":3,"enemies":"Blue Slaver","floor":12,"turns":2},{"damage":53,"enemies":"Hexaghost","floor":16,"turns":10},{"damage":2,"enemies":"Chosen","floor":18,"turns":3},{"damage":0,"enemies":"2 Thieves","floor":21,"turns":2},{"damage":12,"enemies":"Cultist and Chosen","floor":22,"turns":3},{"damage":12,"enemies":"Colosseum Slavers","floor":23,"turns":2},{"damage":22,"enemies":"Colosseum Nobs","floor":23,"turns":4},{"damage":19,"enemies":"Centurion and Healer","floor":25,"turns":4},{"damage":41,"enemies":"Shelled Parasite and Fungi","floor":30,"turns":4},{"damage":12,"enemies":"Cultist and Chosen","floor":31,"turns":4},{"damage":73,"enemies":"Champ","floor":33,"turns":9}],"seed_played":"1072558350266058603","potions_obtained":[{"floor":2,"key":"EssenceOfSteel"},{"floor":10,"key":"Regen Potion"},{"floor":11,"key":"Poison Potion"},{"floor":11,"key":"AttackPotion"},{"floor":12,"key":"Strength Potion"},{"floor":21,"key":"FearPotion"},{"floor":23,"key":"Strength Potion"},{"floor":25,"key":"EntropicBrew"},{"floor":31,"key":"Energy Potion"}],"is_trial":false,"path_per_floor":["M","M","$","?","M","R","E","R","T","E","?","M","R","?","R","B",null,"M","?","$","M","M","?","$","M","T","R","?","R","M","M","R","B"],"character_chosen":"DEFECT","items_purchased":["Blood Vial"],"campfire_rested":4,"item_purchase_floors":[20],"current_hp_per_floor":[75,75,75,80,80,80,58,58,58,52,52,54,54,54,78,25,80,78,78,78,80,68,38,38,21,21,45,39,63,24,14,38,0],"gold":8,"neow_bonus":"THREE_ENEMY_KILL","is_prod":false,"is_daily":false,"chose_seed":false,"campfire_upgraded":3,"win_rate":0,"timestamp":1554351293,"path_taken":["M","M","$","?","M","R","E","R","T","E","?","?","R","?","R","BOSS","M","?","$","M","M","?","$","M","T","R","?","R","M","M","R","BOSS"],"build_version":"2019-01-23","purchased_purges":2,"victory":false,"max_hp_per_floor":[75,75,75,80,80,80,80,80,80,80,80,80,80,80,80,80,80,80,80,80,80,80,80,80,80,80,80,80,80,80,80,80,80],"card_choices":[{"not_picked":["Beam Cell","Leap"],"picked":"Redo","floor":1},{"not_picked":["Glacier","Stack"],"picked":"Tempest","floor":2},{"not_picked":["Storm","Beam Cell"],"picked":"Sunder","floor":5},{"not_picked":["Rainbow","Turbo"],"picked":"Electrodynamics","floor":7},{"not_picked":["Redo","Barrage","Steam Power"],"picked":"SKIP","floor":10},{"not_picked":["Compile Driver","Scrape"],"picked":"Cold Snap","floor":12},{"not_picked":["Hyperbeam","Fission"],"picked":"Multi-Cast","floor":16},{"not_picked":["Tempest","Ball Lightning"],"picked":"Double Energy+1","floor":18},{"not_picked":["Streamline","Beam Cell+1"],"picked":"Static Discharge+1","floor":21},{"not_picked":["Hologram","Leap"],"picked":"Capacitor","floor":22},{"not_picked":["Force Field","Stack+1"],"picked":"Hologram+1","floor":23},{"not_picked":["Blizzard+1","Turbo"],"picked":"Leap","floor":25},{"not_picked":["Genetic Algorithm","Compile Driver"],"picked":"Darkness+1","floor":30},{"not_picked":["Cold Snap+1","Sweeping Beam"],"picked":"Multi-Cast","floor":31}],"player_experience":396847,"relics_obtained":[{"floor":7,"key":"Anchor"},{"floor":9,"key":"War Paint"},{"floor":10,"key":"Ornamental Fan"},{"floor":23,"key":"Peace Pipe"},{"floor":23,"key":"Pantograph"}],"event_choices":[{"damage_healed":0,"gold_gain":0,"player_choice":"Donut","damage_taken":0,"max_hp_gain":5,"max_hp_loss":0,"event_name":"Big Fish","floor":4,"gold_loss":0},{"damage_healed":0,"gold_gain":0,"player_choice":"Got Potions","damage_taken":0,"max_hp_gain":0,"max_hp_loss":0,"event_name":"Lab","floor":11,"gold_loss":0},{"damage_healed":0,"gold_gain":0,"player_choice":"Take Wound","damage_taken":0,"relics_obtained":["Golden Idol"],"max_hp_gain":0,"max_hp_loss":0,"event_name":"Golden Idol","floor":14,"gold_loss":0,"cards_obtained":["Injury"]},{"damage_healed":0,"gold_gain":0,"player_choice":"Read","damage_taken":0,"max_hp_gain":0,"max_hp_loss":0,"event_name":"The Library","floor":19,"gold_loss":0,"cards_obtained":["White Noise"]},{"damage_healed":0,"gold_gain":0,"player_choice":"Fight","damage_taken":0,"max_hp_gain":0,"max_hp_loss":0,"event_name":"Colosseum","floor":23,"gold_loss":0},{"damage_healed":0,"gold_gain":0,"player_choice":"Fought Nobs","damage_taken":0,"max_hp_gain":0,"max_hp_loss":0,"event_name":"Colosseum","floor":23,"gold_loss":0},{"damage_healed":0,"gold_gain":0,"player_choice":"Joined the Cult","damage_taken":6,"max_hp_gain":0,"max_hp_loss":0,"event_name":"Nest","floor":28,"gold_loss":0,"cards_obtained":["RitualDagger"]}],"is_beta":false,"boss_relics":[{"not_picked":["Runic Pyramid","Cursed Key"],"picked":"Ectoplasm"}],"items_purged_floors":[3,20],"is_endless":false,"potions_floor_spawned":[2,10,12,21,23,25,31],"killed_by":"Champ","ascension_level":2}