{"gold_per_floor":[109,128,128,142,142,174,191,143,143,158,158,173,105,105,105,204,204,218,218,234,234,252,252,282,282,282,302,327,327,346,359,359,462,462,475,178,193,211,211,231,79,79,129,149,176,99,118,128,128,128],"floor_reached":50,"playtime":4124,"items_purged":["Pain"],"score":523,"play_id":"816715b4-5744-49db-9ec7-3c4928f1afb6","local_time":"20181210193414","is_ascension_mode":false,"campfire_choices":[{"floor":11,"key":"REST"},{"data":"Double Energy","floor":15,"key":"SMITH"},{"floor":23,"key":"REST"},{"floor":25,"key":"REST"},{"floor":32,"key":"REST"},{"floor":42,"key":"REST"},{"floor":49,"key":"REST"}],"neow_cost":"NONE","seed_source_timestamp":505382963087923,"circlet_count":0,"master_deck":["Strike_B","Strike_B","Strike_B","Strike_B","Defend_B","Defend_B","Defend_B","Defend_B","Zap","Dualcast","Go for the Eyes","Double Energy+1","Ball Lightning","BootSequence","Beam Cell","Ball Lightning","Conserve Battery","Meteor Strike","Static Discharge+1","Electrodynamics","Reprogram+1","Sunder","Aggregate+1","Gash","Cold Snap","Melter","Capacitor","Redo","Seek","Lockon","Consume","Go for the Eyes+1","Loop","Static Discharge","Sunder","Streamline","Defragment","Parasite","Beam Cell+1"],"relics":["Cracked Core","NeowsBlessing","Gremlin Horn","Bird Faced Urn","Nunchaku","Runic Pyramid","Juzu Bracelet","Matryoshka","Regal Pillow","FossilizedHelix","Red Mask","WarpedTongs","Nuclear Battery","DataDisk","PreservedInsect","Pen Nib","Ancient Tea Set","Bottled Tornado"],"potions_floor_usage":[16,16,33,45,45,47,50,50],"damage_taken":[{"damage":0,"enemies":"Jaw Worm","floor":1,"turns":1},{"damage":0,"enemies":"2 Louse","floor":2,"turns":1},{"damage":0,"enemies":"Small Slimes","floor":4,"turns":1},{"damage":25,"enemies":"Lagavulin","floor":6,"turns":6},{"damage":0,"enemies":"Red Slaver","floor":7,"turns":2},{"damage":5,"enemies":"Looter","floor":10,"turns":3},{"damage":4,"enemies":"Exordium Thugs","floor":12,"turns":4},{"damage":11,"enemies":"Slime Boss","floor":16,"turns":7},{"damage":7,"enemies":"3 Byrds","floor":18,"turns":3},{"damage":20,"enemies":"2 Thieves","floor":20,"turns":3},{"damage":0,"enemies":"Centurion and Healer","floor":22,"turns":4},{"damage":29,"enemies":"Slavers","floor":24,"turns":2},{"damage":0,"enemies":"Snecko","floor":27,"turns":2},{"damage":16,"enemies":"Masked Bandits","floor":28,"turns":4},{"damage":16,"enemies":"Cultist and Chosen","floor":30,"turns":4},{"damage":0,"enemies":"Sentry and Sphere","floor":31,"turns":3},{"damage":49,"enemies":"Collector","floor":33,"turns":8},{"damage":15,"enemies":"Orb Walker","floor":35,"turns":4},{"damage":3,"enemies":"3 Shapes","floor":37,"turns":2},{"damage":27,"enemies":"Maw","floor":38,"turns":8},{"damage":10,"enemies":"Sphere and 2 Shapes","floor":40,"turns":4},{"damage":9,"enemies":"Transient","floor":44,"turns":5},{"damage":28,"enemies":"Reptomancer","floor":45,"turns":4},{"damage":10,"enemies":"Writhing Mass","floor":47,"turns":6},{"damage":27,"enemies":"Maw","floor":48,"turns":6},{"damage":89,"enemies":"Donu and Deca","floor":50,"turns":7}],"seed_played":"-1430674398161996241","potions_obtained":[{"floor":2,"key":"LiquidBronze"},{"floor":6,"key":"Explosive Potion"},{"floor":16,"key":"SteroidPotion"},{"floor":24,"key":"Block Potion"},{"floor":28,"key":"Explosive Potion"},{"floor":30,"key":"FocusPotion"},{"floor":35,"key":"Block Potion"},{"floor":47,"key":"Weak Potion"},{"floor":48,"key":"SteroidPotion"}],"is_trial":false,"path_per_floor":["M","M","?","M","T","E","M","$","T","M","R","M","$","?","R","B",null,"M","?","M","?","M","R","E","R","T","M","?","?","M","M","R","B",null,"M","$","M","M","?","M","$","R","T","M","E","$","M","M","R","B"],"character_chosen":"DEFECT","items_purchased":["Ball Lightning","Static Discharge","DataDisk","Consume","PreservedInsect","Defragment"],"campfire_rested":6,"item_purchase_floors":[8,13,36,36,41,46],"current_hp_per_floor":[75,75,75,75,75,50,50,50,50,45,67,63,63,63,63,54,75,68,68,50,50,54,75,48,70,70,72,60,60,46,48,75,28,75,63,63,62,41,41,33,33,70,70,68,50,50,52,35,72,0],"gold":128,"neow_bonus":"THREE_ENEMY_KILL","is_prod":false,"is_daily":false,"chose_seed":false,"campfire_upgraded":1,"win_rate":0,"timestamp":1544499254,"path_taken":["M","M","?","M","?","E","M","$","T","M","R","M","$","?","R","BOSS","M","?","M","?","M","R","E","R","T","M","?","?","M","M","R","BOSS","M","$","M","M","?","M","?","R","T","M","E","?","M","M","R","BOSS"],"build_version":"2018-12-06","purchased_purges":1,"victory":false,"max_hp_per_floor":[75,75,75,75,75,75,75,75,75,75,75,75,75,75,75,75,75,75,75,75,75,75,75,75,75,75,75,75,75,75,75,75,75,75,75,75,75,75,75,75,75,75,75,75,75,75,75,75,75,75],"card_choices":[{"not_picked":["Compile Driver","Stack"],"picked":"Go for the Eyes","floor":1},{"not_picked":["Hologram","Go for the Eyes"],"picked":"Double Energy","floor":2},{"not_picked":["Go for the Eyes","Doom and Gloom"],"picked":"Ball Lightning","floor":4},{"not_picked":["Double Energy","Compile Driver"],"picked":"BootSequence","floor":6},{"not_picked":["Conserve Battery","Blizzard"],"picked":"Beam Cell","floor":7},{"not_picked":["Rip and Tear","Compile Driver"],"picked":"Conserve Battery","floor":10},{"not_picked":["Ball Lightning","Undo"],"picked":"Meteor Strike","floor":12},{"not_picked":["Biased Cognition","Machine Learning"],"picked":"Electrodynamics","floor":16},{"not_picked":["Hello World","Conserve Battery+1"],"picked":"Reprogram+1","floor":18},{"not_picked":["Hologram","Melter"],"picked":"Sunder","floor":20},{"not_picked":["Leap","Beam Cell"],"picked":"Aggregate+1","floor":22},{"not_picked":["Recycle+1","Sweeping Beam+1"],"picked":"Gash","floor":24},{"not_picked":["Rip and Tear","Reprogram+1"],"picked":"Cold Snap","floor":27},{"not_picked":["Steam","Barrage"],"picked":"Melter","floor":28},{"not_picked":["Storm","Conserve Battery"],"picked":"Capacitor","floor":30},{"not_picked":["Conserve Battery+1","Melter"],"picked":"Redo","floor":31},{"not_picked":["All For One","Thunder Strike"],"picked":"Seek","floor":33},{"not_picked":["Rip and Tear+1","Conserve Battery"],"picked":"Lockon","floor":35},{"not_picked":["Ball Lightning","Undo+1"],"picked":"Go for the Eyes+1","floor":37},{"not_picked":["Sunder+1","Leap"],"picked":"Loop","floor":38},{"not_picked":["Go for the Eyes","Turbo"],"picked":"Static Discharge","floor":40},{"not_picked":["Streamline+1","Static Discharge"],"picked":"Sunder","floor":44},{"not_picked":["Melter","Reprogram+1"],"picked":"Streamline","floor":45},{"not_picked":["Biased Cognition","Turbo","Stack+1"],"picked":"SKIP","floor":47},{"not_picked":["Sweeping Beam","Self Repair"],"picked":"Beam Cell+1","floor":48}],"player_experience":209163,"relics_obtained":[{"floor":5,"key":"Gremlin Horn"},{"floor":6,"key":"Bird Faced Urn"},{"floor":9,"key":"Nunchaku"},{"floor":24,"key":"Matryoshka"},{"floor":26,"key":"Regal Pillow"},{"floor":26,"key":"FossilizedHelix"},{"floor":28,"key":"Red Mask"},{"floor":43,"key":"Pen Nib"},{"floor":43,"key":"Ancient Tea Set"},{"floor":45,"key":"Bottled Tornado"}],"event_choices":[{"damage_healed":0,"gold_gain":0,"player_choice":"Ignored","damage_taken":0,"max_hp_gain":0,"max_hp_loss":0,"event_name":"Golden Wing","floor":3,"gold_loss":0},{"damage_healed":0,"gold_gain":0,"player_choice":"Grow","damage_taken":0,"max_hp_gain":0,"max_hp_loss":0,"event_name":"Living Wall","floor":14,"gold_loss":0,"cards_upgraded":["Static Discharge"]},{"damage_healed":0,"gold_gain":0,"player_choice":"Stole Relic","damage_taken":0,"relics_obtained":["Juzu Bracelet"],"max_hp_gain":0,"max_hp_loss":0,"event_name":"Addict","floor":19,"gold_loss":0,"cards_obtained":["Shame"]},{"cards_removed":["Shame"],"damage_healed":0,"gold_gain":0,"player_choice":"Removed Curses","damage_taken":0,"max_hp_gain":0,"max_hp_loss":0,"event_name":"Fountain of Cleansing","floor":21,"gold_loss":0},{"damage_healed":0,"gold_gain":0,"player_choice":"Fought Bandits","damage_taken":0,"max_hp_gain":0,"max_hp_loss":0,"event_name":"Masked Bandits","floor":28,"gold_loss":0},{"damage_healed":0,"gold_gain":0,"player_choice":"Rummage","damage_taken":0,"relics_obtained":["WarpedTongs"],"max_hp_gain":0,"max_hp_loss":0,"event_name":"Accursed Blacksmith","floor":29,"gold_loss":0,"cards_obtained":["Pain"]},{"damage_healed":0,"gold_gain":0,"player_choice":"Ignored","damage_taken":0,"max_hp_gain":0,"max_hp_loss":0,"event_name":"Purifier","floor":39,"gold_loss":0}],"is_beta":false,"boss_relics":[{"not_picked":["Sozu","Philosopher\u0027s Stone"],"picked":"Runic Pyramid"},{"not_picked":["Pandora\u0027s Box","Runic Dome"],"picked":"Nuclear Battery"}],"items_purged_floors":[36],"is_endless":false,"potions_floor_spawned":[2,6,16,24,28,30,31,35,37,47,48],"killed_by":"Donu and Deca","ascension_level":0}