{"gold_per_floor":[119,137,149,127,139,174,204,236,304,346,415,444,456,502,514,603,615,645,657,669,681,693,738,750,796,831,843,855],"floor_reached":28,"playtime":2012,"items_purged":[],"score":483,"play_id":"56580556-32e9-4f29-ac7e-bfeb795efed9","local_time":"20190505202451","is_ascension_mode":true,"campfire_choices":[{"data":"Dualcast","floor":13,"key":"SMITH"},{"data":"Barrage","floor":15,"key":"SMITH"},{"floor":24,"key":"REST"}],"neow_cost":"NONE","seed_source_timestamp":1932324350596207,"circlet_count":0,"master_deck":["AscendersBane","Strike_B","Defend_B","Defend_B","Defend_B","Defend_B","Zap+1","Dualcast+1","Compile Driver","Self Repair","Hello World","Coolheaded","Hologram","Echo Form","Self Repair","Barrage+1","Glacier","Ball Lightning","Cold Snap","Cold Snap","Seek","Sunder+1","Conserve Battery","Machine Learning","Core Surge","Turbo+1","Gash"],"relics":["Cracked Core","MawBank","Tiny Chest","Kunai","Lantern","Juzu Bracelet","Runic Pyramid","Pocketwatch","Dream Catcher","Bag of Marbles"],"potions_floor_usage":[23,25,25],"damage_taken":[{"damage":2,"enemies":"Jaw Worm","floor":1,"turns":3},{"damage":3,"enemies":"2 Louse","floor":2,"turns":3},{"damage":1,"enemies":"Cultist","floor":3,"turns":3},{"damage":16,"enemies":"Lots of Slimes","floor":5,"turns":6},{"damage":21,"enemies":"3 Sentries","floor":6,"turns":7},{"damage":2,"enemies":"Large Slime","floor":7,"turns":8},{"damage":33,"enemies":"3 Louse","floor":8,"turns":4},{"damage":10,"enemies":"Lagavulin","floor":10,"turns":7},{"damage":19,"enemies":"3 Sentries","floor":11,"turns":10},{"damage":7,"enemies":"Looter","floor":12,"turns":3},{"damage":17,"enemies":"3 Sentries","floor":14,"turns":8},{"damage":22,"enemies":"The Guardian","floor":16,"turns":14},{"damage":6,"enemies":"3 Byrds","floor":18,"turns":6},{"damage":64,"enemies":"Slavers","floor":23,"turns":9},{"damage":5,"enemies":"Gremlin Leader","floor":25,"turns":12},{"damage":56,"enemies":"Book of Stabbing","floor":28,"turns":7}],"seed_played":"-476535969899092376","potions_obtained":[{"floor":5,"key":"Strength Potion"},{"floor":6,"key":"Fire Potion"},{"floor":12,"key":"Fire Potion"},{"floor":23,"key":"Fire Potion"},{"floor":25,"key":"SteroidPotion"}],"is_trial":false,"path_per_floor":["M","M","M","$","M","E","M","M","T","E","?","M","R","E","R","B",null,"M","?","?","?","?","E","R","E","T","?","E"],"character_chosen":"DEFECT","items_purchased":["Coolheaded"],"campfire_rested":1,"item_purchase_floors":[4],"current_hp_per_floor":[62,59,65,65,49,35,40,28,28,39,41,48,48,45,45,51,66,71,71,71,71,71,35,56,71,71,51,0],"gold":855,"neow_bonus":"UPGRADE_CARD","is_prod":false,"is_daily":false,"chose_seed":false,"campfire_upgraded":2,"win_rate":0,"timestamp":1557113091,"path_taken":["M","M","M","$","M","E","M","M","T","E","?","M","R","E","R","BOSS","M","?","?","?","?","E","R","E","T","?","E"],"build_version":"2019-01-23","purchased_purges":0,"victory":false,"max_hp_per_floor":[71,71,71,71,71,71,71,71,71,71,71,71,71,71,71,71,71,71,71,71,71,71,71,71,71,71,76,76],"card_choices":[{"not_picked":["Rebound","Barrage"],"picked":"Compile Driver","floor":1},{"not_picked":["Redo","Tempest"],"picked":"Self Repair","floor":2},{"not_picked":["Leap","Blizzard"],"picked":"Hello World","floor":3},{"not_picked":["Double Energy","Blizzard"],"picked":"Hologram","floor":5},{"not_picked":["Amplify","Fusion"],"picked":"Echo Form","floor":6},{"not_picked":["Turbo","Hologram"],"picked":"Self Repair","floor":7},{"not_picked":["Go for the Eyes","Stack"],"picked":"Barrage","floor":8},{"not_picked":["Beam Cell","Seek"],"picked":"Glacier","floor":10},{"not_picked":["Barrage","Streamline"],"picked":"Ball Lightning","floor":11},{"not_picked":["Aggregate","Leap"],"picked":"Cold Snap","floor":12},{"not_picked":["Auto Shields","Barrage"],"picked":"Cold Snap","floor":14},{"not_picked":["Biased Cognition","Meteor Strike"],"picked":"Seek","floor":16},{"not_picked":["Stack","Steam Power"],"picked":"Sunder","floor":18},{"not_picked":["Darkness","Redo"],"picked":"Turbo+1","floor":23},{"not_picked":["Cold Snap","BootSequence"],"picked":"Gash","floor":25}],"player_experience":403452,"relics_obtained":[{"floor":6,"key":"MawBank"},{"floor":9,"key":"Tiny Chest"},{"floor":10,"key":"Kunai"},{"floor":11,"key":"Lantern"},{"floor":14,"key":"Juzu Bracelet"},{"floor":23,"key":"Pocketwatch"},{"floor":25,"key":"Dream Catcher"},{"floor":26,"key":"Bag of Marbles"}],"event_choices":[{"damage_healed":0,"gold_gain":0,"player_choice":"Searched \u00272\u0027 times","damage_taken":0,"max_hp_gain":0,"max_hp_loss":0,"event_name":"Dead Adventurer","floor":11,"gold_loss":0},{"cards_removed":["Strike_B"],"damage_healed":0,"gold_gain":0,"player_choice":"Purged","damage_taken":0,"max_hp_gain":0,"max_hp_loss":0,"event_name":"Purifier","floor":19,"gold_loss":0},{"damage_healed":0,"gold_gain":0,"player_choice":"Upgraded","damage_taken":0,"max_hp_gain":0,"max_hp_loss":0,"event_name":"Upgrade Shrine","floor":20,"gold_loss":0,"cards_upgraded":["Sunder"]},{"damage_healed":0,"gold_gain":0,"player_choice":"Read","damage_taken":0,"max_hp_gain":0,"max_hp_loss":0,"event_name":"The Library","floor":21,"gold_loss":0,"cards_obtained":["Conserve Battery"]},{"damage_healed":0,"gold_gain":0,"cards_transformed":["Strike_B","Strike_B"],"player_choice":"Became Test Subject","damage_taken":0,"max_hp_gain":0,"max_hp_loss":0,"event_name":"Drug Dealer","floor":22,"gold_loss":0,"cards_obtained":["Machine Learning","Core Surge"]},{"damage_healed":0,"gold_gain":0,"player_choice":"Shed Blood","damage_taken":25,"max_hp_gain":5,"max_hp_loss":0,"event_name":"Forgotten Altar","floor":27,"gold_loss":0}],"is_beta":false,"boss_relics":[{"not_picked":["Nuclear Battery","Astrolabe"],"picked":"Runic Pyramid"}],"items_purged_floors":[],"is_endless":false,"potions_floor_spawned":[5,6,8,10,12,16,23,25],"killed_by":"Book of Stabbing","ascension_level":15}