{"gold_per_floor":[117,132,151,111,128,128,203,119,194,223,242,262,290,290,290,386,386,402,422,438,250,250,250,250,250],"floor_reached":25,"playtime":1667,"items_purged":[],"score":245,"play_id":"ed36832a-767c-418a-8b6e-2db5e2f21048","local_time":"20190417134814","is_ascension_mode":true,"campfire_choices":[{"data":"Zap","floor":6,"key":"SMITH"},{"data":"Hologram","floor":15,"key":"SMITH"},{"data":"Defragment","floor":23,"key":"SMITH"}],"neow_cost":"NONE","seed_source_timestamp":659105059581300,"circlet_count":0,"master_deck":["Strike_B","Strike_B","Strike_B","Defend_B","Defend_B","Defend_B","Defend_B","Zap+1","Dualcast","Hologram+1","Coolheaded","Steam","Hologram","Hello World","Coolheaded","Conserve Battery","Cold Snap","Steam","Coolheaded","Buffer","Steam","Auto Shields","Sunder","Defragment+1","Necronomicurse"],"relics":["White Beast Statue","Bottled Tornado","Potion Belt","PreservedInsect","Inserter","Anchor","Necronomicon"],"potions_floor_usage":[5,10,11,13,13,13,16,19,19,20,25],"damage_taken":[{"damage":2,"enemies":"2 Louse","floor":1,"turns":3},{"damage":6,"enemies":"Cultist","floor":2,"turns":4},{"damage":14,"enemies":"Jaw Worm","floor":3,"turns":5},{"damage":6,"enemies":"Blue Slaver","floor":5,"turns":5},{"damage":4,"enemies":"Lagavulin","floor":10,"turns":6},{"damage":4,"enemies":"Gremlin Gang","floor":11,"turns":4},{"damage":10,"enemies":"3 Louse","floor":12,"turns":5},{"damage":8,"enemies":"Gremlin Nob","floor":13,"turns":4},{"damage":18,"enemies":"Hexaghost","floor":16,"turns":13},{"damage":2,"enemies":"Shell Parasite","floor":18,"turns":8},{"damage":24,"enemies":"3 Byrds","floor":19,"turns":6},{"damage":18,"enemies":"Centurion and Healer","floor":20,"turns":20},{"damage":11,"enemies":"Colosseum Slavers","floor":25,"turns":3}],"seed_played":"-534979353675576953","potions_obtained":[{"floor":1,"key":"Fire Potion"},{"floor":2,"key":"Regen Potion"},{"floor":3,"key":"Regen Potion"},{"floor":5,"key":"EssenceOfSteel"},{"floor":10,"key":"GamblersBrew"},{"floor":11,"key":"AttackPotion"},{"floor":12,"key":"SneckoOil"},{"floor":13,"key":"Explosive Potion"},{"floor":16,"key":"Swift Potion"},{"floor":18,"key":"Energy Potion"},{"floor":19,"key":"Poison Potion"},{"floor":20,"key":"GamblersBrew"}],"is_trial":false,"path_per_floor":["M","M","M","?","M","R","?","$","T","E","M","M","E","?","R","B",null,"M","M","M","$","?","R","?","?"],"character_chosen":"DEFECT","items_purchased":["Hello World","Coolheaded","Defragment","Anchor"],"campfire_rested":0,"item_purchase_floors":[8,8,21,21],"current_hp_per_floor":[73,67,53,53,61,61,50,50,50,60,56,46,38,38,38,20,75,73,49,31,31,17,17,1,0],"gold":250,"neow_bonus":"BOSS_RELIC","is_prod":false,"is_daily":false,"chose_seed":false,"campfire_upgraded":3,"win_rate":0,"timestamp":1555501694,"path_taken":["M","M","M","?","?","R","?","?","T","E","M","M","E","?","R","BOSS","M","?","M","$","?","R","?","?"],"build_version":"2019-01-23","purchased_purges":0,"victory":false,"max_hp_per_floor":[75,75,75,75,75,75,75,75,75,75,75,75,75,75,75,75,75,75,75,75,75,80,80,80,80],"card_choices":[{"not_picked":["Undo","Stack"],"picked":"Hologram","floor":1},{"not_picked":["Storm","Barrage"],"picked":"Coolheaded","floor":2},{"not_picked":["Skim","FTL"],"picked":"Steam","floor":3},{"not_picked":["Gash","Leap"],"picked":"Hologram","floor":5},{"not_picked":["Coolheaded","Sunder"],"picked":"Conserve Battery","floor":10},{"not_picked":["Undo","Redo"],"picked":"Cold Snap","floor":11},{"not_picked":["Sweeping Beam","Barrage"],"picked":"Steam","floor":12},{"not_picked":["Biased Cognition","Rebound"],"picked":"Coolheaded","floor":13},{"not_picked":["Core Surge","Biased Cognition"],"picked":"Buffer","floor":16},{"not_picked":["Genetic Algorithm","Heatsinks+1"],"picked":"Steam","floor":18},{"not_picked":["Barrage+1","Fusion"],"picked":"Auto Shields","floor":19},{"not_picked":["Compile Driver","Chaos"],"picked":"Sunder","floor":20}],"player_experience":542391,"relics_obtained":[{"floor":9,"key":"Bottled Tornado"},{"floor":10,"key":"Potion Belt"},{"floor":13,"key":"PreservedInsect"},{"floor":24,"key":"Necronomicon"}],"event_choices":[{"damage_healed":0,"gold_gain":0,"player_choice":"Bought 3 Potions","damage_taken":0,"max_hp_gain":0,"max_hp_loss":0,"event_name":"The Woman in Blue","floor":4,"gold_loss":0},{"damage_healed":0,"gold_gain":75,"player_choice":"Gather Gold","damage_taken":11,"max_hp_gain":0,"max_hp_loss":0,"event_name":"World of Goop","floor":7,"gold_loss":0},{"cards_removed":["Strike_B"],"damage_healed":0,"gold_gain":0,"player_choice":"Purged","damage_taken":0,"max_hp_gain":0,"max_hp_loss":0,"event_name":"Purifier","floor":14,"gold_loss":0},{"damage_healed":0,"gold_gain":0,"player_choice":"Shed Blood","damage_taken":19,"max_hp_gain":5,"max_hp_loss":0,"event_name":"Forgotten Altar","floor":22,"gold_loss":0},{"damage_healed":0,"gold_gain":0,"player_choice":"Obtained Book","damage_taken":16,"max_hp_gain":0,"max_hp_loss":0,"event_name":"Cursed Tome","floor":24,"gold_loss":0},{"damage_healed":0,"gold_gain":0,"player_choice":"Fight","damage_taken":0,"max_hp_gain":0,"max_hp_loss":0,"event_name":"Colosseum","floor":25,"gold_loss":0}],"is_beta":false,"boss_relics":[{"not_picked":["Cursed Key","Philosopher\u0027s Stone"],"picked":"Inserter"}],"items_purged_floors":[],"is_endless":false,"potions_floor_spawned":[1,2,3,5,10,11,12,13,16,18,19,20],"killed_by":"Colosseum Slavers","ascension_level":3}