{"gold_per_floor":[118,118,129,143,143,172,172,187,187,187,0,26,38,53,53,148,148,164,176,30,30,40,40,69,69,69,87,102,102,102,122,122,122],"floor_reached":33,"playtime":1300,"items_purged":["Normality"],"score":318,"play_id":"9d9ec77e-8b1d-4bb9-af99-800cf77984d2","local_time":"20181230182338","is_ascension_mode":true,"campfire_choices":[{"data":"Rainbow","floor":7,"key":"SMITH"},{"data":"Zap","floor":10,"key":"SMITH"},{"floor":15,"key":"REST"},{"floor":23,"key":"REST"},{"floor":25,"key":"REST"},{"floor":30,"key":"REST"},{"floor":32,"key":"REST"}],"neow_cost":"CURSE","seed_source_timestamp":157454753546802,"circlet_count":0,"master_deck":["Strike_B","Strike_B","Strike_B","Strike_B","Defend_B","Defend_B","Defend_B","Defend_B","Zap+1","Dualcast","Rainbow+1","Glacier","BootSequence","Auto Shields","Conserve Battery","Ball Lightning","Loop","Sunder","Melter","Rainbow","FTL","Seek","Coolheaded","Aggregate+1","All For One","RitualDagger","White Noise","Redo","Rebound","Loop","Leap"],"relics":["Cracked Core","FaceOfCleric","Cables","Strawberry","Letter Opener","Lizard Tail","Dodecahedron","Bottled Flame","MutagenicStrength"],"potions_floor_usage":[6,6,12,16,27,33],"damage_taken":[{"damage":0,"enemies":"2 Louse","floor":1,"turns":2},{"damage":0,"enemies":"Cultist","floor":3,"turns":4},{"damage":0,"enemies":"Small Slimes","floor":4,"turns":3},{"damage":28,"enemies":"Lagavulin","floor":6,"turns":9},{"damage":3,"enemies":"Blue Slaver","floor":8,"turns":3},{"damage":11,"enemies":"Gremlin Nob","floor":12,"turns":4},{"damage":0,"enemies":"2 Fungi Beasts","floor":13,"turns":2},{"damage":0,"enemies":"Exordium Wildlife","floor":14,"turns":2},{"damage":37,"enemies":"Hexaghost","floor":16,"turns":9},{"damage":20,"enemies":"2 Thieves","floor":18,"turns":4},{"damage":3,"enemies":"Shell Parasite","floor":19,"turns":5},{"damage":32,"enemies":"Centurion and Healer","floor":22,"turns":8},{"damage":38,"enemies":"Gremlin Leader","floor":24,"turns":8},{"damage":27,"enemies":"Snake Plant","floor":27,"turns":4},{"damage":56,"enemies":"3 Cultists","floor":28,"turns":6},{"damage":43,"enemies":"Shelled Parasite and Fungi","floor":31,"turns":6},{"damage":33,"enemies":"Automaton","floor":33,"turns":5}],"seed_played":"7149890975644046756","potions_obtained":[{"floor":3,"key":"Regen Potion"},{"floor":4,"key":"SteroidPotion"},{"floor":8,"key":"AttackPotion"},{"floor":14,"key":"Ancient Potion"},{"floor":24,"key":"Ancient Potion"},{"floor":31,"key":"Dexterity Potion"}],"is_trial":false,"path_per_floor":["M","?","M","M","T","E","R","M","T","R","$","E","M","M","R","B",null,"M","M","$","?","M","R","E","R","T","M","M","?","R","M","R","B"],"character_chosen":"DEFECT","items_purchased":["Loop","Sunder","All For One"],"campfire_rested":5,"item_purchase_floors":[11,11,20],"current_hp_per_floor":[75,75,76,77,77,72,72,70,70,70,70,60,61,62,88,52,90,71,69,69,63,32,59,22,50,50,24,17,17,45,3,32,0],"gold":122,"neow_bonus":"THREE_RARE_CARDS","is_prod":false,"is_daily":false,"chose_seed":false,"campfire_upgraded":2,"win_rate":0,"timestamp":1546223018,"path_taken":["M","?","?","M","?","E","R","M","T","R","$","E","M","M","R","BOSS","M","M","$","?","M","R","E","R","T","M","M","?","R","M","R","BOSS"],"build_version":"2018-12-20","purchased_purges":1,"victory":false,"max_hp_per_floor":[75,75,76,77,77,85,85,86,86,86,86,87,88,89,89,90,90,91,92,92,92,93,93,94,94,94,95,96,96,96,97,97,97],"card_choices":[{"not_picked":["Machine Learning","Multi-Cast"],"picked":"Rainbow","floor":0},{"not_picked":["Beam Cell","Gash"],"picked":"Glacier","floor":1},{"not_picked":["White Noise","Stack"],"picked":"BootSequence","floor":3},{"not_picked":["Sunder","Beam Cell"],"picked":"Auto Shields","floor":4},{"not_picked":["Chill","Sweeping Beam"],"picked":"Conserve Battery","floor":6},{"not_picked":["Leap","Hologram"],"picked":"Ball Lightning","floor":8},{"not_picked":["Compile Driver","Steam"],"picked":"Melter","floor":12},{"not_picked":["Streamline","Beam Cell"],"picked":"Rainbow","floor":13},{"not_picked":["Turbo","Gash"],"picked":"FTL","floor":14},{"not_picked":["Core Surge","Meteor Strike"],"picked":"Seek","floor":16},{"not_picked":["Conserve Battery","Compile Driver+1"],"picked":"Coolheaded","floor":18},{"not_picked":["Compile Driver","FTL"],"picked":"Aggregate+1","floor":19},{"not_picked":["Skim","Beam Cell"],"picked":"White Noise","floor":22},{"not_picked":["Turbo","Beam Cell"],"picked":"Redo","floor":24},{"not_picked":["Hologram","Turbo"],"picked":"Rebound","floor":27},{"not_picked":["Cold Snap+1","White Noise"],"picked":"Loop","floor":28},{"not_picked":["Sunder","Conserve Battery+1"],"picked":"Leap","floor":31}],"player_experience":322240,"relics_obtained":[{"floor":5,"key":"Cables"},{"floor":6,"key":"Strawberry"},{"floor":12,"key":"Letter Opener"},{"floor":24,"key":"Dodecahedron"},{"floor":26,"key":"Bottled Flame"}],"event_choices":[{"damage_healed":0,"gold_gain":0,"player_choice":"Trade","damage_taken":0,"relics_obtained":["FaceOfCleric"],"max_hp_gain":0,"max_hp_loss":0,"event_name":"FaceTrader","floor":2,"gold_loss":0},{"damage_healed":0,"gold_gain":0,"player_choice":"Joined the Cult","damage_taken":6,"max_hp_gain":0,"max_hp_loss":0,"event_name":"Nest","floor":21,"gold_loss":0,"cards_obtained":["RitualDagger"]},{"damage_healed":0,"gold_gain":0,"player_choice":"Inject Mutagens","damage_taken":0,"relics_obtained":["MutagenicStrength"],"max_hp_gain":0,"max_hp_loss":0,"event_name":"Drug Dealer","floor":29,"gold_loss":0}],"is_beta":false,"boss_relics":[{"not_picked":["Calling Bell","Astrolabe"],"picked":"Lizard Tail"}],"items_purged_floors":[11],"is_endless":false,"potions_floor_spawned":[3,4,8,14,24,31],"killed_by":"Automaton","ascension_level":1}