{"gold_per_floor":[113,127,77,91,107,135,149,149,149,149,165,181,200,211,211,211],"floor_reached":16,"playtime":803,"items_purged":[],"score":108,"play_id":"b6a8cfd5-e826-47b1-a9e1-103f777ad2fb","local_time":"20190228223738","is_ascension_mode":false,"campfire_choices":[{"data":"Armaments","floor":8,"key":"SMITH"},{"data":"Fiend Fire","floor":10,"key":"SMITH"},{"data":"Barricade","floor":15,"key":"SMITH"}],"neow_cost":"NONE","seed_source_timestamp":710410928251739,"circlet_count":0,"master_deck":["Strike_R","Strike_R","Strike_R","Strike_R","Defend_R","Defend_R","Defend_R","Defend_R","Bash","Fiend Fire+1","Armaments+1","Clothesline","Corruption","Uppercut","Barricade+1","Dropkick","Spot Weakness"],"relics":["Burning Blood","Orichalcum","Self Forming Clay"],"potions_floor_usage":[12],"damage_taken":[{"damage":6,"enemies":"Jaw Worm","floor":1,"turns":3},{"damage":0,"enemies":"Small Slimes","floor":2,"turns":3},{"damage":0,"enemies":"2 Louse","floor":4,"turns":4},{"damage":4,"enemies":"Blue Slaver","floor":5,"turns":4},{"damage":62,"enemies":"3 Sentries","floor":6,"turns":13},{"damage":7,"enemies":"3 Louse","floor":7,"turns":5},{"damage":0,"enemies":"Red Slaver","floor":11,"turns":3},{"damage":5,"enemies":"2 Fungi Beasts","floor":12,"turns":5},{"damage":5,"enemies":"Looter","floor":13,"turns":3},{"damage":10,"enemies":"Large Slime","floor":14,"turns":3},{"damage":27,"enemies":"Hexaghost","floor":16,"turns":9}],"seed_played":"-1542422051064191583","potions_obtained":[{"floor":5,"key":"GamblersBrew"},{"floor":7,"key":"Explosive Potion"},{"floor":11,"key":"SteroidPotion"},{"floor":13,"key":"FearPotion"}],"is_trial":false,"path_per_floor":["M","M","?","M","M","E","M","R","T","R","M","M","M","M","R","B"],"character_chosen":"IRONCLAD","items_purchased":[],"campfire_rested":0,"item_purchase_floors":[],"current_hp_per_floor":[80,80,80,80,80,24,23,23,23,23,29,30,31,27,27,0],"gold":211,"neow_bonus":"ONE_RANDOM_RARE_CARD","is_prod":false,"is_daily":false,"chose_seed":false,"campfire_upgraded":3,"win_rate":0,"timestamp":1551422258,"path_taken":["M","M","?","M","M","E","M","R","T","R","M","M","M","M","R","BOSS"],"build_version":"2019-01-23","purchased_purges":0,"victory":false,"max_hp_per_floor":[80,80,80,80,80,80,80,80,80,80,80,80,80,80,80,80],"card_choices":[{"not_picked":["True Grit","Cleave"],"picked":"Armaments","floor":1},{"not_picked":["Clothesline","Warcry","Infernal Blade"],"picked":"SKIP","floor":2},{"not_picked":["Wild Strike","Anger"],"picked":"Clothesline","floor":4},{"not_picked":["Heavy Blade","Iron Wave"],"picked":"Corruption","floor":5},{"not_picked":["Wild Strike","Pommel Strike"],"picked":"Uppercut","floor":6},{"not_picked":["Pommel Strike","Fire Breathing","Body Slam"],"picked":"SKIP","floor":7},{"not_picked":["Blood for Blood","Burning Pact"],"picked":"Barricade","floor":11},{"not_picked":["Cleave","Wild Strike"],"picked":"Dropkick","floor":12},{"not_picked":["Warcry","Combust"],"picked":"Spot Weakness","floor":13},{"not_picked":["Pommel Strike","Wild Strike","Combust"],"picked":"SKIP","floor":14}],"player_experience":462630,"relics_obtained":[{"floor":6,"key":"Orichalcum"},{"floor":9,"key":"Self Forming Clay"}],"event_choices":[{"cards_removed":["Strike_R"],"damage_healed":0,"gold_gain":0,"player_choice":"Card Removal","damage_taken":0,"max_hp_gain":0,"max_hp_loss":0,"event_name":"The Cleric","floor":3,"gold_loss":50}],"is_beta":false,"boss_relics":[],"items_purged_floors":[],"is_endless":false,"potions_floor_spawned":[5,7,11,13],"killed_by":"Hexaghost","ascension_level":0}