{"gold_per_floor":[119,119,119,137,155,209,37,37,119,133,308,642,655,655,655,758,758,769,769,781,32,46,46],"floor_reached":23,"playtime":722,"items_purged":["Defend_B"],"score":210,"play_id":"3e882dd0-3fca-43ca-81ef-b9ff307546ff","local_time":"20190331211827","is_ascension_mode":true,"campfire_choices":[{"data":"Enlightenment","floor":8,"key":"SMITH"},{"floor":15,"key":"REST"}],"neow_cost":"NONE","seed_source_timestamp":1119089631334309,"circlet_count":0,"master_deck":["Strike_B","Strike_B","Defend_B","Defend_B","Zap","Dualcast","BootSequence","Capacitor","Conserve Battery","Enlightenment+1","Defragment","Loop","Defragment","Cold Snap","Thunder Strike","Streamline","Writhe","Conserve Battery","Violence","Forethought","Defragment","Auto Shields","Streamline","Rebound"],"relics":["Cracked Core","NeowsBlessing","DataDisk","Old Coin","Empty Cage","ClockworkSouvenir"],"potions_floor_usage":[10,16,16,16,16,22,23],"damage_taken":[{"damage":0,"enemies":"Jaw Worm","floor":1,"turns":1},{"damage":0,"enemies":"Small Slimes","floor":4,"turns":1},{"damage":0,"enemies":"Cultist","floor":5,"turns":1},{"damage":14,"enemies":"Exordium Thugs","floor":10,"turns":4},{"damage":44,"enemies":"Lagavulin","floor":12,"turns":6},{"damage":2,"enemies":"Looter","floor":13,"turns":3},{"damage":30,"enemies":"Hexaghost","floor":16,"turns":14},{"damage":14,"enemies":"Chosen","floor":18,"turns":6},{"damage":33,"enemies":"Spheric Guardian","floor":20,"turns":6},{"damage":20,"enemies":"Snecko","floor":22,"turns":7},{"damage":9,"enemies":"Book of Stabbing","floor":23,"turns":3}],"seed_played":"3814112394347560285","potions_obtained":[{"floor":5,"key":"Explosive Potion"},{"floor":12,"key":"Ancient Potion"},{"floor":13,"key":"EntropicBrew"},{"floor":22,"key":"Fire Potion"}],"is_trial":false,"path_per_floor":["M","?","?","M","M","T","$","R","T","M","?","E","M","?","R","B",null,"M","?","M","$","M","E"],"character_chosen":"DEFECT","items_purchased":["Enlightenment","Defragment","Violence","Forethought","ClockworkSouvenir","Defragment","Auto Shields","Streamline","SkillPotion"],"campfire_rested":1,"item_purchase_floors":[7,7,21,21,21,21,21,21,21],"current_hp_per_floor":[75,68,68,68,68,68,68,68,68,54,54,10,8,26,48,18,75,61,61,28,28,8,0],"gold":46,"neow_bonus":"THREE_ENEMY_KILL","is_prod":false,"is_daily":false,"chose_seed":false,"campfire_upgraded":1,"win_rate":0,"timestamp":1554092307,"path_taken":["M","?","?","?","M","?","$","R","T","M","?","E","M","?","R","BOSS","M","?","M","$","?","E"],"build_version":"2019-01-23","purchased_purges":1,"victory":false,"max_hp_per_floor":[75,75,75,75,75,75,75,75,75,75,75,75,75,75,75,75,75,75,72,72,72,72,72],"card_choices":[{"not_picked":["Sweeping Beam","Reprogram"],"picked":"BootSequence","floor":1},{"not_picked":["Redo","Beam Cell"],"picked":"Capacitor","floor":4},{"not_picked":["Scrape","Chill"],"picked":"Conserve Battery","floor":5},{"not_picked":["Steam","Tempest"],"picked":"Loop","floor":10},{"not_picked":["Cold Snap","Recycle"],"picked":"Defragment","floor":12},{"not_picked":["Stack","Turbo"],"picked":"Cold Snap","floor":13},{"not_picked":["Amplify","Core Surge"],"picked":"Thunder Strike","floor":16},{"not_picked":["Loop","Barrage+1"],"picked":"Streamline","floor":18},{"not_picked":["Go for the Eyes","Gash+1"],"picked":"Conserve Battery","floor":20},{"not_picked":["Recycle","Turbo"],"picked":"Rebound","floor":22}],"player_experience":383266,"relics_obtained":[{"floor":6,"key":"DataDisk"},{"floor":12,"key":"Old Coin"}],"event_choices":[{"cards_removed":["Strike_B"],"damage_healed":0,"gold_gain":0,"player_choice":"Card Removal","damage_taken":7,"max_hp_gain":0,"max_hp_loss":0,"event_name":"Golden Wing","floor":2,"gold_loss":0},{"cards_removed":["Defend_B"],"damage_healed":0,"gold_gain":0,"player_choice":"Purged","damage_taken":0,"max_hp_gain":0,"max_hp_loss":0,"event_name":"Purifier","floor":3,"gold_loss":0},{"damage_healed":0,"gold_gain":175,"player_choice":"AGREE","damage_taken":0,"max_hp_gain":0,"max_hp_loss":0,"event_name":"Liars Game","floor":11,"gold_loss":0,"cards_obtained":["Doubt"]},{"damage_healed":18,"gold_gain":0,"player_choice":"Healed and dodged fight","damage_taken":0,"max_hp_gain":0,"max_hp_loss":0,"event_name":"Mushrooms","floor":14,"gold_loss":0,"cards_obtained":["Parasite"]},{"damage_healed":0,"gold_gain":0,"cards_transformed":["Parasite"],"player_choice":"Transformed","damage_taken":0,"max_hp_gain":0,"max_hp_loss":0,"event_name":"Transmorgrifier","floor":19,"gold_loss":0,"cards_obtained":["Writhe"]}],"is_beta":false,"boss_relics":[{"not_picked":["Sozu","Coffee Dripper"],"picked":"Empty Cage"}],"items_purged_floors":[21],"is_endless":false,"potions_floor_spawned":[5,12,13,22],"killed_by":"Book of Stabbing","ascension_level":2}