{"gold_per_floor":[110,127,127,143,3,31,31,58,58,83,53,53,87,107,107,107],"floor_reached":16,"playtime":1137,"items_purged":[],"score":173,"play_id":"76fe2367-1714-41ac-bbb5-0ea0f7477327","local_time":"20190417200439","is_ascension_mode":true,"campfire_choices":[{"floor":7,"key":"REST"},{"floor":12,"key":"REST"},{"data":"Armaments","floor":15,"key":"SMITH"}],"neow_cost":"NONE","seed_source_timestamp":4844400897153,"circlet_count":0,"master_deck":["Strike_R","Strike_R","Strike_R","Strike_R","Strike_R","Defend_R","Defend_R","Defend_R","Defend_R","Bash","Bloodletting","Flame Barrier+1","Clothesline","Reaper","Immolate","Metallicize","Shrug It Off","Armaments+1"],"relics":["Burning Blood","WingedGreaves","Charon\u0027s Ashes","Calipers","Magic Flower","Meat on the Bone"],"potions_floor_usage":[16,16,16],"damage_taken":[{"damage":1,"enemies":"Cultist","floor":1,"turns":4},{"damage":5,"enemies":"Jaw Worm","floor":2,"turns":3},{"damage":3,"enemies":"2 Louse","floor":4,"turns":3},{"damage":42,"enemies":"Lagavulin","floor":6,"turns":8},{"damage":21,"enemies":"Gremlin Nob","floor":8,"turns":4},{"damage":24,"enemies":"3 Sentries","floor":10,"turns":5},{"damage":11,"enemies":"Looter","floor":11,"turns":4},{"damage":33,"enemies":"Lagavulin","floor":13,"turns":6},{"damage":1,"enemies":"2 Fungi Beasts","floor":14,"turns":2},{"damage":73,"enemies":"Slime Boss","floor":16,"turns":12}],"seed_played":"-1267452896850295737","potions_obtained":[{"floor":8,"key":"Swift Potion"},{"floor":10,"key":"SpeedPotion"},{"floor":14,"key":"Poison Potion"}],"is_trial":false,"path_per_floor":["?","M"],"character_chosen":"IRONCLAD","items_purchased":["Reaper"],"campfire_rested":2,"item_purchase_floors":[5],"current_hp_per_floor":[85,86,86,88,88,56,82,71,71,53,51,77,53,61,61,0],"gold":107,"neow_bonus":"TEN_PERCENT_HP_BONUS","is_prod":false,"is_daily":false,"chose_seed":false,"campfire_upgraded":1,"win_rate":0,"timestamp":1555553079,"path_taken":["M","M","?","M","$","E","R","E","T","E","?","R","E","M","R","BOSS"],"build_version":"2019-01-23","purchased_purges":0,"victory":false,"max_hp_per_floor":[88,88,88,88,88,88,88,88,88,88,88,88,88,88,88,88],"card_choices":[{"not_picked":["Warcry","Flex"],"picked":"Bloodletting","floor":1},{"not_picked":["Pommel Strike","Dropkick"],"picked":"Flame Barrier","floor":2},{"not_picked":["Havoc","Thunderclap"],"picked":"Clothesline","floor":4},{"not_picked":["Feel No Pain","Warcry"],"picked":"Immolate","floor":6},{"not_picked":["Combust","Twin Strike"],"picked":"Metallicize","floor":8},{"not_picked":["Bludgeon","Wild Strike","Headbutt"],"picked":"SKIP","floor":10},{"not_picked":["Cleave","Carnage"],"picked":"Shrug It Off","floor":11},{"not_picked":["Thunderclap","Clothesline"],"picked":"Armaments","floor":13},{"not_picked":["Rage","Havoc","Pommel Strike"],"picked":"SKIP","floor":14}],"player_experience":564602,"relics_obtained":[{"floor":6,"key":"WingedGreaves"},{"floor":8,"key":"Charon\u0027s Ashes"},{"floor":9,"key":"Calipers"},{"floor":10,"key":"Magic Flower"},{"floor":13,"key":"Meat on the Bone"}],"event_choices":[{"damage_healed":0,"gold_gain":0,"player_choice":"Upgraded","damage_taken":0,"max_hp_gain":0,"max_hp_loss":0,"event_name":"Upgrade Shrine","floor":3,"gold_loss":0,"cards_upgraded":["Flame Barrier"]}],"is_beta":false,"boss_relics":[],"items_purged_floors":[],"is_endless":false,"potions_floor_spawned":[8,10,14],"killed_by":"Slime Boss","ascension_level":7}