{"gold_per_floor":[111,186,186,196,196,196,223,223,273,273,291,10,21,31,31,31],"floor_reached":16,"playtime":540,"items_purged":[],"score":190,"play_id":"0404d810-ddd6-4c12-a3b0-fa79c26804b6","local_time":"20190902064106","is_ascension_mode":true,"campfire_choices":[{"data":"Hyperbeam","floor":6.0,"key":"SMITH"},{"data":"White Noise","floor":8.0,"key":"SMITH"},{"data":"Conserve Battery","floor":10.0,"key":"SMITH"},{"floor":15,"key":"REST"}],"neow_cost":"TEN_PERCENT_HP_LOSS","seed_source_timestamp":1303374962474403,"circlet_count":0,"master_deck":["AscendersBane","Strike_B","Strike_B","Strike_B","Strike_B","Defend_B","Defend_B","Defend_B","Defend_B","Zap","Dualcast","Hyperbeam+1","White Noise+1","Conserve Battery+1","Streamline","Meteor Strike"],"special_seed":0,"relics":["Cracked Core","CultistMask","Bag of Marbles","Centennial Puzzle","Blue Candle"],"potions_floor_usage":[13],"damage_taken":[{"damage":7.0,"enemies":"Small Slimes","floor":1.0,"turns":2.0},{"damage":3.0,"enemies":"Jaw Worm","floor":4.0,"turns":3.0},{"damage":31.0,"enemies":"Gremlin Nob","floor":7.0,"turns":4.0},{"damage":0,"enemies":"Cultist","floor":11,"turns":3},{"damage":5,"enemies":"Large Slime","floor":13,"turns":3},{"damage":0,"enemies":"Looter","floor":14,"turns":1},{"damage":19,"enemies":"Hexaghost","floor":16,"turns":7}],"seed_played":"-8984628062476929212","potions_obtained":[{"floor":1.0,"key":"EssenceOfSteel"},{"floor":7.0,"key":"SteroidPotion"},{"floor":11,"key":"AttackPotion"}],"is_trial":false,"path_per_floor":["M","?","?","M","?","R","E","R","T","R","M","$","M","M","R","B"],"character_chosen":"DEFECT","items_purchased":["Blue Candle"],"campfire_rested":1,"item_purchase_floors":[12],"current_hp_per_floor":[57,46,46,43,64,64,33,33,33,33,33,33,28,28,47,28],"gold":31,"neow_bonus":"THREE_RARE_CARDS","is_prod":false,"is_daily":false,"chose_seed":false,"campfire_upgraded":3,"win_rate":0,"timestamp":1567424466,"path_taken":["M","?","?","?","?","R","E","R","T","R","M","$","M","M","R","BOSS"],"build_version":"2019-07-17","purchased_purges":0,"victory":false,"max_hp_per_floor":[64,64,64,64,64,64,64,64,64,64,64,64,64,64,64,64],"card_choices":[{"not_picked":["Core Surge","Biased Cognition"],"picked":"Hyperbeam","floor":0.0},{"not_picked":["Force Field","Aggregate"],"picked":"White Noise","floor":1.0},{"not_picked":["Tempest","Compile Driver","Stack"],"picked":"SKIP","floor":4.0},{"not_picked":["Aggregate","Turbo"],"picked":"Conserve Battery","floor":7.0},{"not_picked":["Leap","Coolheaded"],"picked":"Streamline","floor":11},{"not_picked":["Compile Driver","Barrage","Redo"],"picked":"SKIP","floor":13},{"not_picked":["Barrage","Sunder"],"picked":"Meteor Strike","floor":14}],"player_experience":1047307,"relics_obtained":[{"floor":7.0,"key":"Bag of Marbles"},{"floor":9.0,"key":"Centennial Puzzle"}],"event_choices":[{"damage_healed":0.0,"max_hp_gain":0.0,"max_hp_loss":0.0,"gold_gain":75.0,"event_name":"World of Goop","player_choice":"Gather Gold","floor":2.0,"gold_loss":0.0,"damage_taken":11.0},{"damage_healed":0.0,"max_hp_gain":0.0,"max_hp_loss":0.0,"gold_gain":0.0,"event_name":"FaceTrader","player_choice":"Trade","floor":3.0,"gold_loss":0.0,"damage_taken":0.0,"relics_obtained":["CultistMask"]},{"damage_healed":21.0,"max_hp_gain":0.0,"max_hp_loss":0.0,"gold_gain":0.0,"event_name":"Big Fish","player_choice":"Banana","floor":5.0,"gold_loss":0.0,"damage_taken":0.0}],"is_beta":false,"boss_relics":[],"items_purged_floors":[],"is_endless":false,"potions_floor_spawned":[1,7,11],"killed_by":"Hexaghost","ascension_level":18}