{"gold_per_floor":[110,110,13,13,31,60,60,60,107,107,117,133,133,143,143,222,222,238,418,23,42,42,42,42],"floor_reached":24,"playtime":1063,"items_purged":[],"score":383,"play_id":"8f533b66-4ef3-41ac-a07e-10dfe66297a3","local_time":"20190831202234","is_ascension_mode":true,"campfire_choices":[{"data":"Undo","floor":8.0,"key":"SMITH"},{"data":"Static Discharge","floor":10.0,"key":"SMITH"},{"data":"Auto Shields","floor":13.0,"key":"SMITH"},{"floor":15.0,"key":"REST"},{"floor":23,"key":"REST"}],"neow_cost":"NONE","seed_source_timestamp":1250274575727727,"circlet_count":0,"master_deck":["AscendersBane","Strike_B","Strike_B+1","Strike_B+1","Defend_B","Defend_B","Defend_B+1","Defend_B","Zap","Dualcast","Heatsinks","Capacitor","Ball Lightning+1","Undo+1","Static Discharge+1","Auto Shields+1","Sunder","Machine Learning","Undo"],"special_seed":0,"relics":["Cracked Core","NeowsBlessing","Potion Belt","Whetstone","Busted Crown","DataDisk","Question Card"],"potions_floor_usage":[24,24],"damage_taken":[{"damage":0.0,"enemies":"Small Slimes","floor":1.0,"turns":1.0},{"damage":0.0,"enemies":"Cultist","floor":5.0,"turns":1.0},{"damage":0.0,"enemies":"3 Sentries","floor":6.0,"turns":1.0},{"damage":7.0,"enemies":"2 Louse","floor":11.0,"turns":2.0},{"damage":2.0,"enemies":"Looter","floor":12.0,"turns":4.0},{"damage":13.0,"enemies":"Exordium Wildlife","floor":14.0,"turns":3.0},{"damage":39.0,"enemies":"Slime Boss","floor":16.0,"turns":11.0},{"damage":10.0,"enemies":"Spheric Guardian","floor":18.0,"turns":5.0},{"damage":17,"enemies":"Shell Parasite","floor":21,"turns":5},{"damage":31,"enemies":"Gremlin Leader","floor":24,"turns":6}],"seed_played":"-8492409140001245498","potions_obtained":[{"floor":5.0,"key":"LiquidBronze"},{"floor":11.0,"key":"Strength Potion"},{"floor":14.0,"key":"SkillPotion"},{"floor":16.0,"key":"Weak Potion"},{"floor":18.0,"key":"Energy Potion"},{"floor":21,"key":"EssenceOfSteel"}],"is_trial":false,"path_per_floor":["M","?","$","?","M","E","?","R","T","R","M","M","R","M","R","B",null,"M","?","$","M","$","R","E"],"character_chosen":"DEFECT","items_purchased":["Capacitor","Ball Lightning","DataDisk","Question Card"],"campfire_rested":2,"item_purchase_floors":[3,3,20,20],"current_hp_per_floor":[64,64,64,43,43,43,43,43,43,43,36,34,34,21,42,3,54,44,23,23,6,6,27,0],"gold":42,"neow_bonus":"THREE_ENEMY_KILL","is_prod":false,"is_daily":false,"chose_seed":false,"campfire_upgraded":3,"win_rate":0,"timestamp":1567300954,"path_taken":["M","?","$","?","M","E","?","R","T","R","M","M","R","M","R","BOSS","M","?","$","M","$","R","E"],"build_version":"2019-07-17","purchased_purges":0,"victory":false,"max_hp_per_floor":[71,71,71,71,71,71,71,71,71,71,71,71,71,71,71,71,71,71,71,71,71,71,71,71],"card_choices":[{"not_picked":["Go for the Eyes","Barrage"],"picked":"Heatsinks","floor":1.0},{"not_picked":["Sweeping Beam","Doom and Gloom"],"picked":"Undo","floor":5.0},{"not_picked":["Lockon","Stack"],"picked":"Static Discharge","floor":6.0},{"not_picked":["Steam","Barrage","Gash"],"picked":"SKIP","floor":11.0},{"not_picked":["Turbo","Lockon"],"picked":"Auto Shields","floor":12.0},{"not_picked":["Force Field","Scrape"],"picked":"Sunder","floor":14.0},{"not_picked":["Reboot","Fission"],"picked":"Machine Learning","floor":16.0},{"not_picked":["Sweeping Beam"],"picked":"SKIP","floor":18.0},{"not_picked":["Rebound"],"picked":"Undo","floor":21}],"player_experience":1021586,"relics_obtained":[{"floor":6.0,"key":"Potion Belt"},{"floor":9.0,"key":"Whetstone"}],"event_choices":[{"cards_removed":["Strike_B"],"damage_healed":0.0,"max_hp_gain":0.0,"max_hp_loss":0.0,"gold_gain":0.0,"event_name":"Living Wall","player_choice":"Forget","floor":2.0,"gold_loss":0.0,"damage_taken":0.0},{"damage_healed":0.0,"max_hp_gain":0.0,"max_hp_loss":0.0,"gold_gain":0.0,"event_name":"Shining Light","player_choice":"Entered Light","floor":4.0,"gold_loss":0.0,"damage_taken":21.0,"cards_upgraded":["Strike_B","Defend_B"]},{"damage_healed":0.0,"max_hp_gain":0.0,"max_hp_loss":0.0,"gold_gain":0.0,"event_name":"Liars Game","player_choice":"Ignored","floor":7.0,"gold_loss":0.0,"damage_taken":0.0},{"damage_healed":0,"gold_gain":180,"player_choice":"GOLD GOLD ","damage_taken":21,"max_hp_gain":0,"max_hp_loss":0,"event_name":"Knowing Skull","floor":19,"potions_obtained":[],"gold_loss":0,"cards_obtained":[]}],"is_beta":false,"boss_relics":[{"not_picked":["Velvet Choker","FrozenCore"],"picked":"Busted Crown"}],"items_purged_floors":[],"is_endless":false,"potions_floor_spawned":[5,11,14,16,18,21],"killed_by":"Gremlin Leader","ascension_level":15}