{"gold_per_floor":[111,36,47,66,78,104,104,134,160,160,160,235,251,40,40,117,117,117,117,117,77,77],"floor_reached":22,"playtime":967,"items_purged":["Defend_R"],"score":456,"play_id":"1df40c23-f137-45cc-9e2d-0fb214cd1b46","local_time":"20190908180541","is_ascension_mode":true,"campfire_choices":[{"floor":7.0,"key":"REST"},{"data":"Pommel Strike","floor":10.0,"key":"SMITH"},{"data":"Heavy Blade","floor":15.0,"key":"SMITH"}],"neow_cost":"NONE","seed_source_timestamp":178736898390780,"circlet_count":0,"master_deck":["AscendersBane","Strike_R","Strike_R","Strike_R","Defend_R","Defend_R","Defend_R","Bash","Heavy Blade+1","Pommel Strike+1","Demon Form","Shrug It Off","Impervious","Ghostly Armor","Reaper","Clothesline+1"],"special_seed":0,"relics":["Burning Blood","Regal Pillow","Lantern","Ectoplasm"],"potions_floor_usage":[21],"damage_taken":[{"damage":2.0,"enemies":"Cultist","floor":1.0,"turns":4.0},{"damage":18.0,"enemies":"Small Slimes","floor":3.0,"turns":5.0},{"damage":4.0,"enemies":"2 Louse","floor":4.0,"turns":4.0},{"damage":16.0,"enemies":"Looter","floor":5.0,"turns":4.0},{"damage":32.0,"enemies":"Gremlin Nob","floor":6.0,"turns":4.0},{"damage":0.0,"enemies":"Large Slime","floor":13.0,"turns":4.0},{"damage":0.0,"enemies":"Slime Boss","floor":16.0,"turns":6.0},{"damage":11.0,"enemies":"Chosen","floor":18.0,"turns":5.0},{"damage":14,"enemies":"2 Thieves","floor":21,"turns":4},{"damage":65,"enemies":"Sentry and Sphere","floor":22,"turns":8}],"seed_played":"9112207710100542809","potions_obtained":[{"floor":1.0,"key":"Fire Potion"},{"floor":5.0,"key":"SpeedPotion"},{"floor":6.0,"key":"Strength Potion"},{"floor":13.0,"key":"EssenceOfSteel"},{"floor":18.0,"key":"Explosive Potion"},{"floor":21,"key":"Block Potion"}],"is_trial":false,"path_per_floor":["M","$","M","M","M","E","R","?","T","R","?","?","M","$","R","B",null,"M","$","?","M","M"],"character_chosen":"IRONCLAD","items_purchased":["Demon Form","Shrug It Off"],"campfire_rested":1,"item_purchase_floors":[14,14],"current_hp_per_floor":[72,72,60,62,52,26,63,63,63,63,56,45,51,51,51,57,71,66,66,66,58,0],"gold":77,"neow_bonus":"REMOVE_CARD","is_prod":false,"is_daily":false,"chose_seed":false,"campfire_upgraded":2,"win_rate":0,"timestamp":1567983941,"path_taken":["M","$","M","?","M","E","R","?","T","R","?","?","M","$","R","BOSS","M","$","?","?","M"],"build_version":"2019-07-17","purchased_purges":1,"victory":false,"max_hp_per_floor":[75,75,75,75,75,75,75,75,75,75,75,75,75,75,75,75,75,75,75,75,75,75],"card_choices":[{"not_picked":["Power Through","Metallicize"],"picked":"Heavy Blade","floor":1.0},{"not_picked":["Seeing Red","Clothesline","Whirlwind"],"picked":"SKIP","floor":3.0},{"not_picked":["Rupture","Blood for Blood"],"picked":"Pommel Strike","floor":4.0},{"not_picked":["Intimidate","Cleave","Disarm"],"picked":"SKIP","floor":5.0},{"not_picked":["Sword Boomerang","Clothesline","Pommel Strike"],"picked":"SKIP","floor":6.0},{"not_picked":["Thunderclap","Feel No Pain","Twin Strike"],"picked":"SKIP","floor":13.0},{"not_picked":["Fiend Fire","Barricade"],"picked":"Impervious","floor":16.0},{"not_picked":["Anger","Fire Breathing"],"picked":"Ghostly Armor","floor":18.0},{"not_picked":["Evolve+1","Twin Strike"],"picked":"Clothesline+1","floor":21}],"player_experience":1147608,"relics_obtained":[{"floor":6.0,"key":"Regal Pillow"},{"floor":9.0,"key":"Lantern"}],"event_choices":[{"damage_healed":0.0,"max_hp_gain":0.0,"max_hp_loss":0.0,"gold_gain":30.0,"event_name":"Dead Adventurer","player_choice":"Searched \u00271\u0027 times","floor":8.0,"gold_loss":0.0,"damage_taken":0.0},{"cards_removed":["Strike_R"],"damage_healed":0.0,"max_hp_gain":0.0,"max_hp_loss":0.0,"gold_gain":0.0,"event_name":"Golden Wing","player_choice":"Card Removal","floor":11.0,"gold_loss":0.0,"damage_taken":7.0},{"damage_healed":0.0,"max_hp_gain":0.0,"max_hp_loss":0.0,"gold_gain":75.0,"event_name":"World of Goop","player_choice":"Gather Gold","floor":12.0,"gold_loss":0.0,"damage_taken":11.0},{"damage_healed":0.0,"max_hp_gain":0.0,"max_hp_loss":0.0,"gold_gain":0.0,"event_name":"Match and Keep!","player_choice":"1 cards matched","floor":20.0,"gold_loss":0.0,"damage_taken":0.0,"cards_obtained":["Reaper"]}],"is_beta":false,"boss_relics":[{"not_picked":["White Beast Statue","Calling Bell"],"picked":"Ectoplasm"}],"items_purged_floors":[2],"is_endless":false,"potions_floor_spawned":[1,5,6,13,18,21],"killed_by":"Sentry and Sphere","ascension_level":19}