{"gold_per_floor":[114,5,5,23,23,51,51,82,82,82,112,112,138,149,149,226,226,246,246,246,275,275,275,275],"floor_reached":24,"playtime":1427,"items_purged":[],"score":443,"play_id":"a66ad1b1-68f1-444a-9958-617712cc386c","local_time":"20190907222833","is_ascension_mode":true,"campfire_choices":[{"data":"Body Slam","floor":10.0,"key":"SMITH"},{"data":"True Grit","floor":12.0,"key":"SMITH"},{"data":"Juggernaut","floor":15.0,"key":"SMITH"},{"floor":23,"key":"REST"}],"neow_cost":"NONE","seed_source_timestamp":150970018999334,"circlet_count":0,"master_deck":["AscendersBane","Strike_R+1","Strike_R+1","Strike_R+1","Strike_R+1","Defend_R+1","Defend_R+1","Defend_R+1","Defend_R+1","Bash","Shrug It Off","Ghostly Armor","Body Slam+1","Shrug It Off","True Grit+1","Juggernaut+1","Barricade","Sentinel","Battle Trance","Shrug It Off+1","Body Slam"],"special_seed":0,"relics":["Burning Blood","NeowsBlessing","Oddly Smooth Stone","Dream Catcher","Lantern","Paper Frog","Juzu Bracelet","Happy Flower","Question Card","Runic Dome","Red Mask"],"potions_floor_usage":[21,21,24],"damage_taken":[{"damage":0.0,"enemies":"2 Louse","floor":1.0,"turns":1.0},{"damage":0.0,"enemies":"Jaw Worm","floor":4.0,"turns":1.0},{"damage":0.0,"enemies":"Gremlin Nob","floor":6.0,"turns":1.0},{"damage":38.0,"enemies":"Lagavulin","floor":8.0,"turns":8.0},{"damage":24.0,"enemies":"3 Sentries","floor":13.0,"turns":10.0},{"damage":0.0,"enemies":"Cultist","floor":14.0,"turns":3.0},{"damage":1.0,"enemies":"The Guardian","floor":16.0,"turns":8.0},{"damage":23.0,"enemies":"2 Thieves","floor":18.0,"turns":3.0},{"damage":39,"enemies":"Masked Bandits","floor":21,"turns":5},{"damage":43,"enemies":"Gremlin Leader","floor":24,"turns":4}],"seed_played":"-3425656524354809819","potions_obtained":[{"floor":4.0,"key":"Energy Potion"},{"floor":13.0,"key":"SpeedPotion"},{"floor":14.0,"key":"Ancient Potion"},{"floor":16.0,"key":"Poison Potion"},{"floor":21,"key":"Energy Potion"}],"is_trial":false,"path_per_floor":["M","$","?","M","?","E","T","E","T","R","?","R","E","M","R","B",null,"M","?","?","?","?","R","E"],"character_chosen":"IRONCLAD","items_purchased":["Ghostly Armor","Body Slam"],"campfire_rested":1,"item_purchase_floors":[2,2],"current_hp_per_floor":[74,74,69,75,75,75,75,43,43,43,43,43,25,31,31,36,65,48,48,44,11,11,33,0],"gold":275,"neow_bonus":"THREE_ENEMY_KILL","is_prod":false,"is_daily":false,"chose_seed":false,"campfire_upgraded":3,"win_rate":0,"timestamp":1567913313,"path_taken":["M","$","?","M","?","E","?","E","T","R","?","R","E","M","R","BOSS","M","?","?","?","?","R","E"],"build_version":"2019-07-17","purchased_purges":0,"victory":false,"max_hp_per_floor":[75,75,75,75,75,75,75,75,75,75,75,75,75,75,75,75,75,75,75,75,75,75,75,75],"card_choices":[{"not_picked":["Sentinel","Pommel Strike"],"picked":"Shrug It Off","floor":1.0},{"not_picked":["Clash","Corruption"],"picked":"Shrug It Off","floor":4.0},{"not_picked":["Clothesline","Clash"],"picked":"True Grit","floor":6.0},{"not_picked":["Carnage","Sentinel"],"picked":"Juggernaut","floor":8.0},{"not_picked":["Twin Strike","Inflame","Offering"],"picked":"SKIP","floor":13.0},{"not_picked":["Havoc","Infernal Blade","Evolve","Clothesline"],"picked":"SKIP","floor":14.0},{"not_picked":["Fiend Fire","Offering","Bludgeon"],"picked":"Barricade","floor":16.0},{"not_picked":["Havoc","Disarm","Infernal Blade"],"picked":"Sentinel","floor":18.0},{"not_picked":["Clothesline","Pommel Strike","Sword Boomerang"],"picked":"Shrug It Off+1","floor":21},{"not_picked":["Cleave","Pommel Strike","Uppercut"],"picked":"Body Slam","floor":23}],"player_experience":1134725,"relics_obtained":[{"floor":6.0,"key":"Dream Catcher"},{"floor":7.0,"key":"Lantern"},{"floor":8.0,"key":"Paper Frog"},{"floor":9.0,"key":"Juzu Bracelet"},{"floor":13.0,"key":"Question Card"},{"floor":21,"key":"Red Mask"}],"event_choices":[{"damage_healed":0.0,"max_hp_gain":0.0,"max_hp_loss":0.0,"gold_gain":0.0,"event_name":"Scrap Ooze","player_choice":"Success","floor":3.0,"gold_loss":0.0,"damage_taken":5.0,"relics_obtained":["Oddly Smooth Stone"]},{"damage_healed":0.0,"max_hp_gain":0.0,"max_hp_loss":0.0,"gold_gain":0.0,"event_name":"Liars Game","player_choice":"Ignored","floor":5.0,"gold_loss":0.0,"damage_taken":0.0},{"damage_healed":0.0,"max_hp_gain":0.0,"max_hp_loss":0.0,"gold_gain":30.0,"event_name":"Dead Adventurer","player_choice":"Searched \u00272\u0027 times","floor":11.0,"gold_loss":0.0,"damage_taken":0.0,"relics_obtained":["Happy Flower"]},{"damage_healed":0.0,"max_hp_gain":0.0,"max_hp_loss":0.0,"gold_gain":0.0,"cards_transformed":["Strike_R"],"event_name":"Transmorgrifier","player_choice":"Transformed","floor":19.0,"gold_loss":0.0,"damage_taken":0.0,"cards_obtained":["Battle Trance"]},{"damage_healed":0.0,"max_hp_gain":0.0,"max_hp_loss":0.0,"gold_gain":0.0,"event_name":"The Woman in Blue","player_choice":"Bought 0 Potions","floor":20.0,"gold_loss":0.0,"damage_taken":0.0},{"damage_healed":0,"gold_gain":0,"player_choice":"Fought Bandits","damage_taken":0,"max_hp_gain":0,"max_hp_loss":0,"event_name":"Masked Bandits","floor":21,"gold_loss":0},{"damage_healed":0,"gold_gain":0,"player_choice":"Simplicity","damage_taken":0,"max_hp_gain":0,"max_hp_loss":0,"event_name":"Back to Basics","floor":22,"gold_loss":0,"cards_upgraded":["Strike_R","Strike_R","Strike_R","Strike_R","Defend_R","Defend_R","Defend_R","Defend_R"]}],"is_beta":false,"boss_relics":[{"not_picked":["Eternal Feather","Tiny House"],"picked":"Runic Dome"}],"items_purged_floors":[],"is_endless":false,"potions_floor_spawned":[4,13,14,16,18,21],"killed_by":"Gremlin Leader","ascension_level":18}