{"gold_per_floor":[115,14,14,89,89,129,153,153,153,153],"floor_reached":10,"playtime":502,"items_purged":["Defend_G"],"score":106,"play_id":"6790a870-f7ad-4e33-9df7-4b6001d55fe2","local_time":"20190823220648","is_ascension_mode":true,"campfire_choices":[{"floor":8,"key":"REST"}],"neow_cost":"TEN_PERCENT_HP_LOSS","seed_source_timestamp":887399421166927,"circlet_count":0,"master_deck":["AscendersBane","Strike_G","Strike_G","Strike_G","Strike_G","Strike_G","Defend_G+1","Defend_G","Defend_G","Defend_G","Survivor","Neutralize","Leg Sweep+1","Quick Slash","Storm of Steel","Predator"],"special_seed":0,"relics":["Ring of the Snake","Nunchaku","Golden Idol","War Paint","Blue Candle"],"potions_floor_usage":[10],"damage_taken":[{"damage":0.0,"enemies":"Small Slimes","floor":1.0,"turns":3.0},{"damage":23.0,"enemies":"Gremlin Nob","floor":6.0,"turns":5.0},{"damage":0,"enemies":"2 Louse","floor":7,"turns":4},{"damage":35,"enemies":"3 Sentries","floor":10,"turns":5}],"seed_played":"-4932958879606688989","potions_obtained":[{"floor":7,"key":"Ancient Potion"}],"is_trial":false,"path_per_floor":["M","$","?","?","?","E","M","R","T","E"],"character_chosen":"THE_SILENT","items_purchased":["Quick Slash"],"campfire_rested":1,"item_purchase_floors":[2],"current_hp_per_floor":[63,63,68,57,40,17,17,37,37,2],"gold":153,"neow_bonus":"ONE_RARE_RELIC","is_prod":false,"is_daily":false,"chose_seed":false,"campfire_upgraded":0,"win_rate":0,"timestamp":1566616008,"path_taken":["M","$","?","?","?","E","M","R","T","E"],"build_version":"2019-07-17","purchased_purges":1,"victory":false,"max_hp_per_floor":[63,63,68,68,68,68,68,68,68,68],"card_choices":[{"not_picked":["Bane","PiercingWail"],"picked":"Leg Sweep","floor":1.0},{"not_picked":["Poisoned Stab","Acrobatics"],"picked":"Storm of Steel","floor":6.0},{"not_picked":["Distraction","Dodge and Roll"],"picked":"Predator","floor":7}],"player_experience":823772,"relics_obtained":[{"floor":6.0,"key":"War Paint"},{"floor":9,"key":"Blue Candle"}],"event_choices":[{"damage_healed":0.0,"max_hp_gain":5.0,"max_hp_loss":0.0,"gold_gain":0.0,"event_name":"Big Fish","player_choice":"Donut","floor":3.0,"gold_loss":0.0,"damage_taken":0.0},{"damage_healed":0.0,"max_hp_gain":0.0,"max_hp_loss":0.0,"gold_gain":75.0,"event_name":"World of Goop","player_choice":"Gather Gold","floor":4.0,"gold_loss":0.0,"damage_taken":11.0},{"damage_healed":0.0,"max_hp_gain":0.0,"max_hp_loss":0.0,"gold_gain":0.0,"event_name":"Golden Idol","player_choice":"Take Damage","floor":5.0,"gold_loss":0.0,"damage_taken":17.0,"relics_obtained":["Golden Idol"]}],"is_beta":false,"boss_relics":[],"items_purged_floors":[2],"is_endless":false,"potions_floor_spawned":[7],"killed_by":"3 Sentries","ascension_level":13}