{"gold_per_floor":[114,114,39,39,89,89,121,137,137,137,152,152,152,196,196,295,295,320,320,320,535,535,535,558,558,607,627,642,642,642,662,662,662],"floor_reached":33,"playtime":1814,"items_purged":["Defend_G"],"score":538,"play_id":"0dd1a289-a489-4a77-9600-8ed3562a8c6a","local_time":"20190829230959","is_ascension_mode":true,"campfire_choices":[{"data":"Neutralize","floor":6.0,"key":"SMITH"},{"data":"Noxious Fumes","floor":10.0,"key":"SMITH"},{"data":"Poisoned Stab","floor":12.0,"key":"SMITH"},{"floor":15.0,"key":"REST"},{"data":"Backflip","floor":23.0,"key":"SMITH"},{"data":"Envenom","floor":25.0,"key":"SMITH"},{"floor":29.0,"key":"REST"},{"floor":32.0,"key":"REST"}],"neow_cost":"NONE","seed_source_timestamp":1170355895458293,"circlet_count":0,"master_deck":["AscendersBane","Strike_G","Strike_G","Strike_G","Strike_G","Defend_G","Defend_G","Defend_G","Defend_G","Survivor","Neutralize+1","Noxious Fumes+1","Poisoned Stab+1","Corpse Explosion","Envenom+1","Acrobatics+1","Backflip+1","Crippling Poison+1","Clumsy","Injury"],"special_seed":0,"relics":["Ring of the Snake","NeowsBlessing","Boot","Calipers","Pear","Golden Idol","Gremlin Horn","Cursed Key","Old Coin","MutagenicStrength","Blood Vial","Pantograph"],"potions_floor_usage":[33,33],"damage_taken":[{"damage":0.0,"enemies":"Jaw Worm","floor":1.0,"turns":1.0},{"damage":0.0,"enemies":"3 Sentries","floor":7.0,"turns":1.0},{"damage":0.0,"enemies":"2 Louse","floor":8.0,"turns":1.0},{"damage":3.0,"enemies":"Small Slimes","floor":11.0,"turns":4.0},{"damage":10.0,"enemies":"Lagavulin","floor":14.0,"turns":6.0},{"damage":21.0,"enemies":"Hexaghost","floor":16.0,"turns":9.0},{"damage":19.0,"enemies":"Shell Parasite","floor":18.0,"turns":6.0},{"damage":10.0,"enemies":"Spheric Guardian","floor":24.0,"turns":5.0},{"damage":14.0,"enemies":"Shelled Parasite and Fungi","floor":27.0,"turns":8.0},{"damage":14.0,"enemies":"Centurion and Healer","floor":28.0,"turns":5.0},{"damage":13.0,"enemies":"Snecko","floor":31.0,"turns":5.0},{"damage":70,"enemies":"Collector","floor":33,"turns":7}],"seed_played":"-4933069846491955442","potions_obtained":[{"floor":1.0,"key":"PowerPotion"},{"floor":11.0,"key":"SpeedPotion"},{"floor":14.0,"key":"Weak Potion"},{"floor":18.0,"key":"SpeedPotion"},{"floor":28.0,"key":"PowerPotion"},{"floor":31.0,"key":"Ancient Potion"}],"is_trial":false,"path_per_floor":["M","?","$","?","?","R","E","M","T","R","M","R","?","E","R","B",null,"M","?","?","?","?","R","M","R","T","M","M","R","T","M","R","B"],"character_chosen":"THE_SILENT","items_purchased":[],"campfire_rested":3,"item_purchase_floors":[],"current_hp_per_floor":[59,52,52,41,35,35,35,35,45,45,42,42,42,32,52,31,60,41,41,41,41,41,41,31,31,31,19,7,27,27,16,36,0],"gold":662,"neow_bonus":"THREE_ENEMY_KILL","is_prod":false,"is_daily":false,"chose_seed":false,"campfire_upgraded":5,"win_rate":0,"timestamp":1567138199,"path_taken":["M","?","$","?","?","R","E","?","T","R","M","R","?","E","R","BOSS","M","?","?","?","?","R","M","R","T","?","M","R","?","M","R","BOSS"],"build_version":"2019-07-17","purchased_purges":1,"victory":false,"max_hp_per_floor":[66,66,66,66,66,66,66,66,76,76,76,76,69,69,69,69,69,69,69,69,69,69,69,69,69,69,69,69,69,69,69,69,69],"card_choices":[{"not_picked":["Slice","Dagger Throw"],"picked":"Noxious Fumes","floor":1.0},{"not_picked":["Flechettes","Acrobatics","Deadly Poison"],"picked":"SKIP","floor":7.0},{"not_picked":["Deadly Poison","Cloak And Dagger","Heel Hook"],"picked":"SKIP","floor":8.0},{"not_picked":["Deadly Poison","Dash"],"picked":"Poisoned Stab","floor":11.0},{"not_picked":["Quick Slash","Setup"],"picked":"Corpse Explosion","floor":14.0},{"not_picked":["Phantasmal Killer","Corpse Explosion"],"picked":"Envenom","floor":16.0},{"not_picked":["Underhanded Strike","Heel Hook"],"picked":"Acrobatics+1","floor":18.0},{"not_picked":["PiercingWail","Backflip"],"picked":"Crippling Poison+1","floor":24.0},{"not_picked":["Quick Slash","Dagger Throw","Deadly Poison"],"picked":"SKIP","floor":27.0},{"not_picked":["All Out Attack","Heel Hook","Quick Slash"],"picked":"SKIP","floor":28.0},{"not_picked":["Heel Hook","Accuracy","Outmaneuver"],"picked":"SKIP","floor":31.0}],"player_experience":988464,"relics_obtained":[{"floor":7.0,"key":"Calipers"},{"floor":9.0,"key":"Pear"},{"floor":14.0,"key":"Gremlin Horn"},{"floor":26.0,"key":"Blood Vial"},{"floor":30.0,"key":"Pantograph"}],"event_choices":[{"cards_removed":["Strike_G"],"damage_healed":0.0,"max_hp_gain":0.0,"max_hp_loss":0.0,"gold_gain":0.0,"event_name":"Golden Wing","player_choice":"Card Removal","floor":2.0,"gold_loss":0.0,"damage_taken":7.0},{"damage_healed":0.0,"max_hp_gain":0.0,"max_hp_loss":0.0,"gold_gain":0.0,"event_name":"Scrap Ooze","player_choice":"Success","floor":4.0,"gold_loss":0.0,"damage_taken":11.0,"relics_obtained":["Boot"]},{"damage_healed":0.0,"max_hp_gain":0.0,"max_hp_loss":0.0,"gold_gain":50.0,"event_name":"FaceTrader","player_choice":"Touch","floor":5.0,"gold_loss":0.0,"damage_taken":6.0},{"damage_healed":0.0,"max_hp_gain":0.0,"max_hp_loss":7.0,"gold_gain":0.0,"event_name":"Golden Idol","player_choice":"Lose Max HP","floor":13.0,"gold_loss":0.0,"damage_taken":0.0,"relics_obtained":["Golden Idol"]},{"damage_healed":0.0,"max_hp_gain":0.0,"max_hp_loss":0.0,"gold_gain":0.0,"event_name":"Cursed Tome","player_choice":"Ignored","floor":19.0,"gold_loss":0.0,"damage_taken":0.0},{"damage_healed":0.0,"max_hp_gain":0.0,"max_hp_loss":0.0,"gold_gain":0.0,"event_name":"The Library","player_choice":"Read","floor":20.0,"gold_loss":0.0,"damage_taken":0.0,"cards_obtained":["Backflip"]},{"damage_healed":0.0,"max_hp_gain":0.0,"max_hp_loss":0.0,"gold_gain":0.0,"event_name":"Addict","player_choice":"Obtained Relic","floor":21.0,"gold_loss":85.0,"damage_taken":0.0,"relics_obtained":["Old Coin"]},{"damage_healed":0.0,"max_hp_gain":0.0,"max_hp_loss":0.0,"gold_gain":0.0,"event_name":"Drug Dealer","player_choice":"Inject Mutagens","floor":22.0,"gold_loss":0.0,"damage_taken":0.0,"relics_obtained":["MutagenicStrength"]}],"is_beta":false,"boss_relics":[{"not_picked":["Ring of the Serpent","Busted Crown"],"picked":"Cursed Key"}],"items_purged_floors":[3],"is_endless":false,"potions_floor_spawned":[1,11,14,18,28,31],"killed_by":"Collector","ascension_level":19}