{"gold_per_floor":[17,17,34,34,46,46,62,76,103,118,144,144,201,225,225,225],"floor_reached":16,"playtime":1944,"items_purged":[],"score":207,"play_id":"31f0c80f-c0dd-4b2a-aa42-eddde79eb302","local_time":"20190828224111","is_ascension_mode":true,"campfire_choices":[{"data":"Leg Sweep","floor":6.0,"key":"SMITH"},{"floor":12.0,"key":"REST"},{"floor":15.0,"key":"REST"}],"neow_cost":"NO_GOLD","seed_source_timestamp":1116544591098475,"circlet_count":0,"master_deck":["AscendersBane","Strike_G+1","Strike_G+1","Strike_G","Strike_G","Defend_G","Defend_G+1","Defend_G","Survivor","Neutralize+1","Footwork","Leg Sweep+1","Dodge and Roll","Backflip","Blur"],"special_seed":0,"relics":["Ring of the Snake","Bronze Scales","Whetstone","Tiny Chest","Potion Belt"],"potions_floor_usage":[],"damage_taken":[{"damage":3.0,"enemies":"Small Slimes","floor":1.0,"turns":5.0},{"damage":2.0,"enemies":"Jaw Worm","floor":3.0,"turns":6.0},{"damage":0.0,"enemies":"Cultist","floor":5.0,"turns":4.0},{"damage":6.0,"enemies":"Exordium Thugs","floor":7.0,"turns":6.0},{"damage":4.0,"enemies":"Red Slaver","floor":8.0,"turns":5.0},{"damage":0.0,"enemies":"2 Fungi Beasts","floor":10.0,"turns":5.0},{"damage":16.0,"enemies":"Gremlin Nob","floor":11.0,"turns":6.0},{"damage":11.0,"enemies":"Lagavulin","floor":13.0,"turns":11.0},{"damage":36,"enemies":"Hexaghost","floor":16,"turns":16}],"seed_played":"-1487898741830345940","potions_obtained":[{"floor":1.0,"key":"Swift Potion"},{"floor":5.0,"key":"Strength Potion"},{"floor":8.0,"key":"Poison Potion"}],"is_trial":false,"path_per_floor":["M","?","M","?","M","R","M","M","T","M","E","R","E","T","R","B"],"character_chosen":"THE_SILENT","items_purchased":[],"campfire_rested":2,"item_purchase_floors":[],"current_hp_per_floor":[56,56,54,34,34,34,28,24,24,24,8,27,16,16,35,0],"gold":225,"neow_bonus":"REMOVE_TWO","is_prod":false,"is_daily":false,"chose_seed":false,"campfire_upgraded":1,"win_rate":0,"timestamp":1567050071,"path_taken":["M","?","M","?","M","R","M","?","T","?","E","R","E","?","R","BOSS"],"build_version":"2019-07-17","purchased_purges":0,"victory":false,"max_hp_per_floor":[66,66,66,66,66,66,66,66,66,66,66,66,66,66,66,66],"card_choices":[{"not_picked":["Dagger Throw","Acrobatics"],"picked":"Footwork","floor":1.0},{"not_picked":["Bouncing Flask","Masterful Stab","Concentrate"],"picked":"SKIP","floor":3.0},{"not_picked":["Dagger Throw","Cloak And Dagger"],"picked":"Dodge and Roll","floor":5.0},{"not_picked":["Heel Hook","Setup","Underhanded Strike"],"picked":"SKIP","floor":7.0},{"not_picked":["Bane","Phantasmal Killer"],"picked":"Backflip","floor":8.0},{"not_picked":["Blade Dance","Outmaneuver","Leg Sweep"],"picked":"SKIP","floor":10.0},{"not_picked":["Skewer","Sucker Punch","Deadly Poison"],"picked":"SKIP","floor":11.0},{"not_picked":["Flying Knee","Choke"],"picked":"Blur","floor":13.0}],"player_experience":955676,"relics_obtained":[{"floor":9.0,"key":"Bronze Scales"},{"floor":11.0,"key":"Whetstone"},{"floor":13.0,"key":"Tiny Chest"},{"floor":14.0,"key":"Potion Belt"}],"event_choices":[{"damage_healed":0.0,"max_hp_gain":0.0,"max_hp_loss":0.0,"gold_gain":0.0,"cards_transformed":["Defend_G"],"event_name":"Living Wall","player_choice":"Change","floor":2.0,"gold_loss":0.0,"damage_taken":0.0,"cards_obtained":["Leg Sweep"]},{"damage_healed":0.0,"max_hp_gain":0.0,"max_hp_loss":0.0,"gold_gain":0.0,"event_name":"Shining Light","player_choice":"Entered Light","floor":4.0,"gold_loss":0.0,"damage_taken":20.0,"cards_upgraded":["Strike_G","Defend_G"]}],"is_beta":false,"boss_relics":[],"items_purged_floors":[],"is_endless":false,"potions_floor_spawned":[1,5,8],"killed_by":"Hexaghost","ascension_level":17}