{"gold_per_floor":[117,42,42,7,7,39,54,54,78,78,88,107,120,146,146,219,219,230,249,28,28,28,53,53,73,120,132,158,170,182],"floor_reached":30,"playtime":2085,"items_purged":["Defend_B"],"score":452,"play_id":"19cc010d-7288-4251-96f4-5f8053066f0b","local_time":"20190831224537","is_ascension_mode":true,"campfire_choices":[{"floor":8.0,"key":"REST"},{"data":"Leap","floor":10.0,"key":"SMITH"},{"floor":15.0,"key":"REST"},{"data":"Multi-Cast","floor":24.0,"key":"SMITH"},{"data":"Darkness","floor":27.0,"key":"SMITH"}],"neow_cost":"NONE","seed_source_timestamp":1255865508211401,"circlet_count":0,"master_deck":["AscendersBane","Strike_B","Defend_B+1","Defend_B","Zap","Dualcast+1","Doom and Gloom","Tempest","BootSequence","Leap+1","Leap","Darkness+1","Hologram","Multi-Cast+1","Glacier+1","Creative AI+1","Buffer+1","Redo","Redo","Writhe","Glacier"],"special_seed":0,"relics":["Nuclear Battery","Ancient Tea Set","Cables","Smiling Mask","Regal Pillow","Astrolabe","Bag of Preparation","FossilizedHelix","Frozen Egg 2","MawBank"],"potions_floor_usage":[30],"damage_taken":[{"damage":12.0,"enemies":"Jaw Worm","floor":1.0,"turns":3.0},{"damage":8.0,"enemies":"Gremlin Nob","floor":6.0,"turns":3.0},{"damage":0.0,"enemies":"2 Louse","floor":7.0,"turns":2.0},{"damage":0.0,"enemies":"Cultist","floor":11.0,"turns":3.0},{"damage":0.0,"enemies":"Looter","floor":12.0,"turns":3.0},{"damage":0.0,"enemies":"Exordium Wildlife","floor":13.0,"turns":2.0},{"damage":1.0,"enemies":"3 Sentries","floor":14.0,"turns":4.0},{"damage":15.0,"enemies":"The Guardian","floor":16.0,"turns":10.0},{"damage":0.0,"enemies":"Chosen","floor":18.0,"turns":4.0},{"damage":0.0,"enemies":"3 Byrds","floor":19.0,"turns":5.0},{"damage":27.0,"enemies":"Slavers","floor":23.0,"turns":4.0},{"damage":0.0,"enemies":"Sentry and Sphere","floor":25.0,"turns":4.0},{"damage":13.0,"enemies":"Cultist and Chosen","floor":28.0,"turns":7.0},{"damage":37,"enemies":"Gremlin Leader","floor":30,"turns":5}],"seed_played":"-1738204247961860376","potions_obtained":[{"floor":7.0,"key":"AttackPotion"},{"floor":12.0,"key":"SteroidPotion"},{"floor":14.0,"key":"LiquidBronze"},{"floor":16.0,"key":"AttackPotion"},{"floor":19.0,"key":"Swift Potion"},{"floor":25.0,"key":"FearPotion"}],"is_trial":false,"path_per_floor":["M","?","?","$","?","E","M","R","T","R","M","M","M","E","R","B",null,"M","M","$","?","?","E","R","M","T","R","M","?","E"],"character_chosen":"DEFECT","items_purchased":["Tempest","Redo","Bag of Preparation"],"campfire_rested":2,"item_purchase_floors":[4,20,20],"current_hp_per_floor":[52,52,31,31,13,5,5,26,26,26,26,26,26,25,61,46,65,65,65,65,65,65,38,38,38,38,38,25,25,0],"gold":182,"neow_bonus":"BOSS_RELIC","is_prod":false,"is_daily":false,"chose_seed":false,"campfire_upgraded":3,"win_rate":0,"timestamp":1567309537,"path_taken":["M","?","?","$","?","E","M","R","T","R","M","M","?","E","R","BOSS","M","M","$","?","?","E","R","M","T","R","M","?","E"],"build_version":"2019-07-17","purchased_purges":1,"victory":false,"max_hp_per_floor":[71,71,71,71,71,71,71,71,71,71,71,71,71,71,71,71,71,71,71,71,71,71,71,71,71,71,71,71,71,71],"card_choices":[{"not_picked":["Coolheaded","Compile Driver"],"picked":"Doom and Gloom","floor":1.0},{"not_picked":["White Noise","Lockon"],"picked":"BootSequence","floor":6.0},{"not_picked":["Coolheaded","Barrage"],"picked":"Leap","floor":7.0},{"not_picked":["Chaos","Scrape"],"picked":"Leap","floor":11.0},{"not_picked":["Turbo","Stack"],"picked":"Darkness","floor":12.0},{"not_picked":["Leap","Aggregate","Turbo"],"picked":"SKIP","floor":13.0},{"not_picked":["BootSequence","Barrage"],"picked":"Hologram","floor":14.0},{"not_picked":["Biased Cognition","Seek"],"picked":"Multi-Cast","floor":16.0},{"not_picked":["Sweeping Beam","Storm"],"picked":"Redo","floor":18.0},{"not_picked":["Steam Power","Aggregate","Compile Driver"],"picked":"SKIP","floor":19.0},{"not_picked":["Sweeping Beam","Buffer"],"picked":"Glacier","floor":23.0},{"not_picked":["Stack","Redo","Hello World+1"],"picked":"SKIP","floor":25.0},{"not_picked":["Fusion","Coolheaded","Cold Snap"],"picked":"SKIP","floor":28.0}],"player_experience":1026224,"relics_obtained":[{"floor":6.0,"key":"Cables"},{"floor":9.0,"key":"Smiling Mask"},{"floor":14.0,"key":"Regal Pillow"},{"floor":23.0,"key":"Frozen Egg 2"},{"floor":26.0,"key":"MawBank"}],"event_choices":[{"cards_removed":["Strike_B"],"damage_healed":0.0,"max_hp_gain":0.0,"max_hp_loss":0.0,"gold_gain":0.0,"event_name":"The Cleric","player_choice":"Card Removal","floor":2.0,"gold_loss":75.0,"damage_taken":0.0},{"damage_healed":0.0,"max_hp_gain":0.0,"max_hp_loss":0.0,"gold_gain":0.0,"event_name":"Shining Light","player_choice":"Entered Light","floor":3.0,"gold_loss":0.0,"damage_taken":21.0,"cards_upgraded":["Dualcast","Defend_B"]},{"damage_healed":0.0,"max_hp_gain":0.0,"max_hp_loss":0.0,"gold_gain":0.0,"event_name":"Scrap Ooze","player_choice":"Success","floor":5.0,"gold_loss":0.0,"damage_taken":18.0,"relics_obtained":["Ancient Tea Set"]},{"damage_healed":0.0,"max_hp_gain":0.0,"max_hp_loss":0.0,"gold_gain":0.0,"event_name":"The Mausoleum","player_choice":"Opened","floor":22.0,"gold_loss":0.0,"damage_taken":0.0,"relics_obtained":["FossilizedHelix"],"cards_obtained":["Writhe"]},{"damage_healed":0,"gold_gain":0,"player_choice":"Ignored","damage_taken":0,"max_hp_gain":0,"max_hp_loss":0,"event_name":"Cursed Tome","floor":29,"gold_loss":0}],"is_beta":false,"boss_relics":[{"not_picked":["Calling Bell","Black Star"],"picked":"Astrolabe"}],"items_purged_floors":[20],"is_endless":false,"potions_floor_spawned":[7,12,13,14,16,19,25],"killed_by":"Gremlin Leader","ascension_level":15}