{"gold_per_floor":[114,114,127,143,163,163,191,211,280,297,328,328,253,264,264,336,336,348,348,348,359,379,379,379,379,379,21,52,76,106,118,118,197,197,216,227,327,341,2,2,2,2,26,53,0,0,0,12,12,12],"floor_reached":51,"playtime":4672,"items_purged":[],"score":1294,"play_id":"2ebd7704-e913-43d9-a604-6e8a35fa650d","local_time":"20190826175332","is_ascension_mode":true,"campfire_choices":[{"data":"Armaments","floor":6.0,"key":"SMITH"},{"data":"Whirlwind","floor":12.0,"key":"SMITH"},{"floor":15.0,"key":"REST"},{"data":"Demon Form","floor":23.0,"key":"SMITH"},{"data":"Bludgeon","floor":25.0,"key":"SMITH"},{"data":"Pommel Strike","floor":32.0,"key":"SMITH"},{"data":"Secret Weapon","floor":40.0,"key":"SMITH"},{"data":"Shrug It Off","floor":42.0,"key":"SMITH"},{"data":"Clothesline","floor":49.0,"key":"SMITH"}],"neow_cost":"NONE","seed_source_timestamp":1004389990071727,"circlet_count":0,"master_deck":["AscendersBane","Bash+1","Armaments+1","Clothesline+1","Pommel Strike+1","Demon Form+1","Whirlwind+1","Impervious","Bludgeon+1","Bite","Bite","Bite","Bite","Battle Trance","Heavy Blade+1","Impervious","Rampage+1","Sentinel+1","Limit Break+1","Battle Trance+1","Feed","Shrug It Off+1","Secret Weapon+1","Headbutt+1"],"special_seed":0,"relics":["Burning Blood","NeowsBlessing","FossilizedHelix","Gremlin Horn","Bird Faced Urn","Velvet Choker","MutagenicStrength","Mercury Hourglass","ClockworkSouvenir","Centennial Puzzle","Vajra","Anchor","Letter Opener","Astrolabe","Ice Cream","Lantern","Bag of Preparation","Juzu Bracelet","Red Mask"],"potions_floor_usage":[50,50],"damage_taken":[{"damage":0.0,"enemies":"2 Louse","floor":1.0,"turns":1.0},{"damage":0.0,"enemies":"Small Slimes","floor":3.0,"turns":1.0},{"damage":0.0,"enemies":"Jaw Worm","floor":4.0,"turns":1.0},{"damage":8.0,"enemies":"Large Slime","floor":5.0,"turns":5.0},{"damage":32.0,"enemies":"3 Sentries","floor":7.0,"turns":11.0},{"damage":11.0,"enemies":"Looter","floor":8.0,"turns":3.0},{"damage":1.0,"enemies":"Red Slaver","floor":10.0,"turns":3.0},{"damage":15.0,"enemies":"Lagavulin","floor":11.0,"turns":6.0},{"damage":0.0,"enemies":"2 Fungi Beasts","floor":14.0,"turns":2.0},{"damage":9.0,"enemies":"The Guardian","floor":16.0,"turns":14.0},{"damage":5.0,"enemies":"2 Thieves","floor":18.0,"turns":4.0},{"damage":21.0,"enemies":"3 Byrds","floor":21.0,"turns":4.0},{"damage":38.0,"enemies":"Snake Plant","floor":22.0,"turns":5.0},{"damage":0.0,"enemies":"Slavers","floor":28.0,"turns":2.0},{"damage":5.0,"enemies":"Book of Stabbing","floor":30.0,"turns":4.0},{"damage":0.0,"enemies":"3 Cultists","floor":31.0,"turns":3.0},{"damage":38.0,"enemies":"Collector","floor":33.0,"turns":4.0},{"damage":0.0,"enemies":"3 Shapes","floor":35.0,"turns":3.0},{"damage":21.0,"enemies":"3 Darklings","floor":36.0,"turns":3.0},{"damage":0.0,"enemies":"Mind Bloom Boss Battle","floor":37.0,"turns":3.0},{"damage":18.0,"enemies":"Spire Growth","floor":38.0,"turns":3.0},{"damage":13.0,"enemies":"Giant Head","floor":44.0,"turns":6.0},{"damage":0.0,"enemies":"4 Shapes","floor":48.0,"turns":3.0},{"damage":53,"enemies":"Awakened One","floor":50,"turns":8}],"seed_played":"8952101868488612869","potions_obtained":[{"floor":4.0,"key":"SpeedPotion"},{"floor":7.0,"key":"Explosive Potion"},{"floor":8.0,"key":"Energy Potion"},{"floor":11.0,"key":"Energy Potion"},{"floor":16.0,"key":"Regen Potion"},{"floor":21.0,"key":"PowerPotion"},{"floor":22.0,"key":"Swift Potion"},{"floor":36.0,"key":"GamblersBrew"},{"floor":38.0,"key":"FearPotion"},{"floor":48.0,"key":"AttackPotion"}],"is_trial":false,"path_per_floor":["M","?","M","M","M","R","E","M","T","M","E","R","?","M","R","B",null,"M","?","?","M","M","R","?","R","T","$","E","T","E","M","R","B",null,"M","M","?","M","$","R","?","R","T","E","?","?","$","M","R","B",null],"character_chosen":"IRONCLAD","items_purchased":["ClockworkSouvenir","Centennial Puzzle","Secret Weapon","Lantern"],"campfire_rested":1,"item_purchase_floors":[27,27,39,39],"current_hp_per_floor":[74,74,75,75,73,73,47,42,42,47,38,38,38,44,66,65,73,74,74,52,43,29,29,29,29,29,29,40,40,44,52,52,25,45,52,37,43,35,35,35,35,35,35,40,40,40,40,52,52,8],"gold":12,"neow_bonus":"THREE_ENEMY_KILL","is_prod":false,"is_daily":false,"chose_seed":false,"campfire_upgraded":8,"win_rate":0,"timestamp":1566860012,"path_taken":["M","?","M","M","M","R","E","M","T","M","E","R","?","M","R","BOSS","M","?","?","M","M","R","?","R","T","$","E","?","E","M","R","BOSS","M","M","?","M","$","R","?","R","T","E","?","?","?","M","R","BOSS"],"build_version":"2019-07-17","purchased_purges":0,"victory":true,"max_hp_per_floor":[75,75,75,75,75,75,75,75,75,75,75,75,75,75,75,75,75,75,75,52,52,52,52,52,52,52,52,52,52,52,52,52,52,52,52,52,52,52,52,52,52,52,52,52,52,52,52,52,52,55],"card_choices":[{"not_picked":["Twin Strike","Body Slam"],"picked":"Armaments","floor":1.0},{"not_picked":["Armaments","Headbutt","True Grit"],"picked":"SKIP","floor":3.0},{"not_picked":["Warcry","Armaments"],"picked":"Pommel Strike","floor":4.0},{"not_picked":["Flex","Havoc"],"picked":"Demon Form","floor":5.0},{"not_picked":["Iron Wave","Bloodletting","Second Wind"],"picked":"SKIP","floor":7.0},{"not_picked":["Twin Strike","Body Slam","True Grit"],"picked":"SKIP","floor":8.0},{"not_picked":["Sentinel","Shrug It Off"],"picked":"Whirlwind","floor":10.0},{"not_picked":["Iron Wave","Intimidate","Clothesline"],"picked":"SKIP","floor":11.0},{"not_picked":["Warcry","Heavy Blade"],"picked":"Impervious","floor":14.0},{"not_picked":["Fiend Fire","Impervious"],"picked":"Bludgeon","floor":16.0},{"not_picked":["Bloodletting","Anger","Pommel Strike"],"picked":"SKIP","floor":18.0},{"not_picked":["Dual Wield","Perfected Strike","Cleave"],"picked":"SKIP","floor":21.0},{"not_picked":["Dual Wield","Berserk"],"picked":"Battle Trance","floor":22.0},{"not_picked":["Second Wind","Reckless Charge","Intimidate"],"picked":"SKIP","floor":28.0},{"not_picked":["Flex","Body Slam"],"picked":"Heavy Blade+1","floor":30.0},{"not_picked":["Havoc","Rampage+1","Infernal Blade"],"picked":"SKIP","floor":31.0},{"not_picked":["Exhume","Juggernaut"],"picked":"Impervious","floor":33.0},{"not_picked":["Rage","Thunderclap"],"picked":"Battle Trance+1","floor":35.0},{"not_picked":["Thunderclap+1","Power Through","Twin Strike"],"picked":"SKIP","floor":36.0},{"not_picked":["Iron Wave","Sever Soul+1"],"picked":"Feed","floor":37.0},{"not_picked":["Rage","Thunderclap"],"picked":"Shrug It Off","floor":38.0},{"not_picked":["Dropkick","Inflame","Cleave"],"picked":"SKIP","floor":44.0},{"not_picked":["Pommel Strike","Havoc+1"],"picked":"Headbutt+1","floor":48.0}],"player_experience":896786,"relics_obtained":[{"floor":7.0,"key":"FossilizedHelix"},{"floor":9.0,"key":"Gremlin Horn"},{"floor":11.0,"key":"Bird Faced Urn"},{"floor":26.0,"key":"Mercury Hourglass"},{"floor":28.0,"key":"Vajra"},{"floor":29.0,"key":"Anchor"},{"floor":30.0,"key":"Letter Opener"},{"floor":37.0,"key":"Ice Cream"},{"floor":43.0,"key":"Bag of Preparation"},{"floor":44.0,"key":"Juzu Bracelet"}],"event_choices":[{"damage_healed":0.0,"max_hp_gain":0.0,"max_hp_loss":0.0,"gold_gain":0.0,"cards_transformed":["Defend_R"],"event_name":"Living Wall","player_choice":"Change","floor":2.0,"gold_loss":0.0,"damage_taken":0.0,"cards_obtained":["Clothesline"]},{"cards_removed":["Strike_R"],"damage_healed":0.0,"max_hp_gain":0.0,"max_hp_loss":0.0,"gold_gain":0.0,"event_name":"The Cleric","player_choice":"Card Removal","floor":13.0,"gold_loss":75.0,"damage_taken":0.0},{"damage_healed":0.0,"max_hp_gain":0.0,"max_hp_loss":0.0,"gold_gain":0.0,"event_name":"Ghosts","player_choice":"Ignored","floor":19.0,"gold_loss":0.0,"damage_taken":0.0},{"damage_healed":0.0,"max_hp_gain":0.0,"max_hp_loss":23.0,"gold_gain":0.0,"event_name":"Vampires","player_choice":"Became a vampire","floor":20.0,"gold_loss":0.0,"damage_taken":0.0,"cards_obtained":["Bite","Bite","Bite","Bite","Bite"]},{"damage_healed":0.0,"max_hp_gain":0.0,"max_hp_loss":0.0,"gold_gain":0.0,"event_name":"Drug Dealer","player_choice":"Inject Mutagens","floor":24.0,"gold_loss":0.0,"damage_taken":0.0,"relics_obtained":["MutagenicStrength"]},{"damage_healed":0.0,"max_hp_gain":0.0,"max_hp_loss":0.0,"gold_gain":0.0,"event_name":"MindBloom","player_choice":"Fight","floor":37.0,"gold_loss":0.0,"damage_taken":0.0},{"cards_removed":["Bite"],"damage_healed":0.0,"max_hp_gain":0.0,"max_hp_loss":0.0,"gold_gain":0.0,"event_name":"Purifier","player_choice":"Purged","floor":41.0,"gold_loss":0.0,"damage_taken":0.0},{"damage_healed":0.0,"max_hp_gain":0.0,"max_hp_loss":0.0,"gold_gain":0.0,"event_name":"Tomb of Lord Red Mask","player_choice":"Paid","floor":45.0,"gold_loss":53.0,"damage_taken":0.0,"relics_obtained":["Red Mask"]},{"damage_healed":0.0,"max_hp_gain":0.0,"max_hp_loss":0.0,"gold_gain":0.0,"event_name":"Upgrade Shrine","player_choice":"Upgraded","floor":46.0,"gold_loss":0.0,"damage_taken":0.0,"cards_upgraded":["Bash"]}],"is_beta":false,"boss_relics":[{"not_picked":["Philosopher\u0027s Stone","Runic Pyramid"],"picked":"Velvet Choker"},{"not_picked":["Black Star","Tiny House"],"picked":"Astrolabe"}],"items_purged_floors":[],"is_endless":false,"potions_floor_spawned":[4,7,8,11,16,21,22,36,38,48],"ascension_level":15}