{"gold_per_floor":[211,229,39,51,61,61,61,74,74,74,74,87,87,117,117,117],"floor_reached":16,"playtime":1235,"items_purged":[],"score":92,"play_id":"5a3ca4af-3eb4-4122-a463-d79d37b44e9b","local_time":"20190909152936","is_ascension_mode":false,"campfire_choices":[{"data":"ClearTheMind","floor":6.0,"key":"SMITH"},{"data":"PathToVictory","floor":10.0,"key":"SMITH"},{"floor":13.0,"key":"REST"},{"data":"Crescendo","floor":15,"key":"SMITH"}],"neow_cost":"NONE","seed_source_timestamp":89163572359500,"circlet_count":0,"master_deck":["Strike_P","Strike_P","Strike_P","Strike_P","Defend_P","Defend_P","Defend_P","Defend_P","Eruption","Vigilance","Crescendo+1","Perseverance","Meditate","EmptyMind","Fasting","ClearTheMind+1","FlurryOfBlows","PathToVictory+1","WaveOfTheHand"],"special_seed":0,"relics":["PureWater","Pantograph","Ginger"],"potions_floor_usage":[16,16,16],"damage_taken":[{"damage":0.0,"enemies":"Cultist","floor":1.0,"turns":3.0},{"damage":0.0,"enemies":"Small Slimes","floor":2.0,"turns":4.0},{"damage":4.0,"enemies":"2 Louse","floor":4.0,"turns":3.0},{"damage":20.0,"enemies":"Exordium Wildlife","floor":5.0,"turns":12.0},{"damage":6.0,"enemies":"Blue Slaver","floor":8.0,"turns":5.0},{"damage":33.0,"enemies":"Lots of Slimes","floor":12.0,"turns":7.0},{"damage":48,"enemies":"Hexaghost","floor":16,"turns":15}],"seed_played":"-7869539255894059434","potions_obtained":[{"floor":1.0,"key":"SkillPotion"},{"floor":4.0,"key":"Swift Potion"},{"floor":8.0,"key":"Poison Potion"}],"is_trial":false,"path_per_floor":["M","M","$","M","M","R","T","M","T","R","?","M","R","?","R","B"],"character_chosen":"WATCHER","items_purchased":["Meditate","EmptyMind","Fasting"],"campfire_rested":1,"item_purchase_floors":[3,3,3],"current_hp_per_floor":[65,65,65,61,41,41,41,35,35,35,35,2,21,21,21,0],"gold":117,"neow_bonus":"HUNDRED_GOLD","is_prod":false,"is_daily":false,"chose_seed":false,"campfire_upgraded":3,"win_rate":0.0,"timestamp":1568057376,"path_taken":["M","M","$","M","M","R","?","M","T","R","?","?","R","?","R","BOSS"],"build_version":"2019-09-09","purchased_purges":0,"victory":false,"max_hp_per_floor":[65,65,65,65,65,65,65,65,65,65,65,65,65,65,65,65],"card_choices":[{"not_picked":["Tantrum","ClearTheMind"],"picked":"Crescendo","floor":1.0},{"not_picked":["Crescendo","EmptyBody"],"picked":"Perseverance","floor":2.0},{"not_picked":["Halt","ThirdEye"],"picked":"ClearTheMind","floor":4.0},{"not_picked":["Consecrate","CutThroughFate"],"picked":"FlurryOfBlows","floor":5.0},{"not_picked":["Fasting","Halt"],"picked":"PathToVictory","floor":8.0},{"not_picked":["PathToVictory","CutThroughFate"],"picked":"WaveOfTheHand","floor":12.0}],"player_experience":1160322,"relics_obtained":[{"floor":7.0,"key":"Pantograph"},{"floor":9.0,"key":"Ginger"}],"event_choices":[{"damage_healed":0.0,"max_hp_gain":0.0,"max_hp_loss":0.0,"gold_gain":0.0,"event_name":"NoteForYourself","player_choice":"Ignored","floor":11.0,"gold_loss":0.0,"damage_taken":0.0},{"damage_healed":0.0,"max_hp_gain":0.0,"max_hp_loss":0.0,"gold_gain":30.0,"event_name":"Dead Adventurer","player_choice":"Searched \u00271\u0027 times","floor":14.0,"gold_loss":0.0,"damage_taken":0.0}],"is_beta":true,"boss_relics":[],"items_purged_floors":[],"is_endless":false,"potions_floor_spawned":[1,4,8],"killed_by":"Hexaghost","ascension_level":0}