{"gold_per_floor":[115,115,38,48,63,95,95,122,122,122,47,67,95,154,154,233,283,303,134,134,89],"floor_reached":21,"playtime":1546,"items_purged":["Rip and Tear","Zap"],"score":315,"play_id":"ed46d079-1401-4b2b-ae30-95e31b24aae0","local_time":"20190822224533","is_ascension_mode":true,"campfire_choices":[{"data":"Loop","floor":7.0,"key":"SMITH"},{"floor":10.0,"key":"REST"},{"data":"Loop","floor":15.0,"key":"SMITH"}],"neow_cost":"NONE","seed_source_timestamp":827859207323883,"circlet_count":0,"master_deck":["AscendersBane","Dualcast","Multi-Cast","Cold Snap+1","Skim","Melter","Skim","Gash","Glacier","Loop+1","Gash","Loop+1","Cold Snap","Hologram+1","Ball Lightning","Scrape","Glacier"],"special_seed":0,"relics":["Pandora\u0027s Box","Ice Cream","Odd Mushroom","Bottled Tornado","Oddly Smooth Stone","Tiny House"],"potions_floor_usage":[],"damage_taken":[{"damage":0.0,"enemies":"Small Slimes","floor":1.0,"turns":2.0},{"damage":0.0,"enemies":"Cultist","floor":4.0,"turns":4.0},{"damage":0.0,"enemies":"2 Louse","floor":5.0,"turns":3.0},{"damage":34.0,"enemies":"Lagavulin","floor":6.0,"turns":5.0},{"damage":14.0,"enemies":"The Mushroom Lair","floor":8.0,"turns":5.0},{"damage":0.0,"enemies":"Large Slime","floor":12.0,"turns":4.0},{"damage":4.0,"enemies":"3 Sentries","floor":13.0,"turns":8.0},{"damage":4.0,"enemies":"The Guardian","floor":16.0,"turns":10.0},{"damage":0.0,"enemies":"Spheric Guardian","floor":18.0,"turns":3.0},{"damage":21,"enemies":"2 Thieves","floor":21,"turns":2}],"seed_played":"-590169537129175614","potions_obtained":[{"floor":1.0,"key":"Regen Potion"},{"floor":12.0,"key":"FocusPotion"},{"floor":13.0,"key":"LiquidBronze"},{"floor":17.0,"key":"SkillPotion"},{"floor":18.0,"key":"SpeedPotion"}],"is_trial":false,"path_per_floor":["M","?","$","M","M","E","R","?","T","R","$","M","E","?","R","B",null,"M","$","?","M"],"character_chosen":"DEFECT","items_purchased":["Loop","Glacier"],"campfire_rested":1,"item_purchase_floors":[3,19],"current_hp_per_floor":[64,71,71,71,71,37,37,37,37,58,58,58,54,54,54,50,71,71,71,71,50],"gold":89,"neow_bonus":"BOSS_RELIC","is_prod":false,"is_daily":false,"chose_seed":false,"campfire_upgraded":2,"win_rate":0,"timestamp":1566531933,"path_taken":["M","?","?","?","M","E","R","?","T","R","$","M","E","?","R","BOSS","M","$","?","M"],"build_version":"2019-07-17","purchased_purges":2,"victory":false,"max_hp_per_floor":[71,71,71,71,71,71,71,71,71,71,71,71,71,71,71,71,76,76,76,76,76],"card_choices":[{"not_picked":["Consume","Go for the Eyes"],"picked":"Glacier","floor":1.0},{"not_picked":["Static Discharge","Ball Lightning"],"picked":"Gash","floor":4.0},{"not_picked":["Hologram","Hello World","Tempest"],"picked":"SKIP","floor":5.0},{"not_picked":["Turbo","Doom and Gloom","Blizzard"],"picked":"SKIP","floor":6.0},{"not_picked":["Go for the Eyes","Self Repair"],"picked":"Loop","floor":8.0},{"not_picked":["Loop","Redo"],"picked":"Cold Snap","floor":12.0},{"not_picked":["Amplify","Beam Cell"],"picked":"Hologram","floor":13.0},{"not_picked":["Redo","Tempest"],"picked":"Ball Lightning","floor":17.0},{"not_picked":["Sunder","Redo"],"picked":"Scrape","floor":18.0}],"player_experience":779167,"relics_obtained":[{"floor":6.0,"key":"Ice Cream"},{"floor":8.0,"key":"Odd Mushroom"},{"floor":9.0,"key":"Bottled Tornado"},{"floor":13.0,"key":"Oddly Smooth Stone"}],"event_choices":[{"cards_removed":["Fusion"],"damage_healed":7.0,"max_hp_gain":0.0,"max_hp_loss":0.0,"gold_gain":0.0,"event_name":"Bonfire Elementals","player_choice":"Offered Uncommon","floor":2.0,"gold_loss":0.0,"damage_taken":0.0},{"damage_healed":0.0,"max_hp_gain":0.0,"max_hp_loss":0.0,"gold_gain":0.0,"event_name":"Mushrooms","player_choice":"Fought Mushrooms","floor":8.0,"gold_loss":0.0,"damage_taken":0.0},{"damage_healed":0.0,"max_hp_gain":0.0,"max_hp_loss":0.0,"gold_gain":59.0,"event_name":"Golden Wing","player_choice":"Gained Gold","floor":14.0,"gold_loss":0.0,"damage_taken":0.0},{"damage_healed":0.0,"max_hp_gain":0.0,"max_hp_loss":0.0,"gold_gain":0.0,"event_name":"Accursed Blacksmith","player_choice":"Forge","floor":20.0,"gold_loss":0.0,"damage_taken":0.0,"cards_upgraded":["Hologram"]}],"is_beta":false,"boss_relics":[{"not_picked":["Busted Crown","White Beast Statue"],"picked":"Tiny House"}],"items_purged_floors":[11,19],"is_endless":false,"potions_floor_spawned":[1,12,13,18],"killed_by":"2 Thieves","ascension_level":14}