{"gold_per_floor":[115,115,190,190,200,200,231,246,273,273,46,59,59,59,59,59],"floor_reached":16,"playtime":417,"items_purged":[],"score":234,"play_id":"1d331295-077f-47a6-b4cc-bad4b1763cc7","local_time":"20190908105847","is_ascension_mode":true,"campfire_choices":[{"data":"Shrug It Off","floor":6.0,"key":"SMITH"},{"data":"Defend_R","floor":10.0,"key":"SMITH"},{"floor":15.0,"key":"REST"}],"neow_cost":"NONE","seed_source_timestamp":168929745116497,"circlet_count":0,"master_deck":["AscendersBane","Strike_R","Strike_R","Strike_R","Defend_R+1","Defend_R","Defend_R","Defend_R","Bash","Shrug It Off+1"],"special_seed":0,"relics":["Burning Blood","NeowsBlessing","Darkstone Periapt","Letter Opener","Strawberry","ClockworkSouvenir","Juzu Bracelet"],"potions_floor_usage":[16],"damage_taken":[{"damage":0.0,"enemies":"Jaw Worm","floor":1.0,"turns":1.0},{"damage":0.0,"enemies":"2 Louse","floor":5.0,"turns":1.0},{"damage":0.0,"enemies":"Gremlin Nob","floor":7.0,"turns":1.0},{"damage":5.0,"enemies":"Cultist","floor":8.0,"turns":5.0},{"damage":1.0,"enemies":"2 Fungi Beasts","floor":12.0,"turns":4.0},{"damage":61,"enemies":"The Guardian","floor":16,"turns":18}],"seed_played":"-8095784947155509377","potions_obtained":[{"floor":5.0,"key":"Regen Potion"},{"floor":7.0,"key":"SmokeBomb"},{"floor":8.0,"key":"Explosive Potion"}],"is_trial":false,"path_per_floor":["M","?","?","T","M","R","E","M","T","R","$","M","?","?","R","B"],"character_chosen":"IRONCLAD","items_purchased":["ClockworkSouvenir"],"campfire_rested":1,"item_purchase_floors":[11],"current_hp_per_floor":[74,67,56,56,62,62,68,69,76,76,76,81,81,63,82,21],"gold":59,"neow_bonus":"THREE_ENEMY_KILL","is_prod":false,"is_daily":false,"chose_seed":false,"campfire_upgraded":2,"win_rate":0,"timestamp":1567958327,"path_taken":["M","?","?","?","M","R","E","M","T","R","$","?","?","?","R","BOSS"],"build_version":"2019-07-17","purchased_purges":0,"victory":false,"max_hp_per_floor":[75,75,75,75,75,75,75,75,82,82,82,82,82,82,82,82],"card_choices":[{"not_picked":["Sword Boomerang","Pummel"],"picked":"Shrug It Off","floor":1.0},{"not_picked":["Rupture","Wild Strike","Spot Weakness"],"picked":"SKIP","floor":5.0},{"not_picked":["Spot Weakness","Twin Strike","Rage"],"picked":"SKIP","floor":7.0},{"not_picked":["Wild Strike","Iron Wave","Pummel"],"picked":"SKIP","floor":8.0},{"not_picked":["Intimidate","Warcry","Wild Strike"],"picked":"SKIP","floor":12.0}],"player_experience":1143270,"relics_obtained":[{"floor":4.0,"key":"Darkstone Periapt"},{"floor":7.0,"key":"Letter Opener"},{"floor":9.0,"key":"Strawberry"}],"event_choices":[{"cards_removed":["Strike_R"],"damage_healed":0.0,"max_hp_gain":0.0,"max_hp_loss":0.0,"gold_gain":0.0,"event_name":"Golden Wing","player_choice":"Card Removal","floor":2.0,"gold_loss":0.0,"damage_taken":7.0},{"damage_healed":0.0,"max_hp_gain":0.0,"max_hp_loss":0.0,"gold_gain":75.0,"event_name":"World of Goop","player_choice":"Gather Gold","floor":3.0,"gold_loss":0.0,"damage_taken":11.0},{"cards_removed":["Strike_R"],"damage_healed":0.0,"max_hp_gain":0.0,"max_hp_loss":0.0,"gold_gain":0.0,"event_name":"Living Wall","player_choice":"Forget","floor":13.0,"gold_loss":0.0,"damage_taken":0.0},{"damage_healed":0.0,"max_hp_gain":0.0,"max_hp_loss":0.0,"gold_gain":0.0,"event_name":"Scrap Ooze","player_choice":"Success","floor":14.0,"gold_loss":0.0,"damage_taken":18.0,"relics_obtained":["Juzu Bracelet"]}],"is_beta":false,"boss_relics":[],"items_purged_floors":[],"is_endless":false,"potions_floor_spawned":[5,7,8],"killed_by":"The Guardian","ascension_level":18}