{"gold_per_floor":[118,128,53,69,84,119,119,131,158,186,186,15,15,15,15,86,86,106,21,21,31,50,50,11,44,44,44],"floor_reached":27,"playtime":1144,"items_purged":["Strike_B"],"score":410,"play_id":"8617ba29-e5e0-4349-9c11-b4f474d1ee42","local_time":"20190823084508","is_ascension_mode":true,"campfire_choices":[{"data":"Machine Learning","floor":7.0,"key":"SMITH"},{"data":"Dualcast","floor":11.0,"key":"SMITH"},{"data":"Apotheosis","floor":13.0,"key":"SMITH"},{"floor":15.0,"key":"REST"},{"floor":23.0,"key":"REST"}],"neow_cost":"NONE","seed_source_timestamp":841981110982824,"circlet_count":0,"master_deck":["AscendersBane","Strike_B","Strike_B","Strike_B","Defend_B","Defend_B","Defend_B","Defend_B","Zap","Dualcast+1","BootSequence","Redo","Machine Learning+1","Darkness","Apotheosis+1","Machine Learning","Loop+1","Defragment"],"special_seed":0,"relics":["Cracked Core","NeowsBlessing","Lantern","Vajra","Potion Belt","Runic Pyramid","Boot","Question Card","Smiling Mask"],"potions_floor_usage":[],"damage_taken":[{"damage":0.0,"enemies":"Cultist","floor":1.0,"turns":1.0},{"damage":0.0,"enemies":"Jaw Worm","floor":2.0,"turns":1.0},{"damage":0.0,"enemies":"Small Slimes","floor":4.0,"turns":1.0},{"damage":11.0,"enemies":"Looter","floor":5.0,"turns":3.0},{"damage":20.0,"enemies":"Lagavulin","floor":6.0,"turns":6.0},{"damage":0.0,"enemies":"Gremlin Gang","floor":8.0,"turns":3.0},{"damage":19.0,"enemies":"Gremlin Nob","floor":10.0,"turns":4.0},{"damage":5.0,"enemies":"The Guardian","floor":16.0,"turns":8.0},{"damage":29.0,"enemies":"2 Thieves","floor":18.0,"turns":4.0},{"damage":8.0,"enemies":"3 Byrds","floor":21.0,"turns":4.0},{"damage":12.0,"enemies":"Centurion and Healer","floor":22.0,"turns":5.0},{"damage":30,"enemies":"Gremlin Leader","floor":25,"turns":6},{"damage":3,"enemies":"Snake Plant","floor":27,"turns":2}],"seed_played":"-2524949912030028997","potions_obtained":[{"floor":1.0,"key":"Explosive Potion"},{"floor":4.0,"key":"Explosive Potion"},{"floor":8.0,"key":"SteroidPotion"},{"floor":18.0,"key":"Fire Potion"}],"is_trial":false,"path_per_floor":["M","M","$","M","M","E","R","M","T","E","R","$","R","?","R","B",null,"M","?","?","M","M","R","$","E","T","M"],"character_chosen":"DEFECT","items_purchased":["Apotheosis","Defragment"],"campfire_rested":2,"item_purchase_floors":[12,24],"current_hp_per_floor":[64,64,64,64,53,33,33,33,33,14,14,14,14,14,35,30,61,32,32,32,24,12,33,33,3,3,0],"gold":44,"neow_bonus":"THREE_ENEMY_KILL","is_prod":false,"is_daily":false,"chose_seed":false,"campfire_upgraded":3,"win_rate":0,"timestamp":1566567908,"path_taken":["M","?","?","M","M","E","R","?","T","E","R","$","R","?","R","BOSS","M","?","?","M","?","R","$","E","T","M"],"build_version":"2019-07-17","purchased_purges":1,"victory":false,"max_hp_per_floor":[71,71,71,71,71,71,71,71,71,71,71,71,71,71,71,71,71,71,71,71,71,71,71,71,71,71,71],"card_choices":[{"not_picked":["Compile Driver","Sweeping Beam"],"picked":"BootSequence","floor":1.0},{"not_picked":["Hologram","Redo","Beam Cell"],"picked":"SKIP","floor":2.0},{"not_picked":["Ball Lightning","Consume"],"picked":"Redo","floor":4.0},{"not_picked":["Static Discharge","Turbo","Aggregate"],"picked":"SKIP","floor":5.0},{"not_picked":["Redo","Turbo"],"picked":"Machine Learning","floor":6.0},{"not_picked":["Leap","Go for the Eyes"],"picked":"Darkness","floor":8.0},{"not_picked":["Stack","Fusion","Gash"],"picked":"SKIP","floor":10.0},{"not_picked":["Electrodynamics","Hyperbeam"],"picked":"Machine Learning","floor":16.0},{"not_picked":["Compile Driver","Streamline"],"picked":"Loop","floor":18.0},{"not_picked":["Coolheaded","Steam","Hello World"],"picked":"SKIP","floor":21.0},{"not_picked":["Aggregate","Meteor Strike","Beam Cell"],"picked":"SKIP","floor":22.0},{"not_picked":["Blizzard","Ball Lightning","Streamline"],"picked":"SKIP","floor":25}],"player_experience":788071,"relics_obtained":[{"floor":6.0,"key":"Lantern"},{"floor":9.0,"key":"Vajra"},{"floor":10.0,"key":"Potion Belt"},{"floor":25,"key":"Question Card"},{"floor":26,"key":"Smiling Mask"}],"event_choices":[{"damage_healed":0.0,"max_hp_gain":0.0,"max_hp_loss":0.0,"gold_gain":0.0,"event_name":"Liars Game","player_choice":"Ignored","floor":14.0,"gold_loss":0.0,"damage_taken":0.0},{"damage_healed":0.0,"max_hp_gain":0.0,"max_hp_loss":0.0,"gold_gain":0.0,"event_name":"Addict","player_choice":"Obtained Relic","floor":19.0,"gold_loss":85.0,"damage_taken":0.0,"relics_obtained":["Boot"]},{"damage_healed":0.0,"max_hp_gain":0.0,"max_hp_loss":0.0,"gold_gain":0.0,"event_name":"Accursed Blacksmith","player_choice":"Forge","floor":20.0,"gold_loss":0.0,"damage_taken":0.0,"cards_upgraded":["Loop"]}],"is_beta":false,"boss_relics":[{"not_picked":["Eternal Feather","Nuclear Battery"],"picked":"Runic Pyramid"}],"items_purged_floors":[3],"is_endless":false,"potions_floor_spawned":[1,4,8,18],"killed_by":"Snake Plant","ascension_level":14}