{"gold_per_floor":[118,129,79,90,103,103,103,137,188,207,241,256,256,291,291,291],"floor_reached":16,"playtime":1574,"items_purged":[],"score":147,"play_id":"574ae8f5-52db-4841-b69c-a2a822e0253a","local_time":"20190909145937","is_ascension_mode":false,"campfire_choices":[{"data":"Evaluate","floor":6,"key":"SMITH"},{"floor":15,"key":"REST"}],"neow_cost":"NONE","seed_source_timestamp":237042841004799,"circlet_count":0,"master_deck":["Strike_P","Strike_P","Strike_P","Strike_P","Defend_P","Defend_P","Defend_P","Eruption","Vigilance","Halt","Evaluate+1","Crescendo","FollowUp","EmptyFist+1","CrushJoints+1","TalkToTheHand+1","InnerPeace","DeceiveReality"],"relics":["PureWater","Golden Idol","Molten Egg 2","Anchor","Oddly Smooth Stone","Regal Pillow"],"potions_floor_usage":[8,10,11],"damage_taken":[{"damage":7,"enemies":"2 Louse","floor":1,"turns":3},{"damage":1,"enemies":"Small Slimes","floor":2,"turns":3},{"damage":0,"enemies":"Cultist","floor":4,"turns":2},{"damage":0,"enemies":"2 Fungi Beasts","floor":5,"turns":4},{"damage":31,"enemies":"3 Sentries","floor":8,"turns":11},{"damage":0,"enemies":"Large Slime","floor":10,"turns":3},{"damage":0,"enemies":"Lagavulin","floor":11,"turns":4},{"damage":0,"enemies":"3 Louse","floor":12,"turns":2},{"damage":27,"enemies":"3 Sentries","floor":14,"turns":5},{"damage":49,"enemies":"Hexaghost","floor":16,"turns":12}],"seed_played":"2641578588317649097","potions_obtained":[{"floor":1,"key":"Block Potion"},{"floor":8,"key":"FearPotion"},{"floor":10,"key":"Swift Potion"}],"is_trial":false,"path_per_floor":["M","M","?","M","M","R","?","E","T","M","E","M","?","E","R","B"],"character_chosen":"WATCHER","items_purchased":[],"campfire_rested":1,"item_purchase_floors":[],"current_hp_per_floor":[64,63,63,63,63,63,63,32,32,32,32,32,37,10,46,0],"gold":291,"neow_bonus":"TEN_PERCENT_HP_BONUS","is_prod":false,"is_daily":false,"chose_seed":false,"campfire_upgraded":1,"win_rate":0.0,"timestamp":1568055577,"path_taken":["M","M","?","M","M","R","?","E","T","M","E","M","?","E","R","BOSS"],"build_version":"2019-09-09","purchased_purges":0,"victory":false,"max_hp_per_floor":[71,71,71,71,71,71,66,66,66,66,66,66,71,71,71,71],"card_choices":[{"not_picked":["Tantrum","Establishment"],"picked":"Halt","floor":1},{"not_picked":["FlyingSleeves","Perseverance"],"picked":"Evaluate","floor":2},{"not_picked":["BowlingBash","Protect"],"picked":"Crescendo","floor":4},{"not_picked":["EmptyFist","BowlingBash"],"picked":"FollowUp","floor":5},{"not_picked":["Pray","Evaluate"],"picked":"EmptyFist","floor":8},{"not_picked":["BowlingBash+1","Crescendo"],"picked":"CrushJoints+1","floor":10},{"not_picked":["Sanctity","InnerPeace"],"picked":"TalkToTheHand+1","floor":11},{"not_picked":["Crescendo","JustLucky+1"],"picked":"InnerPeace","floor":12},{"not_picked":["Protect","Tantrum+1"],"picked":"DeceiveReality","floor":14}],"player_experience":30094,"relics_obtained":[{"floor":8,"key":"Molten Egg 2"},{"floor":9,"key":"Anchor"},{"floor":11,"key":"Oddly Smooth Stone"},{"floor":14,"key":"Regal Pillow"}],"event_choices":[{"cards_removed":["Defend_P"],"damage_healed":0,"gold_gain":0,"player_choice":"Card Removal","damage_taken":0,"max_hp_gain":0,"max_hp_loss":0,"event_name":"The Cleric","floor":3,"gold_loss":50},{"damage_healed":0,"gold_gain":0,"player_choice":"Lose Max HP","damage_taken":0,"relics_obtained":["Golden Idol"],"max_hp_gain":0,"max_hp_loss":5,"event_name":"Golden Idol","floor":7,"gold_loss":0},{"damage_healed":0,"gold_gain":0,"player_choice":"Donut","damage_taken":0,"max_hp_gain":5,"max_hp_loss":0,"event_name":"Big Fish","floor":13,"gold_loss":0}],"is_beta":true,"boss_relics":[],"items_purged_floors":[],"is_endless":false,"potions_floor_spawned":[1,8,10],"killed_by":"Hexaghost","ascension_level":0}