{"gold_per_floor":[116,133,208,283,294,294,294,304,304,304,331,331,4,24,24,102,102,117,130,130,143,143,143,143,143,211,211],"floor_reached":27,"playtime":1340,"items_purged":["Strike_B"],"score":359,"play_id":"cb994bca-2552-452b-8f63-7bbf16195bf8","local_time":"20190823004327","is_ascension_mode":true,"campfire_choices":[{"data":"Genetic Algorithm","floor":6.0,"key":"SMITH"},{"floor":10.0,"key":"DIG"},{"floor":12.0,"key":"REST"},{"floor":15.0,"key":"DIG"},{"floor":23.0,"key":"REST"},{"floor":25,"key":"DIG"}],"neow_cost":"NONE","seed_source_timestamp":833406807574022,"circlet_count":0,"master_deck":["AscendersBane","Strike_B+1","Strike_B+1","Strike_B+1","Defend_B+1","Defend_B+1","Defend_B+1","Defend_B+1","Zap","Dualcast","Genetic Algorithm+1","Cold Snap","Ball Lightning","Chill","Ball Lightning","Barricade","Terror","Creative AI"],"special_seed":0,"relics":["Cracked Core","NeowsBlessing","Shovel","Thread and Needle","Dodecahedron","PrismaticShard","Ice Cream","Sozu","MutagenicStrength","Singing Bowl","Pear"],"potions_floor_usage":[],"damage_taken":[{"damage":0.0,"enemies":"Jaw Worm","floor":1.0,"turns":1.0},{"damage":0.0,"enemies":"Cultist","floor":2.0,"turns":1.0},{"damage":0.0,"enemies":"Small Slimes","floor":5.0,"turns":1.0},{"damage":18.0,"enemies":"Exordium Wildlife","floor":8.0,"turns":6.0},{"damage":23.0,"enemies":"Gremlin Nob","floor":11.0,"turns":4.0},{"damage":9.0,"enemies":"Gremlin Gang","floor":14.0,"turns":3.0},{"damage":12.0,"enemies":"Slime Boss","floor":16.0,"turns":8.0},{"damage":13.0,"enemies":"Shell Parasite","floor":18.0,"turns":6.0},{"damage":11.0,"enemies":"Spheric Guardian","floor":19.0,"turns":4.0},{"damage":19.0,"enemies":"Centurion and Healer","floor":21.0,"turns":7.0},{"damage":43,"enemies":"Book of Stabbing","floor":27,"turns":6}],"seed_played":"-124142177723652931","potions_obtained":[{"floor":2.0,"key":"GamblersBrew"},{"floor":11.0,"key":"Swift Potion"},{"floor":14.0,"key":"FocusPotion"}],"is_trial":false,"path_per_floor":["M","M","?","?","M","R","?","M","T","R","E","R","$","M","R","B",null,"M","M","?","M","?","R","?","R","T","E"],"character_chosen":"DEFECT","items_purchased":["Ball Lightning","PrismaticShard"],"campfire_rested":2,"item_purchase_floors":[13,13],"current_hp_per_floor":[64,64,53,46,46,46,46,28,28,28,5,26,26,17,17,5,55,42,31,31,12,12,33,33,33,43,0],"gold":211,"neow_bonus":"THREE_ENEMY_KILL","is_prod":false,"is_daily":false,"chose_seed":false,"campfire_upgraded":1,"win_rate":0,"timestamp":1566539007,"path_taken":["M","M","?","?","?","R","?","M","T","R","E","R","$","M","R","BOSS","M","M","?","?","?","R","?","R","T","E"],"build_version":"2019-07-17","purchased_purges":1,"victory":false,"max_hp_per_floor":[71,71,71,71,71,71,71,71,71,71,71,71,71,71,71,71,71,71,71,71,71,71,71,71,71,81,81],"card_choices":[{"not_picked":["Turbo","Streamline","Coolheaded"],"picked":"SKIP","floor":1.0},{"not_picked":["Conserve Battery","Sweeping Beam"],"picked":"Genetic Algorithm","floor":2.0},{"not_picked":["Capacitor","Go for the Eyes"],"picked":"Cold Snap","floor":5.0},{"not_picked":["Gash","Cold Snap"],"picked":"Ball Lightning","floor":8.0},{"not_picked":["Force Field","Chaos"],"picked":"Chill","floor":11.0},{"not_picked":["Sunder","The Bomb","Spot Weakness"],"picked":"SKIP","floor":14.0},{"not_picked":["Echo Form","Corpse Explosion"],"picked":"Barricade","floor":16.0},{"not_picked":["Rip and Tear","Dash"],"picked":"Terror","floor":18.0},{"not_picked":["Conserve Battery","Rage+1","Flying Knee"],"picked":"SKIP","floor":19.0},{"not_picked":["Infernal Blade","Prepared","Flying Knee"],"picked":"SKIP","floor":21.0}],"player_experience":783451,"relics_obtained":[{"floor":9.0,"key":"Shovel"},{"floor":10.0,"key":"Thread and Needle"},{"floor":11.0,"key":"Dodecahedron"},{"floor":15.0,"key":"Ice Cream"},{"floor":25,"key":"Singing Bowl"},{"floor":26,"key":"Pear"}],"event_choices":[{"damage_healed":0.0,"max_hp_gain":0.0,"max_hp_loss":0.0,"gold_gain":75.0,"event_name":"World of Goop","player_choice":"Gather Gold","floor":3.0,"gold_loss":0.0,"damage_taken":11.0},{"damage_healed":0.0,"max_hp_gain":0.0,"max_hp_loss":0.0,"gold_gain":75.0,"event_name":"FaceTrader","player_choice":"Touch","floor":4.0,"gold_loss":0.0,"damage_taken":7.0},{"damage_healed":0.0,"max_hp_gain":0.0,"max_hp_loss":0.0,"gold_gain":0.0,"event_name":"Liars Game","player_choice":"Ignored","floor":7.0,"gold_loss":0.0,"damage_taken":0.0},{"damage_healed":0.0,"max_hp_gain":0.0,"max_hp_loss":0.0,"gold_gain":0.0,"event_name":"Match and Keep!","player_choice":"1 cards matched","floor":20.0,"gold_loss":0.0,"damage_taken":0.0,"cards_obtained":["Creative AI"]},{"damage_healed":0.0,"max_hp_gain":0.0,"max_hp_loss":0.0,"gold_gain":0.0,"event_name":"Back to Basics","player_choice":"Simplicity","floor":22.0,"gold_loss":0.0,"damage_taken":0.0,"cards_upgraded":["Strike_B","Strike_B","Strike_B","Defend_B","Defend_B","Defend_B","Defend_B"]},{"damage_healed":0,"gold_gain":0,"player_choice":"Inject Mutagens","damage_taken":0,"relics_obtained":["MutagenicStrength"],"max_hp_gain":0,"max_hp_loss":0,"event_name":"Drug Dealer","floor":24,"gold_loss":0}],"is_beta":false,"boss_relics":[{"not_picked":["Inserter","Coffee Dripper"],"picked":"Sozu"}],"items_purged_floors":[13],"is_endless":false,"potions_floor_spawned":[2,11,14,18,21],"killed_by":"Book of Stabbing","ascension_level":14}