{"gold_per_floor":[12,30,49,64,64,64,77,77,77,2,77,77,77,103,103,103],"floor_reached":16,"playtime":2346,"items_purged":["Defend_G"],"score":195,"play_id":"f72711a0-f83b-45a8-b62c-d886c56bd3cb","local_time":"20190830142814","is_ascension_mode":true,"campfire_choices":[{"data":"Backflip","floor":6.0,"key":"SMITH"},{"floor":8.0,"key":"REST"},{"data":"Neutralize","floor":13.0,"key":"SMITH"},{"data":"Bullet Time","floor":15,"key":"SMITH"}],"neow_cost":"NO_GOLD","seed_source_timestamp":1198795746159876,"circlet_count":0,"master_deck":["AscendersBane","Strike_G","Strike_G","Strike_G","Strike_G","Strike_G","Defend_G","Defend_G","Defend_G","Defend_G","Survivor","Neutralize+1","Adrenaline","Backflip+1","Crippling Poison","Bullet Time+1"],"special_seed":0,"relics":["Ring of the Snake","Incense Burner","Dream Catcher","Orichalcum","Question Card"],"potions_floor_usage":[14,16],"damage_taken":[{"damage":13.0,"enemies":"Cultist","floor":1.0,"turns":5.0},{"damage":1.0,"enemies":"Small Slimes","floor":2.0,"turns":4.0},{"damage":5.0,"enemies":"2 Louse","floor":3.0,"turns":4.0},{"damage":0.0,"enemies":"2 Fungi Beasts","floor":4.0,"turns":5.0},{"damage":5.0,"enemies":"Large Slime","floor":7.0,"turns":10.0},{"damage":12,"enemies":"3 Sentries","floor":14,"turns":13},{"damage":23,"enemies":"Slime Boss","floor":16,"turns":6}],"seed_played":"1061698712061846293","potions_obtained":[{"floor":2.0,"key":"GamblersBrew"},{"floor":3.0,"key":"Weak Potion"}],"is_trial":false,"path_per_floor":["M","M","M","M","?","R","M","R","T","$","?","?","R","E","R","B"],"character_chosen":"THE_SILENT","items_purchased":[],"campfire_rested":1,"item_purchase_floors":[],"current_hp_per_floor":[46,45,40,40,29,29,24,43,43,43,32,54,54,42,42,19],"gold":103,"neow_bonus":"ONE_RARE_RELIC","is_prod":false,"is_daily":false,"chose_seed":false,"campfire_upgraded":3,"win_rate":0,"timestamp":1567193294,"path_taken":["M","?","M","M","?","R","M","R","T","$","?","?","R","E","R","BOSS"],"build_version":"2019-07-17","purchased_purges":1,"victory":false,"max_hp_per_floor":[66,66,66,66,66,66,66,66,66,66,66,66,66,66,66,66],"card_choices":[{"not_picked":["Underhanded Strike","Sucker Punch","PiercingWail"],"picked":"SKIP","floor":1.0},{"not_picked":["Dodge and Roll","Prepared","Acrobatics"],"picked":"SKIP","floor":2.0},{"not_picked":["Bane","Catalyst"],"picked":"Adrenaline","floor":3.0},{"not_picked":["Dodge and Roll","Slice"],"picked":"Backflip","floor":4.0},{"not_picked":["Deflect","Acrobatics","Eviscerate"],"picked":"SKIP","floor":7.0},{"not_picked":["Expertise","Slice"],"picked":"Crippling Poison","floor":8.0},{"not_picked":["Grand Finale","Bane"],"picked":"Bullet Time","floor":14}],"player_experience":999234,"relics_obtained":[{"floor":9.0,"key":"Orichalcum"},{"floor":14,"key":"Question Card"}],"event_choices":[{"damage_healed":0.0,"max_hp_gain":0.0,"max_hp_loss":0.0,"gold_gain":0.0,"event_name":"Scrap Ooze","player_choice":"Success","floor":5.0,"gold_loss":0.0,"damage_taken":11.0,"relics_obtained":["Dream Catcher"]},{"damage_healed":0.0,"max_hp_gain":0.0,"max_hp_loss":0.0,"gold_gain":75.0,"event_name":"World of Goop","player_choice":"Gather Gold","floor":11.0,"gold_loss":0.0,"damage_taken":11.0},{"damage_healed":22.0,"max_hp_gain":0.0,"max_hp_loss":0.0,"gold_gain":0.0,"event_name":"Big Fish","player_choice":"Banana","floor":12.0,"gold_loss":0.0,"damage_taken":0.0}],"is_beta":false,"boss_relics":[],"items_purged_floors":[10],"is_endless":false,"potions_floor_spawned":[2,3],"killed_by":"Slime Boss","ascension_level":19}