{"gold_per_floor":[118,132,132,145,145,145,155,155,209,70,70,70,70,70,70,144,144,161,211,211,136,136,136],"floor_reached":23,"playtime":1255,"items_purged":["Strike_R"],"score":319,"play_id":"1c0fa8dd-6ae7-4fc4-82fa-9214b4f578c9","local_time":"20190826182650","is_ascension_mode":true,"campfire_choices":[{"data":"Shrug It Off","floor":6.0,"key":"SMITH"},{"data":"Dark Embrace","floor":8.0,"key":"SMITH"},{"data":"Body Slam","floor":13.0,"key":"SMITH"},{"data":"Demon Form","floor":15.0,"key":"SMITH"}],"neow_cost":"PERCENT_DAMAGE","seed_source_timestamp":1010526189777991,"circlet_count":0,"master_deck":["AscendersBane","Strike_R","Strike_R","Strike_R","Defend_R","Defend_R","Defend_R","Defend_R","Bash","Dark Embrace+1","Sentinel","Shrug It Off+1","Warcry","Body Slam+1","Entrench","Demon Form+1","Reaper"],"special_seed":0,"relics":["Burning Blood","Juzu Bracelet","Sozu","Enchiridion"],"potions_floor_usage":[],"damage_taken":[{"damage":15.0,"enemies":"Jaw Worm","floor":1.0,"turns":6.0},{"damage":6.0,"enemies":"Cultist","floor":2.0,"turns":3.0},{"damage":9.0,"enemies":"Small Slimes","floor":4.0,"turns":5.0},{"damage":0.0,"enemies":"Gremlin Gang","floor":5.0,"turns":1.0},{"damage":6.0,"enemies":"Looter","floor":7.0,"turns":4.0},{"damage":50.0,"enemies":"Slime Boss","floor":16.0,"turns":12.0},{"damage":37,"enemies":"Spheric Guardian","floor":18,"turns":6},{"damage":4,"enemies":"Book of Stabbing","floor":23,"turns":2}],"seed_played":"-1662383545908834623","potions_obtained":[{"floor":4.0,"key":"SmokeBomb"},{"floor":7.0,"key":"Block Potion"}],"is_trial":false,"path_per_floor":["M","M","?","M","M","R","M","R","T","$","?","$","R","?","R","B",null,"M","?","?","$","?","E"],"character_chosen":"IRONCLAD","items_purchased":["Body Slam","Entrench"],"campfire_rested":0,"item_purchase_floors":[10,10],"current_hp_per_floor":[41,41,41,38,44,44,44,44,44,44,69,69,69,69,69,25,63,32,32,11,11,11,7],"gold":136,"neow_bonus":"THREE_RARE_CARDS","is_prod":false,"is_daily":false,"chose_seed":false,"campfire_upgraded":4,"win_rate":0,"timestamp":1566862010,"path_taken":["M","M","?","M","M","R","M","R","T","?","?","$","R","?","R","BOSS","M","?","?","$","?","E"],"build_version":"2019-07-17","purchased_purges":1,"victory":false,"max_hp_per_floor":[75,75,75,75,75,75,75,75,75,75,75,75,75,75,75,75,75,75,75,75,75,75,75],"card_choices":[{"not_picked":["Offering","Limit Break"],"picked":"Dark Embrace","floor":0.0},{"not_picked":["Iron Wave","Twin Strike"],"picked":"Sentinel","floor":1.0},{"not_picked":["Havoc","Burning Pact"],"picked":"Shrug It Off","floor":2.0},{"not_picked":["Armaments","Dark Embrace","Clash"],"picked":"SKIP","floor":4.0},{"not_picked":["Armaments","Dark Embrace","Clash"],"picked":"SKIP","floor":4.0},{"not_picked":["Armaments","Dark Embrace","Clash"],"picked":"SKIP","floor":4.0},{"not_picked":["Sword Boomerang","Combust"],"picked":"Warcry","floor":7.0},{"not_picked":["Brutality","Fiend Fire"],"picked":"Reaper","floor":16.0},{"not_picked":["Thunderclap","Clash","Twin Strike"],"picked":"SKIP","floor":18}],"player_experience":901458,"relics_obtained":[{"floor":9.0,"key":"Juzu Bracelet"},{"floor":20,"key":"Enchiridion"}],"event_choices":[{"cards_removed":["Strike_R"],"damage_healed":0.0,"max_hp_gain":0.0,"max_hp_loss":0.0,"gold_gain":0.0,"event_name":"Bonfire Elementals","player_choice":"Offered Basic","floor":3.0,"gold_loss":0.0,"damage_taken":0.0},{"damage_healed":25.0,"max_hp_gain":0.0,"max_hp_loss":0.0,"gold_gain":0.0,"event_name":"Big Fish","player_choice":"Banana","floor":11.0,"gold_loss":0.0,"damage_taken":0.0},{"damage_healed":0.0,"max_hp_gain":0.0,"max_hp_loss":0.0,"gold_gain":0.0,"event_name":"Match and Keep!","player_choice":"1 cards matched","floor":14.0,"gold_loss":0.0,"damage_taken":0.0,"cards_obtained":["Demon Form"]},{"damage_healed":0,"gold_gain":50,"player_choice":"Stole From Cult","damage_taken":0,"max_hp_gain":0,"max_hp_loss":0,"event_name":"Nest","floor":19,"gold_loss":0},{"damage_healed":0,"gold_gain":0,"player_choice":"Obtained Book","damage_taken":21,"max_hp_gain":0,"max_hp_loss":0,"event_name":"Cursed Tome","floor":20,"gold_loss":0},{"damage_healed":0,"gold_gain":0,"player_choice":"Ignored","damage_taken":0,"max_hp_gain":0,"max_hp_loss":0,"event_name":"Vampires","floor":22,"gold_loss":0}],"is_beta":false,"boss_relics":[{"not_picked":["Pandora\u0027s Box","Orrery"],"picked":"Sozu"}],"items_purged_floors":[21],"is_endless":false,"potions_floor_spawned":[4,5,7,18],"killed_by":"Book of Stabbing","ascension_level":16}