{"gold_per_floor":[109,126,138,157,172,172,172,207,207,225,237,51,78,90,90,90],"floor_reached":16,"playtime":1569,"items_purged":[],"score":141,"play_id":"2e734f5c-94b8-426f-8b43-83cdff3b4a3c","local_time":"20190909150836","is_ascension_mode":false,"campfire_choices":[{"data":"PathToVictory","floor":6,"key":"SMITH"},{"floor":15,"key":"REST"}],"neow_cost":"NONE","seed_source_timestamp":87579619617900,"circlet_count":0,"master_deck":["Strike_P","Strike_P","Strike_P+1","Defend_P","Defend_P+1","Defend_P","Defend_P","Eruption+1","Vigilance","FollowUp","CutThroughFate","Perseverance","Tantrum","PathToVictory+1","Collect+1","Swivel","DeusExMachina","Establishment","FearNoEvil","Worship"],"relics":["PureWater","Whetstone","PreservedInsect","Oddly Smooth Stone","War Paint"],"potions_floor_usage":[2,10],"damage_taken":[{"damage":6,"enemies":"Cultist","floor":1,"turns":3},{"damage":0,"enemies":"2 Louse","floor":2,"turns":3},{"damage":0,"enemies":"Small Slimes","floor":3,"turns":3},{"damage":3,"enemies":"3 Louse","floor":4,"turns":5},{"damage":19,"enemies":"Looter","floor":5,"turns":4},{"damage":37,"enemies":"3 Sentries","floor":8,"turns":8},{"damage":8,"enemies":"Gremlin Gang","floor":10,"turns":2},{"damage":10,"enemies":"Lots of Slimes","floor":11,"turns":3},{"damage":0,"enemies":"Lagavulin","floor":13,"turns":6},{"damage":7,"enemies":"Exordium Wildlife","floor":14,"turns":3},{"damage":50,"enemies":"Hexaghost","floor":16,"turns":12}],"seed_played":"587708024305778645","potions_obtained":[{"floor":2,"key":"Fruit Juice"},{"floor":3,"key":"FearPotion"},{"floor":5,"key":"FairyPotion"},{"floor":11,"key":"EssenceOfSteel"},{"floor":14,"key":"Energy Potion"}],"is_trial":false,"path_per_floor":["M","M","M","M","M","R","?","E","T","M","M","$","E","M","R","B"],"character_chosen":"WATCHER","items_purchased":["Oddly Smooth Stone","Establishment"],"campfire_rested":1,"item_purchase_floors":[12,12],"current_hp_per_floor":[65,70,70,67,48,48,48,11,11,3,22,22,22,15,37,0],"gold":90,"neow_bonus":"TEN_PERCENT_HP_BONUS","is_prod":false,"is_daily":false,"chose_seed":false,"campfire_upgraded":1,"win_rate":0.0,"timestamp":1568056116,"path_taken":["M","?","M","M","?","R","?","E","T","M","M","$","E","?","R","BOSS"],"build_version":"2019-09-09","purchased_purges":0,"victory":false,"max_hp_per_floor":[71,76,76,76,76,76,76,76,76,76,76,76,76,76,76,76],"card_choices":[{"not_picked":["ClearTheMind","Halt"],"picked":"FollowUp","floor":1},{"not_picked":["Halt","FearNoEvil"],"picked":"CutThroughFate","floor":2},{"not_picked":["Weave","CrushJoints"],"picked":"Perseverance","floor":3},{"not_picked":["Halt","CutThroughFate"],"picked":"Tantrum","floor":4},{"not_picked":["ThirdEye","Sanctity"],"picked":"PathToVictory","floor":5},{"not_picked":["FollowUp","Halt"],"picked":"Collect","floor":8},{"not_picked":["Perseverance","Halt"],"picked":"Swivel","floor":10},{"not_picked":["Weave","BowlingBash"],"picked":"DeusExMachina","floor":11},{"not_picked":["CrushJoints","Consecrate"],"picked":"FearNoEvil","floor":13},{"not_picked":["PathToVictory","Consecrate"],"picked":"Worship","floor":14}],"player_experience":1158753,"relics_obtained":[{"floor":8,"key":"Whetstone"},{"floor":9,"key":"PreservedInsect"},{"floor":13,"key":"War Paint"}],"event_choices":[{"cards_removed":["Strike_P"],"damage_healed":0,"gold_gain":0,"player_choice":"Offered Basic","damage_taken":0,"max_hp_gain":0,"max_hp_loss":0,"event_name":"Bonfire Elementals","floor":7,"gold_loss":0}],"is_beta":true,"boss_relics":[],"items_purged_floors":[],"is_endless":false,"potions_floor_spawned":[2,3,5,11,14],"killed_by":"Hexaghost","ascension_level":0}