{"gold_per_floor":[115,125,138,138,63,63,63,82,82,82,116,116,142,157,157,157],"floor_reached":16,"playtime":766,"items_purged":["Writhe"],"score":210,"play_id":"04274f4b-713a-4ea0-81c5-bd7ff9eadfd7","local_time":"20190826160041","is_ascension_mode":true,"campfire_choices":[{"data":"1","floor":7.0,"key":"LIFT"},{"data":"2","floor":10.0,"key":"LIFT"},{"data":"3","floor":12.0,"key":"LIFT"},{"floor":15,"key":"REST"}],"neow_cost":"CURSE","seed_source_timestamp":1002638292279925,"circlet_count":0,"master_deck":["AscendersBane","Strike_R","Strike_R","Strike_R","Strike_R","Strike_R","Defend_R","Defend_R","Defend_R","Defend_R","Bash","Twin Strike","Pummel","Dual Wield","Ghostly Armor","Whirlwind"],"special_seed":0,"relics":["Burning Blood","Girya","Blue Candle","Mercury Hourglass","Mango"],"potions_floor_usage":[],"damage_taken":[{"damage":7.0,"enemies":"Jaw Worm","floor":1.0,"turns":3.0},{"damage":6.0,"enemies":"Cultist","floor":2.0,"turns":4.0},{"damage":14.0,"enemies":"Small Slimes","floor":3.0,"turns":4.0},{"damage":0.0,"enemies":"Lagavulin","floor":6.0,"turns":1.0},{"damage":35.0,"enemies":"Exordium Thugs","floor":8.0,"turns":6.0},{"damage":8.0,"enemies":"Gremlin Nob","floor":11.0,"turns":3.0},{"damage":30,"enemies":"Lagavulin","floor":13,"turns":5},{"damage":4,"enemies":"Lots of Slimes","floor":14,"turns":2},{"damage":52,"enemies":"The Guardian","floor":16,"turns":9}],"seed_played":"-5340003626599853412","potions_obtained":[{"floor":3.0,"key":"SmokeBomb"},{"floor":11.0,"key":"SneckoOil"}],"is_trial":false,"path_per_floor":["M","M","M","?","$","E","R","M","T","R","E","R","E","M","R","B"],"character_chosen":"IRONCLAD","items_purchased":[],"campfire_rested":1,"item_purchase_floors":[],"current_hp_per_floor":[67,67,59,59,59,65,65,36,36,36,34,34,24,26,52,0],"gold":157,"neow_bonus":"ONE_RARE_RELIC","is_prod":false,"is_daily":false,"chose_seed":false,"campfire_upgraded":0,"win_rate":0,"timestamp":1566853241,"path_taken":["M","M","M","?","$","E","R","?","T","R","E","R","E","M","R","BOSS"],"build_version":"2019-07-17","purchased_purges":1,"victory":false,"max_hp_per_floor":[75,75,75,75,75,75,75,75,75,75,75,75,89,89,89,89],"card_choices":[{"not_picked":["Perfected Strike","Clothesline"],"picked":"Twin Strike","floor":1.0},{"not_picked":["Immolate","Warcry","Second Wind"],"picked":"SKIP","floor":2.0},{"not_picked":["Blood for Blood","Twin Strike"],"picked":"Pummel","floor":3.0},{"not_picked":["Twin Strike","Pommel Strike"],"picked":"Ghostly Armor","floor":8.0},{"not_picked":["Dual Wield","Evolve","Havoc"],"picked":"SKIP","floor":11.0},{"not_picked":["Anger","Feed"],"picked":"Whirlwind","floor":13},{"not_picked":["Corruption","Anger","Iron Wave"],"picked":"SKIP","floor":14}],"player_experience":895368,"relics_obtained":[{"floor":9.0,"key":"Blue Candle"},{"floor":11.0,"key":"Mercury Hourglass"},{"floor":13,"key":"Mango"}],"event_choices":[{"damage_healed":0.0,"max_hp_gain":0.0,"max_hp_loss":0.0,"gold_gain":0.0,"event_name":"Match and Keep!","player_choice":"1 cards matched","floor":4.0,"gold_loss":0.0,"damage_taken":0.0,"cards_obtained":["Dual Wield"]}],"is_beta":false,"boss_relics":[],"items_purged_floors":[5],"is_endless":false,"potions_floor_spawned":[3,6,11],"killed_by":"The Guardian","ascension_level":15}