{"gold_per_floor":[212,112,51,65,75,75,92,92,92,106,106,16,36,48,48,153,153,168,168,168,182,38,38],"floor_reached":23,"playtime":3490,"items_purged":["Defend_G","Defend_G"],"score":293,"play_id":"de8611a9-7620-4e53-a426-7fe2eff7b38c","local_time":"20190823165111","is_ascension_mode":true,"campfire_choices":[{"data":"Noxious Fumes","floor":6.0,"key":"SMITH"},{"data":"Catalyst","floor":8.0,"key":"SMITH"},{"data":"Blur","floor":11.0,"key":"SMITH"},{"data":"Well Laid Plans","floor":15.0,"key":"SMITH"}],"neow_cost":"NONE","seed_source_timestamp":867832239337244,"circlet_count":0,"master_deck":["AscendersBane","Strike_G","Strike_G","Strike_G","Strike_G","Defend_G","Defend_G","Survivor","Neutralize","Noxious Fumes+1","Quick Slash","Catalyst+1","Blur+1","Blur","Well Laid Plans+1","Die Die Die","Backflip+1","Quick Slash","Noxious Fumes","Blur"],"special_seed":0,"relics":["Ring of the Snake","The Courier","Pantograph","Busted Crown"],"potions_floor_usage":[23],"damage_taken":[{"damage":2.0,"enemies":"Jaw Worm","floor":1.0,"turns":8.0},{"damage":11.0,"enemies":"Cultist","floor":4.0,"turns":4.0},{"damage":0.0,"enemies":"2 Louse","floor":5.0,"turns":3.0},{"damage":7.0,"enemies":"2 Fungi Beasts","floor":7.0,"turns":4.0},{"damage":18.0,"enemies":"3 Louse","floor":10.0,"turns":3.0},{"damage":0.0,"enemies":"Large Slime","floor":13.0,"turns":9.0},{"damage":6.0,"enemies":"Exordium Wildlife","floor":14.0,"turns":4.0},{"damage":9.0,"enemies":"Hexaghost","floor":16.0,"turns":10.0},{"damage":22.0,"enemies":"Spheric Guardian","floor":18.0,"turns":6.0},{"damage":0.0,"enemies":"Chosen","floor":21.0,"turns":5.0},{"damage":42,"enemies":"Book of Stabbing","floor":23,"turns":5}],"seed_played":"8295299831725045380","potions_obtained":[{"floor":13.0,"key":"Explosive Potion"},{"floor":14.0,"key":"Poison Potion"},{"floor":16.0,"key":"SpeedPotion"}],"is_trial":false,"path_per_floor":["M","?","$","M","M","R","M","R","T","M","R","$","M","M","R","B",null,"M","?","?","M","$","E"],"character_chosen":"THE_SILENT","items_purchased":["Noxious Fumes","Blur","Blur"],"campfire_rested":0,"item_purchase_floors":[3,12,22],"current_hp_per_floor":[61,61,61,50,50,50,43,43,43,25,25,25,25,19,19,35,61,39,39,39,39,39,0],"gold":38,"neow_bonus":"HUNDRED_GOLD","is_prod":false,"is_daily":false,"chose_seed":false,"campfire_upgraded":4,"win_rate":0,"timestamp":1566597071,"path_taken":["M","?","$","M","?","R","?","R","T","M","R","?","M","M","R","BOSS","M","?","?","M","$","E"],"build_version":"2019-07-17","purchased_purges":2,"victory":false,"max_hp_per_floor":[70,70,70,70,70,70,70,70,70,70,70,70,70,70,70,70,70,70,70,70,70,70,70],"card_choices":[{"not_picked":["Deadly Poison","Outmaneuver","Dodge and Roll"],"picked":"SKIP","floor":1.0},{"not_picked":["Dagger Throw","Sucker Punch","All Out Attack"],"picked":"SKIP","floor":4.0},{"not_picked":["Dodge and Roll","Flying Knee"],"picked":"Quick Slash","floor":5.0},{"not_picked":["Blade Dance","Deadly Poison"],"picked":"Catalyst","floor":7.0},{"not_picked":["Slice","Deadly Poison"],"picked":"Blur","floor":10.0},{"not_picked":["Deflect","Concentrate"],"picked":"Well Laid Plans","floor":13.0},{"not_picked":["Choke","Deflect","Deadly Poison"],"picked":"SKIP","floor":14.0},{"not_picked":["Bullet Time","Malaise"],"picked":"Die Die Die","floor":16.0},{"not_picked":[],"picked":"Backflip+1","floor":18.0},{"not_picked":["PiercingWail"],"picked":"SKIP","floor":21.0}],"player_experience":809185,"relics_obtained":[{"floor":9.0,"key":"Pantograph"}],"event_choices":[{"damage_healed":0.0,"max_hp_gain":0.0,"max_hp_loss":0.0,"gold_gain":0.0,"event_name":"WeMeetAgain","player_choice":"Paid Gold","floor":2.0,"gold_loss":100.0,"damage_taken":0.0,"relics_obtained":["The Courier"]},{"damage_healed":0.0,"max_hp_gain":0.0,"max_hp_loss":0.0,"gold_gain":0.0,"cards_transformed":["Strike_G","Defend_G"],"event_name":"Drug Dealer","player_choice":"Became Test Subject","floor":19.0,"gold_loss":0.0,"damage_taken":0.0,"cards_obtained":["Quick Slash","Noxious Fumes"]},{"damage_healed":0.0,"max_hp_gain":0.0,"max_hp_loss":0.0,"gold_gain":0.0,"event_name":"Vampires","player_choice":"Ignored","floor":20.0,"gold_loss":0.0,"damage_taken":0.0}],"is_beta":false,"boss_relics":[{"not_picked":["White Beast Statue","Velvet Choker"],"picked":"Busted Crown"}],"items_purged_floors":[12,22],"is_endless":false,"potions_floor_spawned":[13,14,16,18],"killed_by":"Book of Stabbing","ascension_level":12}