{"gold_per_floor":[112,112,126,126,145,145,145,145,145,170,189,216,234,252,252,252],"floor_reached":16,"playtime":929,"items_purged":[],"score":253,"play_id":"cc0a54e9-b5ff-42e9-a5dc-cf7815dc11a0","local_time":"20190907115250","is_ascension_mode":true,"campfire_choices":[{"data":"Barricade","floor":6,"key":"SMITH"},{"data":"Entrench","floor":8,"key":"SMITH"},{"data":"True Grit","floor":15,"key":"SMITH"}],"neow_cost":"TEN_PERCENT_HP_LOSS","seed_source_timestamp":129996486365094,"circlet_count":0,"master_deck":["AscendersBane","Strike_R","Strike_R","Strike_R","Strike_R","Defend_R","Defend_R","Defend_R","Defend_R","Bash","Barricade+1","Pommel Strike","Entrench+1","Carnage","Shockwave","True Grit+1"],"special_seed":0,"relics":["Burning Blood","Charon\u0027s Ashes","Anchor","The Courier","Orichalcum","Champion Belt"],"potions_floor_usage":[16],"damage_taken":[{"damage":4.0,"enemies":"Small Slimes","floor":1.0,"turns":3.0},{"damage":7.0,"enemies":"Cultist","floor":3.0,"turns":4.0},{"damage":14,"enemies":"Jaw Worm","floor":5,"turns":4},{"damage":0,"enemies":"Lagavulin","floor":10,"turns":10},{"damage":0,"enemies":"Exordium Wildlife","floor":11,"turns":4},{"damage":15,"enemies":"3 Sentries","floor":12,"turns":6},{"damage":1,"enemies":"Looter","floor":13,"turns":4},{"damage":11,"enemies":"Large Slime","floor":14,"turns":8},{"damage":55,"enemies":"Hexaghost","floor":16,"turns":18}],"seed_played":"6386575159594348430","potions_obtained":[{"floor":1.0,"key":"FairyPotion"},{"floor":10,"key":"EssenceOfSteel"},{"floor":12,"key":"Dexterity Potion"}],"is_trial":false,"path_per_floor":["M","?","M","?","M","R","T","R","T","E","M","E","M","M","R","B"],"character_chosen":"IRONCLAD","items_purchased":[],"campfire_rested":0,"item_purchase_floors":[],"current_hp_per_floor":[68,68,67,60,52,52,52,52,52,58,64,55,60,55,55,0],"gold":252,"neow_bonus":"ONE_RARE_RELIC","is_prod":false,"is_daily":false,"chose_seed":false,"campfire_upgraded":3,"win_rate":0,"timestamp":1567875170,"path_taken":["M","?","?","?","M","R","?","R","T","E","M","E","M","M","R","BOSS"],"build_version":"2019-07-17","purchased_purges":0,"victory":false,"max_hp_per_floor":[68,68,68,68,68,68,68,68,68,68,68,68,68,68,68,68],"card_choices":[{"not_picked":["Entrench","Sword Boomerang","Heavy Blade"],"picked":"SKIP","floor":1.0},{"not_picked":["Clothesline","Pummel"],"picked":"Pommel Strike","floor":3.0},{"not_picked":["Heavy Blade","Berserk"],"picked":"Entrench","floor":5},{"not_picked":["Infernal Blade","Thunderclap","Blood for Blood"],"picked":"SKIP","floor":10},{"not_picked":["Thunderclap","Havoc"],"picked":"Carnage","floor":11},{"not_picked":["Perfected Strike","Heavy Blade"],"picked":"Shockwave","floor":12},{"not_picked":["Rampage","Heavy Blade","Sword Boomerang"],"picked":"SKIP","floor":13},{"not_picked":["Intimidate","Havoc"],"picked":"True Grit","floor":14}],"player_experience":1121130,"relics_obtained":[{"floor":7,"key":"Anchor"},{"floor":9,"key":"The Courier"},{"floor":10,"key":"Orichalcum"},{"floor":12,"key":"Champion Belt"}],"event_choices":[{"damage_healed":0.0,"max_hp_gain":0.0,"max_hp_loss":0.0,"gold_gain":0.0,"event_name":"Match and Keep!","player_choice":"1 cards matched","floor":2.0,"gold_loss":0.0,"damage_taken":0.0,"cards_obtained":["Barricade"]},{"cards_removed":["Strike_R"],"damage_healed":0.0,"max_hp_gain":0.0,"max_hp_loss":0.0,"gold_gain":0.0,"event_name":"Golden Wing","player_choice":"Card Removal","floor":4.0,"gold_loss":0.0,"damage_taken":7.0}],"is_beta":false,"boss_relics":[],"items_purged_floors":[],"is_endless":false,"potions_floor_spawned":[1,10,11,12],"killed_by":"Hexaghost","ascension_level":17}