{"gold_per_floor":[117,135,135,135,29,29,67,67,67,80,155,169,169,512,512,512],"floor_reached":16,"playtime":310,"items_purged":[],"score":233,"play_id":"5cb3fb53-6994-46db-b850-c4c17a7aa754","local_time":"20190827000103","is_ascension_mode":true,"campfire_choices":[{"data":"Neutralize","floor":6,"key":"SMITH"},{"data":"Skewer","floor":8,"key":"SMITH"},{"floor":13,"key":"REST"},{"data":"Poisoned Stab","floor":15,"key":"SMITH"}],"neow_cost":"NONE","seed_source_timestamp":1025120134126654,"circlet_count":0,"master_deck":["AscendersBane","Strike_G","Strike_G","Strike_G","Strike_G","Defend_G","Defend_G","Defend_G","Defend_G","Defend_G","Survivor","Neutralize+1","Poisoned Stab","Infinite Blades","Acrobatics","Skewer+1","Poisoned Stab+1","Night Terror"],"relics":["Ring of the Snake","NeowsBlessing","Golden Idol","Blue Candle","Regal Pillow","Old Coin"],"potions_floor_usage":[12,14],"damage_taken":[{"damage":0,"enemies":"Jaw Worm","floor":1,"turns":1},{"damage":0,"enemies":"Small Slimes","floor":2,"turns":1},{"damage":0,"enemies":"Lagavulin","floor":7,"turns":1},{"damage":0,"enemies":"Cultist","floor":10,"turns":2},{"damage":0,"enemies":"3 Louse","floor":12,"turns":3},{"damage":29,"enemies":"Gremlin Nob","floor":14,"turns":5},{"damage":0,"enemies":"Hexaghost","floor":16,"turns":1}],"seed_played":"-1658632252337534580","potions_obtained":[{"floor":1,"key":"SkillPotion"},{"floor":7,"key":"EssenceOfSteel"}],"is_trial":false,"path_per_floor":["M","M","?","?","$","R","E","R","T","M","?","M","R","E","R","B"],"character_chosen":"THE_SILENT","items_purchased":["Infinite Blades","Acrobatics"],"campfire_rested":1,"item_purchase_floors":[5,5],"current_hp_per_floor":[59,59,36,36,36,36,36,36,36,36,25,25,59,30,30,30],"gold":512,"neow_bonus":"THREE_ENEMY_KILL","is_prod":false,"is_daily":false,"chose_seed":false,"campfire_upgraded":3,"win_rate":0,"timestamp":1566882063,"path_taken":["M","M","?","?","$","R","E","R","T","?","?","M","R","E","R","BOSS"],"build_version":"2019-07-17","purchased_purges":0,"victory":false,"max_hp_per_floor":[66,66,66,66,66,66,66,66,66,66,66,66,66,66,66,66],"card_choices":[{"not_picked":["Distraction","Concentrate"],"picked":"Poisoned Stab","floor":1},{"not_picked":["Finisher","Blade Dance","Flechettes"],"picked":"SKIP","floor":2},{"not_picked":["All Out Attack","Dodge and Roll"],"picked":"Skewer","floor":7},{"not_picked":["Concentrate","Cloak And Dagger"],"picked":"Poisoned Stab","floor":10},{"not_picked":["Infinite Blades","Terror","Sucker Punch"],"picked":"SKIP","floor":12},{"not_picked":["Caltrops","Dagger Spray"],"picked":"Night Terror","floor":14}],"player_experience":910177,"relics_obtained":[{"floor":7,"key":"Blue Candle"},{"floor":9,"key":"Regal Pillow"},{"floor":14,"key":"Old Coin"}],"event_choices":[{"damage_healed":0,"gold_gain":0,"player_choice":"Take Damage","damage_taken":23,"relics_obtained":["Golden Idol"],"max_hp_gain":0,"max_hp_loss":0,"event_name":"Golden Idol","floor":3,"gold_loss":0},{"cards_removed":["Strike_G"],"damage_healed":0,"gold_gain":0,"player_choice":"Offered Basic","damage_taken":0,"max_hp_gain":0,"max_hp_loss":0,"event_name":"Bonfire Elementals","floor":4,"gold_loss":0},{"damage_healed":0,"gold_gain":75,"player_choice":"Gather Gold","damage_taken":11,"max_hp_gain":0,"max_hp_loss":0,"event_name":"World of Goop","floor":11,"gold_loss":0}],"is_beta":false,"boss_relics":[],"items_purged_floors":[],"is_endless":false,"potions_floor_spawned":[1,7],"killed_by":"Hexaghost","ascension_level":15}