{"gold_per_floor":[114,39,56,56,56,56,71,71,94,112,125,140,215,12,12,90,90,107,118,136,186,201,201],"floor_reached":23,"playtime":1508,"items_purged":["Defend_G","Defend_G"],"score":361,"play_id":"d832e483-81b4-40a4-9687-3245bc798d5b","local_time":"20190830220616","is_ascension_mode":true,"campfire_choices":[{"floor":6.0,"key":"REST"},{"floor":8.0,"key":"REST"},{"floor":15.0,"key":"REST"}],"neow_cost":"NONE","seed_source_timestamp":1219337948951760,"circlet_count":0,"master_deck":["AscendersBane","Survivor","Neutralize","Backflip","Blade Dance","Backflip","Backflip","Predator","Noxious Fumes","Cloak And Dagger","Bullet Time","Die Die Die","Eviscerate","Finisher","Escape Plan","Outmaneuver","Dodge and Roll","Noxious Fumes","Predator","Terror","Footwork+1"],"special_seed":0,"relics":["Fusion Hammer","Strawberry","Pandora\u0027s Box"],"potions_floor_usage":[23],"damage_taken":[{"damage":3.0,"enemies":"2 Louse","floor":1.0,"turns":4.0},{"damage":2.0,"enemies":"Cultist","floor":3.0,"turns":4.0},{"damage":0.0,"enemies":"Small Slimes","floor":7.0,"turns":3.0},{"damage":3.0,"enemies":"Exordium Wildlife","floor":10.0,"turns":7.0},{"damage":13.0,"enemies":"Gremlin Gang","floor":11.0,"turns":6.0},{"damage":0.0,"enemies":"Blue Slaver","floor":12.0,"turns":4.0},{"damage":55.0,"enemies":"Hexaghost","floor":16.0,"turns":12.0},{"damage":13.0,"enemies":"2 Thieves","floor":18.0,"turns":3.0},{"damage":0,"enemies":"3 Byrds","floor":19,"turns":4},{"damage":0,"enemies":"Snecko","floor":20,"turns":4},{"damage":20,"enemies":"Snake Plant","floor":22,"turns":5},{"damage":22,"enemies":"Slavers","floor":23,"turns":3}],"seed_played":"-8066320090064651163","potions_obtained":[{"floor":1.0,"key":"LiquidBronze"},{"floor":18.0,"key":"Weak Potion"}],"is_trial":false,"path_per_floor":["M","$","M","?","?","R","M","R","T","M","M","M","?","$","R","B",null,"M","M","M","?","M","E"],"character_chosen":"THE_SILENT","items_purchased":["Noxious Fumes","Cloak And Dagger"],"campfire_rested":3,"item_purchase_floors":[14,14],"current_hp_per_floor":[56,56,54,59,55,71,71,71,78,75,62,62,51,51,74,19,63,50,50,50,50,30,8],"gold":201,"neow_bonus":"BOSS_RELIC","is_prod":false,"is_daily":false,"chose_seed":false,"campfire_upgraded":0,"win_rate":0,"timestamp":1567220776,"path_taken":["M","$","M","?","?","R","M","R","T","M","?","M","?","?","R","BOSS","M","?","M","?","M","E"],"build_version":"2019-07-17","purchased_purges":2,"victory":false,"max_hp_per_floor":[66,66,66,71,71,71,71,71,78,78,78,78,78,78,78,78,78,78,78,78,78,78,78],"card_choices":[{"not_picked":["Blur","Masterful Stab"],"picked":"Backflip","floor":1.0},{"not_picked":["Underhanded Strike","Deflect"],"picked":"Blade Dance","floor":3.0},{"not_picked":["Cloak And Dagger","Finisher"],"picked":"Backflip","floor":7.0},{"not_picked":["Tactician","Underhanded Strike","Dodge and Roll"],"picked":"SKIP","floor":10.0},{"not_picked":["Flying Knee","Dagger Spray"],"picked":"Backflip","floor":11.0},{"not_picked":["Cloak And Dagger","Poisoned Stab"],"picked":"Predator","floor":12.0},{"not_picked":["Venomology","A Thousand Cuts"],"picked":"Bullet Time","floor":16.0},{"not_picked":["Dagger Spray","Sucker Punch","Blade Dance"],"picked":"SKIP","floor":18.0},{"not_picked":["Sucker Punch","Dagger Throw"],"picked":"Terror","floor":19},{"not_picked":["Outmaneuver","Distraction"],"picked":"Footwork+1","floor":20},{"not_picked":["Blade Dance","Escape Plan","Infinite Blades"],"picked":"SKIP","floor":22}],"player_experience":1007703,"relics_obtained":[{"floor":9.0,"key":"Strawberry"}],"event_choices":[{"damage_healed":0.0,"max_hp_gain":5.0,"max_hp_loss":0.0,"gold_gain":0.0,"event_name":"Big Fish","player_choice":"Donut","floor":4.0,"gold_loss":0.0,"damage_taken":0.0},{"damage_healed":0.0,"max_hp_gain":0.0,"max_hp_loss":0.0,"gold_gain":0.0,"event_name":"The Woman in Blue","player_choice":"Bought 0 Potions","floor":5.0,"gold_loss":0.0,"damage_taken":0.0},{"damage_healed":0.0,"max_hp_gain":0.0,"max_hp_loss":0.0,"gold_gain":75.0,"event_name":"World of Goop","player_choice":"Gather Gold","floor":13.0,"gold_loss":0.0,"damage_taken":11.0},{"damage_healed":0,"gold_gain":50,"player_choice":"Stole From Cult","damage_taken":0,"max_hp_gain":0,"max_hp_loss":0,"event_name":"Nest","floor":21,"gold_loss":0}],"is_beta":false,"boss_relics":[{"not_picked":["Eternal Feather","White Beast Statue"],"picked":"Pandora\u0027s Box"}],"items_purged_floors":[2,14],"is_endless":false,"potions_floor_spawned":[1,18],"killed_by":"Slavers","ascension_level":19}