{"gold_per_floor":[117,137,150,75,75,75,90,90,90,90,15,15,28,40,40,40],"floor_reached":16,"playtime":1196,"items_purged":["Defend_G"],"score":179,"play_id":"12116e3b-4ce7-4c25-a533-b44fa140f2ee","local_time":"20190830125136","is_ascension_mode":true,"campfire_choices":[{"data":"Backflip","floor":6,"key":"SMITH"},{"data":"Backflip","floor":10,"key":"SMITH"},{"data":"Neutralize","floor":15,"key":"SMITH"}],"neow_cost":"NONE","seed_source_timestamp":1194567765071370,"circlet_count":0,"master_deck":["AscendersBane","Strike_G","Strike_G","Strike_G","Strike_G","Defend_G","Defend_G","Defend_G","Survivor","Neutralize+1","Backflip+1","Well Laid Plans","Backflip+1","Predator","Poisoned Stab"],"special_seed":0,"relics":["Philosopher\u0027s Stone","Question Card"],"potions_floor_usage":[7,16],"damage_taken":[{"damage":0.0,"enemies":"2 Louse","floor":1.0,"turns":4.0},{"damage":3.0,"enemies":"Jaw Worm","floor":2.0,"turns":4.0},{"damage":2.0,"enemies":"Cultist","floor":3.0,"turns":4.0},{"damage":8,"enemies":"Exordium Thugs","floor":7,"turns":4},{"damage":6,"enemies":"3 Louse","floor":13,"turns":4},{"damage":0,"enemies":"Large Slime","floor":14,"turns":5},{"damage":43,"enemies":"Hexaghost","floor":16,"turns":11}],"seed_played":"-7894344936817726856","potions_obtained":[{"floor":2.0,"key":"AttackPotion"},{"floor":14,"key":"GamblersBrew"}],"is_trial":false,"path_per_floor":["M","M","M","$","?","R","M","$","T","R","?","$","M","M","R","B"],"character_chosen":"THE_SILENT","items_purchased":[],"campfire_rested":0,"item_purchase_floors":[],"current_hp_per_floor":[59,56,54,54,54,54,46,46,46,46,46,46,40,40,40,0],"gold":40,"neow_bonus":"BOSS_RELIC","is_prod":false,"is_daily":false,"chose_seed":false,"campfire_upgraded":3,"win_rate":0,"timestamp":1567187496,"path_taken":["M","M","M","$","?","R","M","$","T","R","?","?","M","M","R","BOSS"],"build_version":"2019-07-17","purchased_purges":1,"victory":false,"max_hp_per_floor":[66,66,66,66,66,66,66,66,66,66,66,66,66,66,66,66],"card_choices":[{"not_picked":["PiercingWail","Acrobatics"],"picked":"Backflip","floor":1.0},{"not_picked":["Bane","Cloak And Dagger"],"picked":"Well Laid Plans","floor":2.0},{"not_picked":["Tactician","Masterful Stab"],"picked":"Backflip","floor":3.0},{"not_picked":["Deflect","Dodge and Roll","Deadly Poison"],"picked":"SKIP","floor":7},{"not_picked":["Envenom","Caltrops","Quick Slash"],"picked":"Predator","floor":13},{"not_picked":["Prepared","Backflip","Bane"],"picked":"Poisoned Stab","floor":14}],"player_experience":996021,"relics_obtained":[{"floor":9,"key":"Question Card"}],"event_choices":[{"cards_removed":["Defend_G"],"damage_healed":0,"gold_gain":0,"player_choice":"Forget","damage_taken":0,"max_hp_gain":0,"max_hp_loss":0,"event_name":"Living Wall","floor":5,"gold_loss":0},{"cards_removed":["Strike_G"],"damage_healed":0,"gold_gain":0,"player_choice":"Card Removal","damage_taken":0,"max_hp_gain":0,"max_hp_loss":0,"event_name":"The Cleric","floor":11,"gold_loss":75}],"is_beta":false,"boss_relics":[],"items_purged_floors":[4],"is_endless":false,"potions_floor_spawned":[2,14],"killed_by":"Hexaghost","ascension_level":19}