{"gold_per_floor":[111,111,111,129,0,33,33,51,78,113,165,177,213,244,256,357,369,399,429,441,453,489,501,548,560,572,597,609,671,608,620,632,644],"floor_reached":33,"playtime":2904,"items_purged":["Strike_R"],"score":561,"play_id":"106879e0-5d71-4278-9120-47273c37eed9","local_time":"20190909000555","is_ascension_mode":true,"campfire_choices":[{"data":"Corruption","floor":7.0,"key":"SMITH"},{"data":"True Grit","floor":12.0,"key":"SMITH"},{"data":"Shrug It Off","floor":15.0,"key":"SMITH"},{"data":"Juggernaut","floor":23.0,"key":"SMITH"},{"data":"Shrug It Off","floor":25.0,"key":"SMITH"},{"data":"Bite","floor":32.0,"key":"SMITH"}],"neow_cost":"TEN_PERCENT_HP_LOSS","seed_source_timestamp":192563322518373,"circlet_count":0,"master_deck":["AscendersBane","Defend_R","Defend_R+1","Defend_R","Defend_R","Bash","Shrug It Off+1","Corruption+1","True Grit+1","Shrug It Off+1","Juggernaut+1","Shrug It Off+1","Bite+1","Bite","Bite","Bite","Bite"],"special_seed":0,"relics":["Burning Blood","Charon\u0027s Ashes","Golden Idol","PreservedInsect","MawBank","Juzu Bracelet","Busted Crown","MutagenicStrength","Toxic Egg 2","Letter Opener"],"potions_floor_usage":[33],"damage_taken":[{"damage":9.0,"enemies":"Jaw Worm","floor":1.0,"turns":4.0},{"damage":0.0,"enemies":"Cultist","floor":4.0,"turns":3.0},{"damage":28.0,"enemies":"Gremlin Nob","floor":6.0,"turns":4.0},{"damage":0.0,"enemies":"Small Slimes","floor":8.0,"turns":2.0},{"damage":0.0,"enemies":"2 Fungi Beasts","floor":10.0,"turns":4.0},{"damage":2.0,"enemies":"Lagavulin","floor":11.0,"turns":5.0},{"damage":8.0,"enemies":"Exordium Wildlife","floor":13.0,"turns":4.0},{"damage":0.0,"enemies":"Blue Slaver","floor":14.0,"turns":4.0},{"damage":28.0,"enemies":"The Guardian","floor":16.0,"turns":24.0},{"damage":4.0,"enemies":"3 Byrds","floor":18.0,"turns":3.0},{"damage":17.0,"enemies":"Shell Parasite","floor":19.0,"turns":4.0},{"damage":0.0,"enemies":"Snecko","floor":22.0,"turns":4.0},{"damage":19.0,"enemies":"Slavers","floor":24.0,"turns":5.0},{"damage":12.0,"enemies":"Centurion and Healer","floor":27.0,"turns":6.0},{"damage":42,"enemies":"Collector","floor":33,"turns":6}],"seed_played":"1160760325938485713","potions_obtained":[{"floor":1.0,"key":"Energy Potion"},{"floor":4.0,"key":"FearPotion"},{"floor":16.0,"key":"SkillPotion"},{"floor":22.0,"key":"Weak Potion"},{"floor":24.0,"key":"Dexterity Potion"},{"floor":27.0,"key":"SkillPotion"}],"is_trial":false,"path_per_floor":["M","?","?","M","$","E","R","M","T","M","E","R","M","M","R","B",null,"M","M","?","?","M","R","E","R","T","M","?","?","?","?","R","B"],"character_chosen":"IRONCLAD","items_purchased":["Shrug It Off"],"campfire_rested":0,"item_purchase_floors":[5],"current_hp_per_floor":[65,62,43,49,49,27,27,33,33,39,43,43,41,47,47,25,53,55,44,44,44,50,50,37,37,37,31,31,31,31,31,31,0],"gold":644,"neow_bonus":"ONE_RARE_RELIC","is_prod":false,"is_daily":false,"chose_seed":false,"campfire_upgraded":6,"win_rate":0,"timestamp":1568005555,"path_taken":["M","?","?","M","$","E","R","M","T","M","E","R","M","M","R","BOSS","M","M","?","?","M","R","E","R","T","M","?","?","?","?","R","BOSS"],"build_version":"2019-07-17","purchased_purges":1,"victory":false,"max_hp_per_floor":[68,62,62,62,62,62,62,62,62,62,62,62,62,62,62,62,62,62,62,62,62,62,62,62,62,62,62,62,62,62,43,43,43],"card_choices":[{"not_picked":["Flame Barrier","Sword Boomerang","Whirlwind"],"picked":"SKIP","floor":1.0},{"not_picked":["Pommel Strike","Bloodletting","Sword Boomerang"],"picked":"SKIP","floor":4.0},{"not_picked":["Sword Boomerang","Headbutt"],"picked":"Corruption","floor":6.0},{"not_picked":["Pommel Strike","Reckless Charge"],"picked":"True Grit","floor":8.0},{"not_picked":["Spot Weakness","Twin Strike","Perfected Strike"],"picked":"SKIP","floor":10.0},{"not_picked":["Evolve","Demon Form"],"picked":"Shrug It Off","floor":11.0},{"not_picked":["Thunderclap","Fire Breathing","Wild Strike"],"picked":"SKIP","floor":13.0},{"not_picked":["Pommel Strike","Rupture","Sword Boomerang"],"picked":"SKIP","floor":14.0},{"not_picked":["Impervious","Demon Form"],"picked":"Juggernaut","floor":16.0},{"not_picked":["Warcry"],"picked":"SKIP","floor":18.0},{"not_picked":["Perfected Strike"],"picked":"SKIP","floor":19.0},{"not_picked":["Second Wind"],"picked":"SKIP","floor":22.0},{"not_picked":["Clothesline"],"picked":"SKIP","floor":24.0},{"not_picked":[],"picked":"Shrug It Off+1","floor":27.0}],"player_experience":1156998,"relics_obtained":[{"floor":6.0,"key":"PreservedInsect"},{"floor":9.0,"key":"MawBank"},{"floor":11.0,"key":"Juzu Bracelet"},{"floor":24.0,"key":"Toxic Egg 2"},{"floor":26.0,"key":"Letter Opener"}],"event_choices":[{"damage_healed":0.0,"max_hp_gain":0.0,"max_hp_loss":6.0,"gold_gain":0.0,"event_name":"Golden Idol","player_choice":"Lose Max HP","floor":2.0,"gold_loss":0.0,"damage_taken":0.0,"relics_obtained":["Golden Idol"]},{"damage_healed":0.0,"max_hp_gain":0.0,"max_hp_loss":0.0,"gold_gain":0.0,"event_name":"Shining Light","player_choice":"Entered Light","floor":3.0,"gold_loss":0.0,"damage_taken":19.0,"cards_upgraded":["Defend_R","Strike_R"]},{"damage_healed":0.0,"max_hp_gain":0.0,"max_hp_loss":0.0,"gold_gain":0.0,"event_name":"Match and Keep!","player_choice":"0 cards matched","floor":20.0,"gold_loss":0.0,"damage_taken":0.0,"cards_obtained":[]},{"damage_healed":0.0,"max_hp_gain":0.0,"max_hp_loss":0.0,"gold_gain":0.0,"event_name":"Drug Dealer","player_choice":"Inject Mutagens","floor":21.0,"gold_loss":0.0,"damage_taken":0.0,"relics_obtained":["MutagenicStrength"]},{"damage_healed":0.0,"max_hp_gain":0.0,"max_hp_loss":0.0,"gold_gain":0.0,"event_name":"The Mausoleum","player_choice":"Ignored","floor":28.0,"gold_loss":0.0,"damage_taken":0.0},{"damage_healed":0.0,"max_hp_gain":0.0,"max_hp_loss":0.0,"gold_gain":50.0,"event_name":"Nest","player_choice":"Stole From Cult","floor":29.0,"gold_loss":0.0,"damage_taken":0.0},{"cards_removed":["Strike_R"],"damage_healed":0.0,"max_hp_gain":0.0,"max_hp_loss":0.0,"gold_gain":0.0,"event_name":"Beggar","player_choice":"Gave Gold","floor":30.0,"gold_loss":75.0,"damage_taken":0.0},{"damage_healed":0.0,"max_hp_gain":0.0,"max_hp_loss":19.0,"gold_gain":0.0,"event_name":"Vampires","player_choice":"Became a vampire","floor":31.0,"gold_loss":0.0,"damage_taken":0.0,"cards_obtained":["Bite","Bite","Bite","Bite","Bite"]}],"is_beta":false,"boss_relics":[{"not_picked":["Ectoplasm","Runic Cube"],"picked":"Busted Crown"}],"items_purged_floors":[5],"is_endless":false,"potions_floor_spawned":[1,4,16,22,24,27],"killed_by":"Collector","ascension_level":19}