{"gold_per_floor":[109,128,128,145,145,145,56,85,139,139,156,189,206,221,221,294,294,310,25,25,124,136,51,84,84,84,34,34,34,64,77,77,150,150,161,178,178,83,183,217,217,235,313,313,343,343,376,105,105,105],"floor_reached":51,"playtime":9361,"items_purged":["Defend_G","Defend_G","Strike_G","Defend_G"],"score":1170,"play_id":"ca7c7251-3f63-4194-a9b2-e263444a6254","local_time":"20190824125058","is_ascension_mode":true,"campfire_choices":[{"data":"Noxious Fumes","floor":6.0,"key":"SMITH"},{"floor":10.0,"key":"REST"},{"floor":15.0,"key":"REST"},{"data":"Neutralize","floor":25.0,"key":"SMITH"},{"data":"Noxious Fumes","floor":29.0,"key":"SMITH"},{"floor":32.0,"key":"REST"},{"floor":41.0,"key":"REST"},{"data":"Strike_G","floor":44,"key":"PURGE"},{"floor":46,"key":"REST"},{"floor":49,"key":"REST"}],"neow_cost":"PERCENT_DAMAGE","seed_source_timestamp":896854336411435,"circlet_count":0,"master_deck":["AscendersBane","Strike_G","Strike_G","Defend_G","Defend_G","Survivor","Neutralize+1","Die Die Die","Acrobatics","Noxious Fumes+1","Bane","Dash","Bane","Backflip","Die Die Die","Noxious Fumes+1","Well Laid Plans","After Image","Poisoned Stab+1","Prepared+1","Backflip","Parasite","Dagger Throw+1","Backflip"],"special_seed":0,"relics":["Ring of the Serpent","Smiling Mask","Regal Pillow","Ancient Tea Set","The Specimen","Velvet Choker","TwistedFunnel","PreservedInsect","Happy Flower","Ginger","Paper Crane","Red Mask","Peace Pipe","Singing Bowl","Mummified Hand","Dream Catcher","Strawberry"],"potions_floor_usage":[45,47,50],"damage_taken":[{"damage":7.0,"enemies":"Small Slimes","floor":1.0,"turns":5.0},{"damage":4.0,"enemies":"Jaw Worm","floor":2.0,"turns":4.0},{"damage":1.0,"enemies":"Cultist","floor":4.0,"turns":3.0},{"damage":20.0,"enemies":"Lagavulin","floor":8.0,"turns":6.0},{"damage":0.0,"enemies":"Exordium Wildlife","floor":11.0,"turns":5.0},{"damage":13.0,"enemies":"Gremlin Nob","floor":12.0,"turns":4.0},{"damage":16.0,"enemies":"Exordium Thugs","floor":13.0,"turns":4.0},{"damage":0.0,"enemies":"3 Louse","floor":14.0,"turns":2.0},{"damage":12.0,"enemies":"Slime Boss","floor":16.0,"turns":7.0},{"damage":18.0,"enemies":"2 Thieves","floor":18.0,"turns":3.0},{"damage":12.0,"enemies":"Chosen","floor":22.0,"turns":5.0},{"damage":12.0,"enemies":"Slavers","floor":24.0,"turns":3.0},{"damage":0.0,"enemies":"Masked Bandits","floor":30.0,"turns":2.0},{"damage":9.0,"enemies":"Shelled Parasite and Fungi","floor":31.0,"turns":4.0},{"damage":25.0,"enemies":"Collector","floor":33.0,"turns":7.0},{"damage":26.0,"enemies":"3 Darklings","floor":35.0,"turns":4.0},{"damage":9.0,"enemies":"Orb Walker","floor":36.0,"turns":3.0},{"damage":5.0,"enemies":"Nemesis","floor":40.0,"turns":7.0},{"damage":12,"enemies":"Writhing Mass","floor":42,"turns":6},{"damage":21,"enemies":"Reptomancer","floor":45,"turns":4},{"damage":35,"enemies":"Giant Head","floor":47,"turns":7},{"damage":48,"enemies":"Awakened One","floor":50,"turns":14}],"seed_played":"-2943786858858435907","potions_obtained":[{"floor":2.0,"key":"EntropicBrew"},{"floor":4.0,"key":"Regen Potion"},{"floor":12.0,"key":"SteroidPotion"},{"floor":13.0,"key":"SteroidPotion"},{"floor":14.0,"key":"FearPotion"},{"floor":30.0,"key":"PowerPotion"},{"floor":31.0,"key":"FairyPotion"},{"floor":33.0,"key":"Dexterity Potion"},{"floor":42,"key":"AttackPotion"},{"floor":45,"key":"Energy Potion"},{"floor":47,"key":"Regen Potion"}],"is_trial":false,"path_per_floor":["M","M","?","M","?","R","$","E","T","R","M","E","M","M","R","B",null,"M","$","?","?","M","?","E","R","T","$","?","R","?","M","R","B",null,"M","M","?","$","?","E","R","M","T","R","E","R","E","$","R","B",null],"character_chosen":"THE_SILENT","items_purchased":["Dash","TwistedFunnel","Noxious Fumes","Backflip","Strawberry","EssenceOfSteel"],"campfire_rested":6,"item_purchase_floors":[7,19,19,38,48,48],"current_hp_per_floor":[38,34,27,26,19,19,19,14,14,50,50,37,21,21,57,45,64,46,46,46,46,34,34,22,22,22,22,22,22,22,13,49,24,59,33,24,24,24,24,19,55,43,43,43,22,58,25,32,70,22],"gold":105,"neow_bonus":"THREE_RARE_CARDS","is_prod":false,"is_daily":false,"chose_seed":false,"campfire_upgraded":3,"win_rate":0,"timestamp":1566669058,"path_taken":["M","M","?","M","?","R","$","E","T","R","M","E","M","?","R","BOSS","M","$","?","?","?","?","E","R","T","$","?","R","?","M","R","BOSS","M","M","?","$","?","E","R","?","T","R","E","R","E","$","R","BOSS"],"build_version":"2019-07-17","purchased_purges":4,"victory":true,"max_hp_per_floor":[70,70,70,70,70,70,70,70,70,70,70,70,70,70,70,70,70,70,70,70,70,70,70,70,70,70,70,70,70,70,70,70,70,70,70,70,70,70,70,70,70,70,70,70,70,70,72,79,79,79],"card_choices":[{"not_picked":["Corpse Explosion","Burst"],"picked":"Die Die Die","floor":0.0},{"not_picked":["Outmaneuver","Poisoned Stab"],"picked":"Acrobatics","floor":1.0},{"not_picked":["Quick Slash","Deadly Poison"],"picked":"Noxious Fumes","floor":2.0},{"not_picked":["Acrobatics","Endless Agony"],"picked":"Bane","floor":4.0},{"not_picked":["Calculated Gamble","Quick Slash","Tactician"],"picked":"SKIP","floor":8.0},{"not_picked":["Calculated Gamble","Quick Slash","Tactician"],"picked":"SKIP","floor":8.0},{"not_picked":["Blade Dance","Flechettes"],"picked":"Bane","floor":11.0},{"not_picked":["Deflect","Dagger Spray"],"picked":"Backflip","floor":12.0},{"not_picked":["Flechettes","Outmaneuver","Dash"],"picked":"SKIP","floor":13.0},{"not_picked":["Flechettes","Outmaneuver","Dash"],"picked":"SKIP","floor":13.0},{"not_picked":["Masterful Stab","Outmaneuver","Glass Knife"],"picked":"SKIP","floor":14.0},{"not_picked":["A Thousand Cuts","Bullet Time"],"picked":"Die Die Die","floor":16.0},{"not_picked":["Flying Knee","Tactician","Prepared"],"picked":"SKIP","floor":18.0},{"not_picked":["Dagger Spray","Quick Slash","Finisher"],"picked":"SKIP","floor":22.0},{"not_picked":["Deflect","Outmaneuver","Crippling Poison"],"picked":"SKIP","floor":24.0},{"not_picked":["Accuracy+1","Blade Dance","Outmaneuver"],"picked":"SKIP","floor":31.0},{"not_picked":["Night Terror","Burst"],"picked":"After Image","floor":33.0},{"not_picked":["Sucker Punch","Finisher"],"picked":"Poisoned Stab+1","floor":35.0},{"not_picked":["Flying Knee","Bane"],"picked":"Prepared+1","floor":36.0},{"not_picked":["Acrobatics","Poisoned Stab","Dagger Spray"],"picked":"SKIP","floor":40.0},{"not_picked":["Deflect","Dagger Spray","Backstab"],"picked":"SKIP","floor":42},{"not_picked":["Setup","Concentrate"],"picked":"Dagger Throw+1","floor":45},{"not_picked":["Deflect","Slice","Flechettes"],"picked":"Singing Bowl","floor":47},{"not_picked":["Flying Knee","Acrobatics"],"picked":"Backflip","floor":49}],"player_experience":828312,"relics_obtained":[{"floor":8.0,"key":"Regal Pillow"},{"floor":9.0,"key":"Ancient Tea Set"},{"floor":12.0,"key":"The Specimen"},{"floor":24.0,"key":"Ginger"},{"floor":26.0,"key":"Paper Crane"},{"floor":30.0,"key":"Red Mask"},{"floor":40.0,"key":"Peace Pipe"},{"floor":43,"key":"Singing Bowl"},{"floor":45,"key":"Mummified Hand"},{"floor":47,"key":"Dream Catcher"}],"event_choices":[{"damage_healed":0.0,"max_hp_gain":0.0,"max_hp_loss":0.0,"gold_gain":0.0,"event_name":"Scrap Ooze","player_choice":"Success","floor":3.0,"gold_loss":0.0,"damage_taken":7.0,"relics_obtained":["Smiling Mask"]},{"cards_removed":["Strike_G"],"damage_healed":0.0,"max_hp_gain":0.0,"max_hp_loss":0.0,"gold_gain":0.0,"event_name":"Golden Wing","player_choice":"Card Removal","floor":5.0,"gold_loss":0.0,"damage_taken":7.0},{"damage_healed":0.0,"max_hp_gain":0.0,"max_hp_loss":0.0,"gold_gain":0.0,"event_name":"The Mausoleum","player_choice":"Opened","floor":20.0,"gold_loss":0.0,"damage_taken":0.0,"relics_obtained":["PreservedInsect"]},{"damage_healed":0.0,"max_hp_gain":0.0,"max_hp_loss":0.0,"gold_gain":99.0,"event_name":"Nest","player_choice":"Stole From Cult","floor":21.0,"gold_loss":0.0,"damage_taken":0.0},{"damage_healed":0.0,"max_hp_gain":0.0,"max_hp_loss":0.0,"gold_gain":0.0,"event_name":"Addict","player_choice":"Obtained Relic","floor":23.0,"gold_loss":85.0,"damage_taken":0.0,"relics_obtained":["Happy Flower"]},{"damage_healed":0.0,"max_hp_gain":0.0,"max_hp_loss":0.0,"gold_gain":0.0,"event_name":"The Library","player_choice":"Read","floor":28.0,"gold_loss":0.0,"damage_taken":0.0,"cards_obtained":["Well Laid Plans"]},{"damage_healed":0.0,"max_hp_gain":0.0,"max_hp_loss":0.0,"gold_gain":0.0,"event_name":"Masked Bandits","player_choice":"Fought Bandits","floor":30.0,"gold_loss":0.0,"damage_taken":0.0},{"damage_healed":0.0,"max_hp_gain":0.0,"max_hp_loss":0.0,"gold_gain":0.0,"event_name":"Mysterious Sphere","player_choice":"Ignored","floor":37.0,"gold_loss":0.0,"damage_taken":0.0},{"damage_healed":0.0,"max_hp_gain":0.0,"max_hp_loss":0.0,"gold_gain":100.0,"event_name":"Golden Shrine","player_choice":"Pray","floor":39.0,"gold_loss":0.0,"damage_taken":0.0}],"is_beta":false,"boss_relics":[{"not_picked":["Runic Dome","WristBlade"],"picked":"Velvet Choker"},{"not_picked":["Black Star","Coffee Dripper"],"picked":"Ring of the Serpent"}],"items_purged_floors":[7,27,38,48],"is_endless":false,"potions_floor_spawned":[2,4,12,13,14,30,31,33,42,45,47],"ascension_level":13}