{"gold_per_floor":[114,132,132,152,170,170,187,205,259,274,298,374,386,417,417,522,522,532,551,7,26,45,45],"floor_reached":23,"playtime":1640,"items_purged":[],"score":199,"play_id":"9eba96f8-0dc6-46e9-bbfa-6db98ffb9b12","local_time":"20190910091723","is_ascension_mode":false,"campfire_choices":[{"data":"Crescendo","floor":6,"key":"SMITH"},{"data":"FlyingSleeves","floor":15,"key":"SMITH"}],"neow_cost":"NONE","seed_source_timestamp":152835236762600,"circlet_count":0,"master_deck":["Strike_P","Strike_P","Strike_P","Strike_P","Defend_P","Defend_P","Defend_P","Defend_P","Eruption","Vigilance","CrushJoints","FlyingSleeves+1","Consecrate","Crescendo+1","TalkToTheHand","Evaluate","BowlingBash","Sanctity","Halt","CleanseEvil","DeusExMachina","Protect","FollowUp","DevaForm","Perseverance","EmptyFist","Halt+1","SandsOfTime+1"],"relics":["PureWater","Tiny Chest","Odd Mushroom","Meat on the Bone","Question Card","Velvet Choker","Chemical X","Pen Nib"],"potions_floor_usage":[7,16,16,22],"damage_taken":[{"damage":0,"enemies":"2 Louse","floor":1,"turns":2},{"damage":0,"enemies":"Cultist","floor":2,"turns":2},{"damage":7,"enemies":"Small Slimes","floor":4,"turns":4},{"damage":4,"enemies":"Blue Slaver","floor":5,"turns":3},{"damage":2,"enemies":"Gremlin Gang","floor":7,"turns":3},{"damage":9,"enemies":"3 Louse","floor":8,"turns":3},{"damage":11,"enemies":"Large Slime","floor":10,"turns":3},{"damage":18,"enemies":"The Mushroom Lair","floor":11,"turns":3},{"damage":7,"enemies":"Exordium Thugs","floor":13,"turns":3},{"damage":5,"enemies":"3 Sentries","floor":14,"turns":8},{"damage":39,"enemies":"The Guardian","floor":16,"turns":13},{"damage":27,"enemies":"2 Thieves","floor":18,"turns":3},{"damage":17,"enemies":"Spheric Guardian","floor":19,"turns":4},{"damage":7,"enemies":"Centurion and Healer","floor":21,"turns":5},{"damage":26,"enemies":"Snake Plant","floor":22,"turns":5},{"damage":24,"enemies":"Slavers","floor":23,"turns":1}],"seed_played":"8342317126772674202","potions_obtained":[{"floor":0,"key":"Dexterity Potion"},{"floor":0,"key":"FairyPotion"},{"floor":0,"key":"EssenceOfSteel"},{"floor":5,"key":"Fire Potion"},{"floor":7,"key":"StancePotion"},{"floor":18,"key":"SneckoOil"},{"floor":19,"key":"DuplicationPotion"},{"floor":21,"key":"Dexterity Potion"}],"is_trial":false,"path_per_floor":["M","M","?","M","M","R","M","M","T","M","?","T","M","E","R","B",null,"M","M","$","M","M","E"],"character_chosen":"WATCHER","items_purchased":["DevaForm","Chemical X","Pen Nib","Perseverance","EmptyFist"],"campfire_rested":0,"item_purchase_floors":[20,20,20,20,20],"current_hp_per_floor":[65,65,65,58,54,54,52,43,43,32,14,14,19,26,26,27,65,38,33,33,38,24,0],"gold":45,"neow_bonus":"THREE_SMALL_POTIONS","is_prod":false,"is_daily":false,"chose_seed":false,"campfire_upgraded":2,"win_rate":0.0,"timestamp":1568121443,"path_taken":["M","M","?","?","?","R","M","M","T","M","?","?","M","E","R","BOSS","M","?","$","M","M","E"],"build_version":"2019-09-09v2","purchased_purges":0,"victory":false,"max_hp_per_floor":[65,65,65,65,65,65,65,65,65,65,65,65,65,65,65,65,65,65,65,65,65,65,65],"card_choices":[{"not_picked":["CutThroughFate","Nirvana"],"picked":"CrushJoints","floor":1},{"not_picked":["Meditate","Consecrate"],"picked":"FlyingSleeves","floor":2},{"not_picked":["BowlingBash","Protect"],"picked":"Consecrate","floor":4},{"not_picked":["CutThroughFate","InnerPeace"],"picked":"Crescendo","floor":5},{"not_picked":["FlurryOfBlows","Establishment"],"picked":"TalkToTheHand","floor":7},{"not_picked":["EmptyFist","Establishment"],"picked":"Evaluate","floor":8},{"not_picked":["Halt","JustLucky"],"picked":"BowlingBash","floor":10},{"not_picked":["Meditate","Crescendo"],"picked":"Sanctity","floor":11},{"not_picked":["EmptyBody","EmptyMind"],"picked":"Halt","floor":13},{"not_picked":["Weave","Crescendo"],"picked":"CleanseEvil","floor":14},{"not_picked":["MasterReality","LessonLearned","Brilliance"],"picked":"DeusExMachina","floor":16},{"not_picked":["BowlingBash","Halt","JustLucky"],"picked":"Protect","floor":18},{"not_picked":["CrushJoints","BowlingBash","FlyingSleeves"],"picked":"FollowUp","floor":19},{"not_picked":["JustLucky","Sanctity","Ragnarok"],"picked":"Halt+1","floor":21},{"not_picked":["Adaptation","JustLucky+1","CutThroughFate"],"picked":"SandsOfTime+1","floor":22}],"player_experience":1163983,"relics_obtained":[{"floor":9,"key":"Tiny Chest"},{"floor":11,"key":"Odd Mushroom"},{"floor":12,"key":"Meat on the Bone"},{"floor":14,"key":"Question Card"}],"event_choices":[{"damage_healed":0,"gold_gain":0,"player_choice":"Ignored","damage_taken":0,"max_hp_gain":0,"max_hp_loss":0,"event_name":"NoteForYourself","floor":3,"gold_loss":0},{"damage_healed":0,"gold_gain":0,"player_choice":"Fought Mushrooms","damage_taken":0,"max_hp_gain":0,"max_hp_loss":0,"event_name":"Mushrooms","floor":11,"gold_loss":0}],"is_beta":true,"boss_relics":[{"not_picked":["Snecko Eye","Philosopher\u0027s Stone"],"picked":"Velvet Choker"}],"items_purged_floors":[],"is_endless":false,"potions_floor_spawned":[5,7,11,13,18,19,21],"killed_by":"Slavers","ascension_level":0}