{"gold_per_floor":[114,114,114,29,44,74,0,30,55,67,79,121,148,160,172,284,296,323,350,462,489,516,558,585,612,649,661,703,730,742,754,766,878,890,917,944,24,24,39,69,84,114,139,154,184,199,214,124,124,124],"floor_reached":51,"playtime":3541,"items_purged":[],"score":1374,"play_id":"cc87dfa9-a368-4a0f-a170-d4b690215ebf","local_time":"20190907095243","daily_mods":["Cursed Run","Hoarder","Night Terrors"],"is_ascension_mode":false,"campfire_choices":[{"floor":11,"key":"REST"},{"data":"Acrobatics","floor":15,"key":"SMITH"},{"data":"Adrenaline","floor":32,"key":"SMITH"},{"data":"Leg Sweep","floor":49,"key":"SMITH"}],"neow_cost":"","seed_source_timestamp":0,"circlet_count":0,"master_deck":["Defend_G","Defend_G","Defend_G","Defend_G+1","Defend_G+1","Survivor","Neutralize","Dash+1","Dash","Dash","Flash of Steel","Flash of Steel","Flash of Steel","Backflip","Backflip+1","Backflip","Blade Dance","Blade Dance","Blade Dance","Dagger Throw","Dagger Throw","Dagger Throw","Well Laid Plans","Well Laid Plans","Well Laid Plans","Writhe","Writhe","Acrobatics+1","Acrobatics","Acrobatics+1","Dagger Spray","Dagger Spray","Dagger Spray","Blur","Blur","Blur","Decay","Decay","Decay","Adrenaline+1","Adrenaline","Adrenaline","Quick Slash","Quick Slash","Quick Slash","Dagger Throw","Dagger Throw","Dagger Throw","Quick Slash+1","Quick Slash+1","Quick Slash+1","Doubt","Doubt","Doubt","Bite","Bite","Bite","Bite","Bite","Bite","Bite","Bite","Bite","Bite","Bite","Bite","Bite","Bite","Bite","Backstab","Backstab","Backstab","Decay","Decay","Decay","Prepared","Prepared","Prepared","Impatience+1","Impatience","Impatience","Leg Sweep","Leg Sweep","Leg Sweep+1","Footwork","Footwork","Footwork","Normality","Normality","Parasite","Parasite","Parasite","Parasite","Parasite","Parasite"],"special_seed":18146,"relics":["Cursed Key","Darkstone Periapt","Du-Vu Doll","PreservedInsect","Bag of Marbles","Mummified Hand","MawBank","The Courier","Busted Crown","Dream Catcher","Anchor","Snake Skull","Red Mask","Coffee Dripper","Boot","War Paint","Pocketwatch","Lantern","Cauldron","Nunchaku","Bronze Scales","Blood Vial","Vajra"],"potions_floor_usage":[8,22,23,28,33,33,50,50],"damage_taken":[{"damage":1,"enemies":"Cultist","floor":1,"turns":4},{"damage":0,"enemies":"2 Louse","floor":5,"turns":2},{"damage":0,"enemies":"3 Sentries","floor":6,"turns":5},{"damage":0,"enemies":"Lagavulin","floor":8,"turns":2},{"damage":9,"enemies":"3 Sentries","floor":12,"turns":3},{"damage":0,"enemies":"Jaw Worm","floor":13,"turns":1},{"damage":0,"enemies":"The Guardian","floor":16,"turns":10},{"damage":2,"enemies":"Shell Parasite","floor":18,"turns":2},{"damage":0,"enemies":"3 Byrds","floor":19,"turns":2},{"damage":0,"enemies":"Snecko","floor":21,"turns":2},{"damage":1,"enemies":"Shelled Parasite and Fungi","floor":22,"turns":3},{"damage":7,"enemies":"Book of Stabbing","floor":23,"turns":2},{"damage":0,"enemies":"Sentry and Sphere","floor":24,"turns":3},{"damage":8,"enemies":"Snake Plant","floor":25,"turns":3},{"damage":0,"enemies":"Gremlin Leader","floor":28,"turns":2},{"damage":3,"enemies":"Shelled Parasite and Fungi","floor":29,"turns":3},{"damage":0,"enemies":"Masked Bandits","floor":31,"turns":1},{"damage":0,"enemies":"Collector","floor":33,"turns":6},{"damage":5,"enemies":"3 Shapes","floor":35,"turns":2},{"damage":0,"enemies":"Orb Walker","floor":36,"turns":1},{"damage":2,"enemies":"Transient","floor":39,"turns":5},{"damage":0,"enemies":"Nemesis","floor":40,"turns":3},{"damage":0,"enemies":"Sphere and 2 Shapes","floor":41,"turns":2},{"damage":0,"enemies":"Reptomancer","floor":42,"turns":3},{"damage":0,"enemies":"Maw","floor":44,"turns":4},{"damage":0,"enemies":"Nemesis","floor":45,"turns":2},{"damage":0,"enemies":"Writhing Mass","floor":46,"turns":2},{"damage":1,"enemies":"Sphere and 2 Shapes","floor":47,"turns":2},{"damage":4,"enemies":"Time Eater","floor":50,"turns":5}],"seed_played":"1355614524646077970","potions_obtained":[{"floor":1,"key":"SpeedPotion"},{"floor":6,"key":"SteroidPotion"},{"floor":8,"key":"GhostInAJar"},{"floor":18,"key":"PowerPotion"},{"floor":25,"key":"PowerPotion"},{"floor":28,"key":"Weak Potion"},{"floor":29,"key":"Block Potion"},{"floor":33,"key":"GamblersBrew"},{"floor":36,"key":"FairyPotion"},{"floor":37,"key":"SkillPotion"},{"floor":37,"key":"GhostInAJar"}],"is_trial":false,"path_per_floor":["M","?","?","$","M","E","$","E","T","?","R","E","M","?","R","B",null,"M","M","?","M","M","E","M","M","T","?","E","M","?","?","R","B",null,"M","M","$","?","M","E","M","E","T","M","E","M","M","?","R","B",null],"character_chosen":"THE_SILENT","items_purchased":["Flash of Steel","Blade Dance","Dagger Throw","Impatience","Boot","War Paint","Pocketwatch","Leg Sweep","Footwork","Lantern","Cauldron"],"campfire_rested":1,"item_purchase_floors":[4,7,7,37,37,37,37,37,37,37,37],"current_hp_per_floor":[69,55,30,30,30,30,30,30,48,48,83,74,74,74,74,92,101,99,99,99,99,98,91,91,83,101,83,83,83,83,83,83,101,101,96,96,96,96,99,99,99,101,119,119,119,137,136,136,136,155],"gold":124,"neow_bonus":"","is_prod":false,"is_daily":true,"chose_seed":false,"campfire_upgraded":3,"win_rate":0.0,"timestamp":1567864363,"path_taken":["M","?","?","$","?","E","$","E","T","?","R","E","M","?","R","BOSS","M","M","?","?","M","E","M","?","T","?","E","M","?","?","R","BOSS","M","M","$","?","M","E","M","E","T","M","E","?","M","?","R","BOSS"],"build_version":"2019-07-17","purchased_purges":0,"victory":true,"max_hp_per_floor":[70,70,70,70,70,70,70,70,88,88,83,83,83,83,83,101,101,101,101,101,101,101,101,101,101,119,83,83,83,83,83,83,101,101,101,101,101,101,101,101,101,101,119,119,119,137,137,137,137,155],"card_choices":[{"not_picked":["Choke","Flying Knee"],"picked":"Dash","floor":1},{"not_picked":["Dodge and Roll","Bane","Endless Agony"],"picked":"SKIP","floor":5},{"not_picked":["Concentrate","Quick Slash"],"picked":"Backflip","floor":6},{"not_picked":["Envenom","Flechettes"],"picked":"Well Laid Plans","floor":8},{"not_picked":["Flechettes","Poisoned Stab"],"picked":"Acrobatics","floor":12},{"not_picked":["Flying Knee","Cloak And Dagger"],"picked":"Dagger Spray","floor":13},{"not_picked":["Night Terror","Corpse Explosion"],"picked":"Adrenaline","floor":16},{"not_picked":["Outmaneuver"],"picked":"SKIP","floor":18},{"not_picked":[],"picked":"Quick Slash","floor":19},{"not_picked":[],"picked":"Dagger Throw","floor":21},{"not_picked":["Well Laid Plans"],"picked":"SKIP","floor":22},{"not_picked":["All Out Attack"],"picked":"SKIP","floor":23},{"not_picked":["Wraith Form v2"],"picked":"SKIP","floor":24},{"not_picked":[],"picked":"Quick Slash+1","floor":25},{"not_picked":["Choke"],"picked":"SKIP","floor":28},{"not_picked":["Outmaneuver"],"picked":"SKIP","floor":29},{"not_picked":[],"picked":"Backstab","floor":31},{"not_picked":[],"picked":"Prepared","floor":35},{"not_picked":["Well Laid Plans"],"picked":"SKIP","floor":36},{"not_picked":["Well Laid Plans"],"picked":"SKIP","floor":39},{"not_picked":["Slice"],"picked":"SKIP","floor":40},{"not_picked":["Acrobatics"],"picked":"SKIP","floor":41},{"not_picked":["Prepared"],"picked":"SKIP","floor":42},{"not_picked":["Prepared"],"picked":"SKIP","floor":44},{"not_picked":["Distraction"],"picked":"SKIP","floor":45},{"not_picked":["Backstab+1"],"picked":"SKIP","floor":46},{"not_picked":["Outmaneuver+1"],"picked":"SKIP","floor":47}],"player_experience":11705,"relics_obtained":[{"floor":6,"key":"Bag of Marbles"},{"floor":8,"key":"Mummified Hand"},{"floor":9,"key":"MawBank"},{"floor":12,"key":"The Courier"},{"floor":23,"key":"Dream Catcher"},{"floor":26,"key":"Anchor"},{"floor":28,"key":"Snake Skull"},{"floor":31,"key":"Red Mask"},{"floor":40,"key":"Nunchaku"},{"floor":42,"key":"Bronze Scales"},{"floor":43,"key":"Blood Vial"},{"floor":45,"key":"Vajra"}],"event_choices":[{"damage_healed":0,"gold_gain":0,"player_choice":"Entered Light","damage_taken":14,"max_hp_gain":0,"max_hp_loss":0,"event_name":"Shining Light","floor":2,"gold_loss":0,"cards_upgraded":["Defend_G","Dash"]},{"damage_healed":0,"gold_gain":0,"player_choice":"Success","damage_taken":25,"relics_obtained":["PreservedInsect"],"max_hp_gain":0,"max_hp_loss":0,"event_name":"Scrap Ooze","floor":3,"gold_loss":0},{"damage_healed":0,"gold_gain":0,"player_choice":"Searched \u00270\u0027 times","damage_taken":0,"max_hp_gain":0,"max_hp_loss":0,"event_name":"Dead Adventurer","floor":10,"gold_loss":0},{"damage_healed":0,"gold_gain":0,"player_choice":"1 cards matched","damage_taken":0,"max_hp_gain":0,"max_hp_loss":0,"event_name":"Match and Keep!","floor":14,"gold_loss":0,"cards_obtained":["Blur"]},{"damage_healed":0,"gold_gain":100,"player_choice":"Pray","damage_taken":0,"max_hp_gain":0,"max_hp_loss":0,"event_name":"Golden Shrine","floor":20,"gold_loss":0},{"damage_healed":0,"gold_gain":0,"player_choice":"Became a vampire","damage_taken":0,"max_hp_gain":0,"max_hp_loss":36,"event_name":"Vampires","floor":27,"gold_loss":0,"cards_obtained":["Bite","Bite","Bite","Bite","Bite"]},{"cards_removed":["Writhe"],"damage_healed":0,"gold_gain":0,"player_choice":"Elegance","damage_taken":0,"max_hp_gain":0,"max_hp_loss":0,"event_name":"Back to Basics","floor":30,"gold_loss":0},{"damage_healed":0,"gold_gain":0,"player_choice":"Fought Bandits","damage_taken":0,"max_hp_gain":0,"max_hp_loss":0,"event_name":"Masked Bandits","floor":31,"gold_loss":0},{"damage_healed":0,"gold_gain":0,"player_choice":"Upgraded","damage_taken":0,"max_hp_gain":0,"max_hp_loss":0,"event_name":"Upgrade Shrine","floor":38,"gold_loss":0,"cards_upgraded":["Impatience"]},{"cards_removed":["Normality"],"damage_healed":0,"gold_gain":0,"player_choice":"Upgrade and Remove","damage_taken":0,"max_hp_gain":0,"max_hp_loss":0,"event_name":"Designer","floor":48,"gold_loss":90,"cards_upgraded":["Defend_G"]}],"is_beta":false,"boss_relics":[{"not_picked":["Lizard Tail","Tiny House"],"picked":"Busted Crown"},{"not_picked":["Fusion Hammer","Velvet Choker"],"picked":"Coffee Dripper"}],"items_purged_floors":[],"is_endless":false,"potions_floor_spawned":[1,6,8,18,25,28,29,33,36,41,42,44,47],"ascension_level":0}