{"gold_per_floor":[115,132,57,57,87,87,107,124,147,147,158,158,193,193,193,266,266,266,266,266,37,37,37,37,37,37,37,37,37,37,37,37,37,37,37,37,37,37,37,37,37,37,37,37,14,14,14,14,14,14],"floor_reached":51,"playtime":4897,"items_purged":["Setup"],"score":1427,"play_id":"e2014799-b628-4d91-b062-3f1e26b0a969","local_time":"20190829005022","is_ascension_mode":true,"campfire_choices":[{"data":"Leg Sweep","floor":6.0,"key":"SMITH"},{"data":"Noxious Fumes","floor":10.0,"key":"SMITH"},{"floor":12.0,"key":"REST"},{"floor":15.0,"key":"REST"},{"floor":23.0,"key":"REST"},{"floor":29.0,"key":"REST"},{"floor":32.0,"key":"REST"},{"data":"Noxious Fumes","floor":40.0,"key":"SMITH"},{"data":"Catalyst","floor":42.0,"key":"SMITH"},{"data":"Bullet Time","floor":47.0,"key":"SMITH"},{"floor":49.0,"key":"REST"}],"neow_cost":"NONE","seed_source_timestamp":1119369774099001,"circlet_count":0,"master_deck":["AscendersBane","Neutralize","Glass Knife","Doppelganger","Quick Slash+1","Leg Sweep+1","Doppelganger","Noxious Fumes+1","Escape Plan","Poisoned Stab","Endless Agony+1","Crippling Poison","Catalyst+1","Noxious Fumes+1","Acrobatics","Bullet Time+1","Dodge and Roll+1","Predator","PiercingWail+1","Backflip","Bane+1","Heel Hook+1","Shame","Pain","Decay","PiercingWail+1","Dodge and Roll","Blur"],"special_seed":0,"relics":["Pandora\u0027s Box","Tiny Chest","Ancient Tea Set","Ginger","Ectoplasm","Strange Spoon","Dream Catcher","Pear","Blue Candle","Oddly Smooth Stone","Mango","The Courier","Darkstone Periapt","Calling Bell","Snake Skull","Singing Bowl","Du-Vu Doll","Bag of Preparation","Shovel"],"potions_floor_usage":[50],"damage_taken":[{"damage":0.0,"enemies":"Cultist","floor":1.0,"turns":3.0},{"damage":0.0,"enemies":"2 Louse","floor":2.0,"turns":3.0},{"damage":0.0,"enemies":"Small Slimes","floor":7.0,"turns":2.0},{"damage":6.0,"enemies":"Blue Slaver","floor":8.0,"turns":2.0},{"damage":7.0,"enemies":"Gremlin Gang","floor":11.0,"turns":3.0},{"damage":3.0,"enemies":"3 Sentries","floor":13.0,"turns":5.0},{"damage":7.0,"enemies":"The Guardian","floor":16.0,"turns":7.0},{"damage":12.0,"enemies":"Chosen","floor":18.0,"turns":4.0},{"damage":9.0,"enemies":"3 Byrds","floor":19.0,"turns":3.0},{"damage":8.0,"enemies":"3 Cultists","floor":20.0,"turns":5.0},{"damage":7.0,"enemies":"Gremlin Leader","floor":25.0,"turns":3.0},{"damage":24.0,"enemies":"Book of Stabbing","floor":27.0,"turns":5.0},{"damage":16.0,"enemies":"Shelled Parasite and Fungi","floor":28.0,"turns":4.0},{"damage":8.0,"enemies":"Colosseum Slavers","floor":30.0,"turns":3.0},{"damage":17.0,"enemies":"Colosseum Nobs","floor":30.0,"turns":5.0},{"damage":5.0,"enemies":"Gremlin Leader","floor":31.0,"turns":4.0},{"damage":0.0,"enemies":"Collector","floor":33.0,"turns":5.0},{"damage":0.0,"enemies":"3 Shapes","floor":35.0,"turns":4.0},{"damage":57.0,"enemies":"3 Darklings","floor":37.0,"turns":4.0},{"damage":15.0,"enemies":"Sphere and 2 Shapes","floor":38.0,"turns":5.0},{"damage":19.0,"enemies":"Reptomancer","floor":44.0,"turns":4.0},{"damage":20.0,"enemies":"4 Shapes","floor":46.0,"turns":5.0},{"damage":28.0,"enemies":"Spire Growth","floor":48.0,"turns":3.0},{"damage":58,"enemies":"Donu and Deca","floor":50,"turns":9}],"seed_played":"8507589230773448728","potions_obtained":[{"floor":7.0,"key":"EssenceOfSteel"},{"floor":13.0,"key":"Poison Potion"},{"floor":16.0,"key":"Energy Potion"},{"floor":28.0,"key":"GamblersBrew"},{"floor":30.0,"key":"Strength Potion"},{"floor":31.0,"key":"Swift Potion"},{"floor":37.0,"key":"AttackPotion"},{"floor":38.0,"key":"FearPotion"},{"floor":44.0,"key":"Regen Potion"}],"is_trial":false,"path_per_floor":["M","M","$","?","?","R","M","M","T","R","M","R","E","?","R","B",null,"M","M","M","$","T","R","?","E","T","E","M","R","?","E","R","B",null,"M","?","M","M","?","R","$","R","T","E","$","M","R","M","R","B",null],"character_chosen":"THE_SILENT","items_purchased":["Strange Spoon","Dodge and Roll"],"campfire_rested":6,"item_purchase_floors":[21,45],"current_hp_per_floor":[59,59,59,39,28,28,28,22,22,22,15,34,31,31,50,43,60,48,39,31,31,31,50,50,53,53,29,13,35,24,19,46,46,97,99,99,42,29,92,92,92,92,92,75,75,55,55,41,71,13],"gold":14,"neow_bonus":"BOSS_RELIC","is_prod":false,"is_daily":false,"chose_seed":false,"campfire_upgraded":5,"win_rate":0,"timestamp":1567057822,"path_taken":["M","M","?","?","?","R","?","M","T","R","M","R","E","?","R","BOSS","M","M","?","$","?","R","?","E","T","E","M","R","?","E","R","BOSS","M","?","?","M","?","R","$","R","T","E","?","?","R","M","R","BOSS"],"build_version":"2019-07-17","purchased_purges":1,"victory":true,"max_hp_per_floor":[66,66,66,66,66,66,66,66,66,66,66,66,66,66,66,66,66,66,66,66,66,66,66,66,76,76,76,76,76,90,90,90,90,108,110,110,110,112,92,92,92,92,92,94,94,94,94,96,98,98],"card_choices":[{"not_picked":["Poisoned Stab","Deflect"],"picked":"Crippling Poison","floor":1.0},{"not_picked":["Deadly Poison","Underhanded Strike","Prepared"],"picked":"SKIP","floor":2.0},{"not_picked":["Dagger Throw","Reflex","Acrobatics"],"picked":"SKIP","floor":7.0},{"not_picked":["Deflect","Eviscerate"],"picked":"Catalyst","floor":8.0},{"not_picked":["Dagger Spray","Reflex"],"picked":"Noxious Fumes","floor":11.0},{"not_picked":["Dash","Dagger Spray"],"picked":"Acrobatics","floor":13.0},{"not_picked":["A Thousand Cuts","Glass Knife"],"picked":"Bullet Time","floor":16.0},{"not_picked":["Flechettes","Tactician","Cloak And Dagger"],"picked":"SKIP","floor":18.0},{"not_picked":["Outmaneuver","Dagger Spray"],"picked":"Dodge and Roll","floor":19.0},{"not_picked":["Flying Knee","Accuracy"],"picked":"Predator","floor":20.0},{"not_picked":["Wraith Form v2","Cloak And Dagger"],"picked":"PiercingWail+1","floor":23.0},{"not_picked":["Dagger Throw","Cloak And Dagger","Accuracy"],"picked":"SKIP","floor":25.0},{"not_picked":["Unload","Reflex"],"picked":"Backflip","floor":27.0},{"not_picked":["Skewer","Finisher+1","Deflect"],"picked":"SKIP","floor":28.0},{"not_picked":["Flechettes+1","Distraction"],"picked":"Bane+1","floor":29.0},{"not_picked":["Poisoned Stab","Setup"],"picked":"Heel Hook+1","floor":30.0},{"not_picked":["Leg Sweep","Backstab","Acrobatics"],"picked":"SKIP","floor":31.0},{"not_picked":["Quick Slash","Flying Knee","Sucker Punch"],"picked":"Singing Bowl","floor":35.0},{"not_picked":["Burst","Deadly Poison"],"picked":"PiercingWail+1","floor":37.0},{"not_picked":["Predator","Prepared","Tactician+1"],"picked":"Singing Bowl","floor":38.0},{"not_picked":["Flying Knee+1","PiercingWail","Quick Slash"],"picked":"Singing Bowl","floor":44.0},{"not_picked":["Tactician","Backflip"],"picked":"Blur","floor":46.0},{"not_picked":["Dagger Throw","Endless Agony","Bouncing Flask"],"picked":"Singing Bowl","floor":48.0},{"not_picked":["Endless Agony","Setup","Backflip"],"picked":"Singing Bowl","floor":49.0}],"player_experience":957620,"relics_obtained":[{"floor":9.0,"key":"Ancient Tea Set"},{"floor":13.0,"key":"Ginger"},{"floor":22.0,"key":"Dream Catcher"},{"floor":25.0,"key":"Pear"},{"floor":26.0,"key":"Blue Candle"},{"floor":27.0,"key":"Oddly Smooth Stone"},{"floor":30.0,"key":"Mango"},{"floor":30.0,"key":"The Courier"},{"floor":31.0,"key":"Darkstone Periapt"},{"floor":34.0,"key":"Snake Skull"},{"floor":34.0,"key":"Singing Bowl"},{"floor":34.0,"key":"Du-Vu Doll"},{"floor":43.0,"key":"Bag of Preparation"},{"floor":44.0,"key":"Shovel"}],"event_choices":[{"damage_healed":0.0,"max_hp_gain":0.0,"max_hp_loss":0.0,"gold_gain":0.0,"event_name":"Shining Light","player_choice":"Entered Light","floor":4.0,"gold_loss":0.0,"damage_taken":20.0,"cards_upgraded":["Quick Slash","Endless Agony"]},{"damage_healed":0.0,"max_hp_gain":0.0,"max_hp_loss":0.0,"gold_gain":0.0,"event_name":"Scrap Ooze","player_choice":"Success","floor":5.0,"gold_loss":0.0,"damage_taken":11.0,"relics_obtained":["Tiny Chest"]},{"cards_removed":["Survivor"],"damage_healed":0.0,"max_hp_gain":0.0,"max_hp_loss":0.0,"gold_gain":0.0,"event_name":"Purifier","player_choice":"Purged","floor":14.0,"gold_loss":0.0,"damage_taken":0.0},{"damage_healed":0.0,"max_hp_gain":0.0,"max_hp_loss":0.0,"gold_gain":0.0,"event_name":"Colosseum","player_choice":"Fight","floor":30.0,"gold_loss":0.0,"damage_taken":0.0},{"damage_healed":0.0,"max_hp_gain":0.0,"max_hp_loss":0.0,"gold_gain":0.0,"event_name":"Colosseum","player_choice":"Fought Nobs","floor":30.0,"gold_loss":0.0,"damage_taken":0.0},{"damage_healed":0.0,"max_hp_gain":0.0,"max_hp_loss":0.0,"gold_gain":0.0,"event_name":"Accursed Blacksmith","player_choice":"Forge","floor":36.0,"gold_loss":0.0,"damage_taken":0.0,"cards_upgraded":["Dodge and Roll"]},{"damage_healed":92.0,"max_hp_gain":0.0,"max_hp_loss":20.0,"gold_gain":0.0,"event_name":"The Moai Head","player_choice":"Heal","floor":39.0,"gold_loss":0.0,"damage_taken":0.0}],"is_beta":false,"boss_relics":[{"not_picked":["Velvet Choker","Empty Cage"],"picked":"Ectoplasm"},{"not_picked":["Runic Dome","Busted Crown"],"picked":"Calling Bell"}],"items_purged_floors":[3],"is_endless":false,"potions_floor_spawned":[7,13,16,28,30,30,31,37,38,44],"ascension_level":17}