{"gold_per_floor":[363,363,382,151,169,204,204,254,308,319,344,344,22,22,22,101,101,101,101,1,1,1,1,1,1,1,1,1,1,1,1,1,1,1,1,1,1,1,1,1,1,1,1,1,1,1,1,1,1,1],"floor_reached":50,"playtime":5654,"items_purged":["Strike_G"],"score":874,"play_id":"c4fa97cd-fd19-4eb4-992c-552f3998312a","local_time":"20190829125421","is_ascension_mode":true,"campfire_choices":[{"data":"Bullet Time","floor":7.0,"key":"SMITH"},{"data":"Doppelganger","floor":12.0,"key":"SMITH"},{"floor":15.0,"key":"REST"},{"data":"Noxious Fumes","floor":23.0,"key":"SMITH"},{"floor":25.0,"key":"REST"},{"floor":28.0,"key":"REST"},{"data":"Well Laid Plans","floor":30.0,"key":"SMITH"},{"floor":32.0,"key":"REST"},{"data":"Crippling Poison","floor":40.0,"key":"SMITH"},{"floor":45,"key":"REST"},{"floor":47,"key":"REST"},{"data":"Acrobatics","floor":49,"key":"SMITH"}],"neow_cost":"TEN_PERCENT_HP_LOSS","seed_source_timestamp":1134835798789003,"circlet_count":0,"master_deck":["AscendersBane","Strike_G","Strike_G","Strike_G","Defend_G","Defend_G","Defend_G","Survivor+1","Neutralize","Crippling Poison+1","Bane","Doppelganger+1","PiercingWail+1","Bullet Time+1","Noxious Fumes+1","Noxious Fumes+1","Quick Slash","Well Laid Plans+1","Adrenaline","Acrobatics+1","Corpse Explosion","Heel Hook+1","Dash+1","Sucker Punch+1","Predator+1","Secret Weapon","Violence","Footwork+1"],"special_seed":0,"relics":["Ring of the Snake","Lantern","Tiny Chest","War Paint","Thread and Needle","Boot","Ectoplasm","The Courier","Torii","The Specimen","Astrolabe","Ginger","Centennial Puzzle","PreservedInsect"],"potions_floor_usage":[41,46],"damage_taken":[{"damage":3.0,"enemies":"2 Louse","floor":1.0,"turns":4.0},{"damage":1.0,"enemies":"Cultist","floor":3.0,"turns":4.0},{"damage":3.0,"enemies":"Jaw Worm","floor":5.0,"turns":4.0},{"damage":24.0,"enemies":"Gremlin Nob","floor":6.0,"turns":4.0},{"damage":0.0,"enemies":"3 Louse","floor":10.0,"turns":4.0},{"damage":24.0,"enemies":"Hexaghost","floor":16.0,"turns":10.0},{"damage":0.0,"enemies":"3 Byrds","floor":18.0,"turns":4.0},{"damage":9.0,"enemies":"2 Thieves","floor":20.0,"turns":4.0},{"damage":21.0,"enemies":"Cultist and Chosen","floor":21.0,"turns":6.0},{"damage":0.0,"enemies":"Chosen and Byrds","floor":22.0,"turns":5.0},{"damage":22.0,"enemies":"Slavers","floor":27.0,"turns":5.0},{"damage":0.0,"enemies":"Snake Plant","floor":31.0,"turns":4.0},{"damage":44.0,"enemies":"Champ","floor":33.0,"turns":11.0},{"damage":0.0,"enemies":"3 Darklings","floor":35.0,"turns":2.0},{"damage":0.0,"enemies":"3 Shapes","floor":36.0,"turns":3.0},{"damage":21.0,"enemies":"2 Orb Walkers","floor":37.0,"turns":3.0},{"damage":0.0,"enemies":"Sphere and 2 Shapes","floor":39.0,"turns":3.0},{"damage":1,"enemies":"Spire Growth","floor":41,"turns":5},{"damage":0,"enemies":"4 Shapes","floor":42,"turns":1},{"damage":0,"enemies":"Transient","floor":46,"turns":6},{"damage":62,"enemies":"Awakened One","floor":50,"turns":11}],"seed_played":"-3271141485958021990","potions_obtained":[{"floor":1.0,"key":"AttackPotion"},{"floor":10.0,"key":"Ancient Potion"},{"floor":22.0,"key":"SpeedPotion"},{"floor":27.0,"key":"AttackPotion"},{"floor":33.0,"key":"Explosive Potion"},{"floor":35.0,"key":"Explosive Potion"},{"floor":37.0,"key":"Ancient Potion"},{"floor":41,"key":"Energy Potion"}],"is_trial":false,"path_per_floor":["M","?","M","$","M","E","R","?","T","M","T","R","$","?","R","B",null,"M","?","M","M","M","R","T","R","T","E","R","?","R","M","R","B",null,"M","M","?","?","M","R","M","M","T","$","R","M","R","T","R","B"],"character_chosen":"THE_SILENT","items_purchased":["Bullet Time","Noxious Fumes","Thread and Needle"],"campfire_rested":6,"item_purchase_floors":[4,4,13],"current_hp_per_floor":[56,56,55,55,52,28,28,28,28,28,28,28,28,23,41,17,49,49,49,40,19,19,19,19,37,37,15,33,33,33,33,51,7,47,47,47,26,21,21,21,20,20,20,20,38,38,56,56,56,0],"gold":1,"neow_bonus":"TWO_FIFTY_GOLD","is_prod":false,"is_daily":false,"chose_seed":false,"campfire_upgraded":6,"win_rate":0,"timestamp":1567101261,"path_taken":["M","?","M","$","?","E","R","?","T","?","?","R","$","?","R","BOSS","M","?","?","M","M","R","?","R","T","E","R","?","R","M","R","BOSS","M","M","?","?","M","R","M","M","T","$","R","M","R","?","R","BOSS"],"build_version":"2019-07-17","purchased_purges":1,"victory":false,"max_hp_per_floor":[60,60,60,60,60,60,60,60,60,60,60,60,60,60,60,60,60,60,60,60,60,60,60,60,60,60,60,60,60,60,60,60,60,60,60,60,60,60,60,60,60,60,60,60,60,60,60,60,60,60],"card_choices":[{"not_picked":["Endless Agony","Riddle With Holes"],"picked":"Crippling Poison","floor":1.0},{"not_picked":["Terror","Flying Knee"],"picked":"PiercingWail","floor":3.0},{"not_picked":["PiercingWail","Dagger Throw"],"picked":"Noxious Fumes","floor":5.0},{"not_picked":["Dash","Eviscerate"],"picked":"Quick Slash","floor":6.0},{"not_picked":["Blade Dance","Quick Slash"],"picked":"Well Laid Plans","floor":10.0},{"not_picked":["Malaise","Bullet Time"],"picked":"Adrenaline","floor":16.0},{"not_picked":["Caltrops","Bane","Distraction"],"picked":"SKIP","floor":18.0},{"not_picked":["Bane","Prepared","Cloak And Dagger+1"],"picked":"SKIP","floor":20.0},{"not_picked":["Escape Plan","Glass Knife"],"picked":"Acrobatics","floor":21.0},{"not_picked":["Setup","Outmaneuver+1","Prepared"],"picked":"SKIP","floor":22.0},{"not_picked":["Riddle With Holes","Flying Knee","Flechettes"],"picked":"SKIP","floor":27.0},{"not_picked":["Cloak And Dagger","Slice","Masterful Stab"],"picked":"SKIP","floor":31.0},{"not_picked":["Wraith Form v2","Glass Knife"],"picked":"Corpse Explosion","floor":33.0},{"not_picked":["Quick Slash","Poisoned Stab+1"],"picked":"Predator+1","floor":35.0},{"not_picked":["Blade Dance","Acrobatics","Tactician"],"picked":"SKIP","floor":36.0},{"not_picked":["Flash of Steel","Forethought"],"picked":"Secret Weapon","floor":38.0},{"not_picked":["Forethought","Flash of Steel"],"picked":"Violence","floor":38.0},{"not_picked":["PiercingWail","Flying Knee"],"picked":"Footwork+1","floor":39.0},{"not_picked":["Deflect","Sucker Punch","Slice"],"picked":"SKIP","floor":41},{"not_picked":["Deadly Poison","All Out Attack","Bane"],"picked":"SKIP","floor":42},{"not_picked":["Flying Knee+1","Cloak And Dagger","Heel Hook"],"picked":"SKIP","floor":46}],"player_experience":962517,"relics_obtained":[{"floor":6.0,"key":"Lantern"},{"floor":9.0,"key":"Tiny Chest"},{"floor":11.0,"key":"War Paint"},{"floor":24.0,"key":"The Courier"},{"floor":26.0,"key":"Torii"},{"floor":27.0,"key":"The Specimen"},{"floor":37.0,"key":"Ginger"},{"floor":43,"key":"Centennial Puzzle"},{"floor":48,"key":"PreservedInsect"}],"event_choices":[{"damage_healed":0.0,"max_hp_gain":0.0,"max_hp_loss":0.0,"gold_gain":0.0,"event_name":"Match and Keep!","player_choice":"2 cards matched","floor":2.0,"gold_loss":0.0,"damage_taken":0.0,"cards_obtained":["Bane","Doppelganger"]},{"damage_healed":0.0,"max_hp_gain":0.0,"max_hp_loss":0.0,"gold_gain":50.0,"event_name":"Golden Shrine","player_choice":"Pray","floor":8.0,"gold_loss":0.0,"damage_taken":0.0},{"damage_healed":0.0,"max_hp_gain":0.0,"max_hp_loss":0.0,"gold_gain":0.0,"event_name":"Scrap Ooze","player_choice":"Success","floor":14.0,"gold_loss":0.0,"damage_taken":5.0,"relics_obtained":["Boot"]},{"damage_healed":0.0,"max_hp_gain":0.0,"max_hp_loss":0.0,"gold_gain":0.0,"event_name":"Accursed Blacksmith","player_choice":"Forge","floor":19.0,"gold_loss":0.0,"damage_taken":0.0,"cards_upgraded":["Noxious Fumes"]},{"damage_healed":0.0,"max_hp_gain":0.0,"max_hp_loss":0.0,"gold_gain":0.0,"event_name":"The Mausoleum","player_choice":"Ignored","floor":29.0,"gold_loss":0.0,"damage_taken":0.0},{"damage_healed":0.0,"max_hp_gain":0.0,"max_hp_loss":0.0,"gold_gain":0.0,"event_name":"Mysterious Sphere","player_choice":"Fight","floor":37.0,"gold_loss":0.0,"damage_taken":0.0},{"damage_healed":0.0,"max_hp_gain":0.0,"max_hp_loss":0.0,"gold_gain":0.0,"event_name":"SensoryStone","player_choice":"Memory 2","floor":38.0,"gold_loss":0.0,"damage_taken":5.0}],"is_beta":false,"boss_relics":[{"not_picked":["Velvet Choker","Runic Pyramid"],"picked":"Ectoplasm"},{"not_picked":["Coffee Dripper","Ring of the Serpent"],"picked":"Astrolabe"}],"items_purged_floors":[4],"is_endless":false,"potions_floor_spawned":[1,10,22,27,33,35,37,41],"killed_by":"Awakened One","ascension_level":18}