{"gold_per_floor":[113,113,38,49,49,49,74,74,374,393,393,407,407,423,423,423],"floor_reached":16,"playtime":361,"items_purged":["Defend_R"],"score":238,"play_id":"cbc52791-482f-4b3e-b4d5-dac00218f3df","local_time":"20190908071934","is_ascension_mode":true,"campfire_choices":[{"data":"Armaments","floor":6.0,"key":"SMITH"},{"data":"Bash","floor":8.0,"key":"SMITH"},{"floor":15.0,"key":"REST"}],"neow_cost":"NONE","seed_source_timestamp":161819217511972,"circlet_count":0,"master_deck":["AscendersBane","Strike_R","Strike_R","Strike_R","Strike_R","Defend_R","Defend_R","Defend_R","Bash+1","Armaments+1"],"special_seed":0,"relics":["Burning Blood","NeowsBlessing","Du-Vu Doll","Old Coin","Golden Idol"],"potions_floor_usage":[16,16],"damage_taken":[{"damage":0.0,"enemies":"Small Slimes","floor":1.0,"turns":1.0},{"damage":0.0,"enemies":"Jaw Worm","floor":4.0,"turns":1.0},{"damage":0.0,"enemies":"Lagavulin","floor":7.0,"turns":1.0},{"damage":8.0,"enemies":"2 Louse","floor":10.0,"turns":3.0},{"damage":3.0,"enemies":"Blue Slaver","floor":12.0,"turns":5.0},{"damage":43.0,"enemies":"Large Slime","floor":14.0,"turns":8.0},{"damage":68,"enemies":"Slime Boss","floor":16,"turns":8}],"seed_played":"-1164630354704781034","potions_obtained":[{"floor":1.0,"key":"LiquidBronze"},{"floor":7.0,"key":"Ancient Potion"}],"is_trial":false,"path_per_floor":["M","?","$","M","?","R","E","R","T","M","?","M","$","M","R","B"],"character_chosen":"IRONCLAD","items_purchased":[],"campfire_rested":1,"item_purchase_floors":[],"current_hp_per_floor":[74,67,67,73,73,73,75,75,75,73,68,68,68,31,51,0],"gold":423,"neow_bonus":"THREE_ENEMY_KILL","is_prod":false,"is_daily":false,"chose_seed":false,"campfire_upgraded":2,"win_rate":0,"timestamp":1567945174,"path_taken":["M","?","$","M","?","R","E","R","T","M","?","M","$","M","R","BOSS"],"build_version":"2019-07-17","purchased_purges":1,"victory":false,"max_hp_per_floor":[75,75,75,75,75,75,75,75,75,75,68,68,68,68,68,68],"card_choices":[{"not_picked":["Rupture","Fire Breathing","Iron Wave"],"picked":"SKIP","floor":1.0},{"not_picked":["Iron Wave","Warcry"],"picked":"Armaments","floor":4.0},{"not_picked":["Combust","True Grit","Armaments"],"picked":"SKIP","floor":7.0},{"not_picked":["Clothesline","Pommel Strike","Heavy Blade"],"picked":"SKIP","floor":10.0},{"not_picked":["Headbutt","Seeing Red","Burning Pact"],"picked":"SKIP","floor":12.0},{"not_picked":["True Grit","Sever Soul","Havoc"],"picked":"SKIP","floor":14.0}],"player_experience":1140758,"relics_obtained":[{"floor":7.0,"key":"Du-Vu Doll"},{"floor":9.0,"key":"Old Coin"}],"event_choices":[{"cards_removed":["Strike_R"],"damage_healed":0.0,"max_hp_gain":0.0,"max_hp_loss":0.0,"gold_gain":0.0,"event_name":"Golden Wing","player_choice":"Card Removal","floor":2.0,"gold_loss":0.0,"damage_taken":7.0},{"damage_healed":0.0,"max_hp_gain":0.0,"max_hp_loss":0.0,"gold_gain":0.0,"event_name":"Liars Game","player_choice":"Ignored","floor":5.0,"gold_loss":0.0,"damage_taken":0.0},{"damage_healed":0.0,"max_hp_gain":0.0,"max_hp_loss":7.0,"gold_gain":0.0,"event_name":"Golden Idol","player_choice":"Lose Max HP","floor":11.0,"gold_loss":0.0,"damage_taken":0.0,"relics_obtained":["Golden Idol"]}],"is_beta":false,"boss_relics":[],"items_purged_floors":[3],"is_endless":false,"potions_floor_spawned":[1,7],"killed_by":"Slime Boss","ascension_level":18}