{"gold_per_floor":[361,361,361,380,9,9,22,42,67,101,101,126,126,201,201,277,277,287,287,56,73,92,92,108,138,138,138,138,152,179,198,198,272,272,287,211,257,7,7,7,7,22,22,22,37,37,137,0,0,0],"floor_reached":51,"playtime":3563,"items_purged":[],"score":1528,"play_id":"58481896-6403-4ec9-b86c-9125f0d39cac","local_time":"20190905004359","is_ascension_mode":true,"campfire_choices":[{"data":"Undo","floor":6.0,"key":"SMITH"},{"data":"Dualcast","floor":11.0,"key":"SMITH"},{"floor":15.0,"key":"REST"},{"floor":23.0,"key":"REST"},{"data":"Hologram","floor":27.0,"key":"SMITH"},{"floor":32.0,"key":"REST"},{"floor":40.0,"key":"REST"},{"data":"Glacier","floor":44.0,"key":"SMITH"},{"data":"Darkness","floor":46.0,"key":"SMITH"},{"floor":49.0,"key":"REST"}],"neow_cost":"TEN_PERCENT_HP_LOSS","seed_source_timestamp":22650772443466,"circlet_count":0,"master_deck":["AscendersBane","Zap","Dualcast+1","Defragment+1","Undo+1","Echo Form+1","Glacier+1","Gash","Scrape","Buffer+1","Hyperbeam","Sunder","Rainbow","Multi-Cast","Turbo+1","Darkness+1","Glacier+1","Hologram+1","Defragment+1","Defragment+1","Creative AI+1","Gash","Meteor Strike","Go for the Eyes+1","Core Surge","Loop+1","Machine Learning+1"],"special_seed":0,"relics":["Cracked Core","Frozen Egg 2","Anchor","Potion Belt","Ornamental Fan","Pandora\u0027s Box","Runic Capacitor","Mango","Lantern","War Paint","Sozu","Dead Branch","Centennial Puzzle","Bottled Lightning","Turnip","Red Mask"],"potions_floor_usage":[],"damage_taken":[{"damage":7.0,"enemies":"2 Louse","floor":1.0,"turns":3.0},{"damage":2.0,"enemies":"Cultist","floor":4.0,"turns":4.0},{"damage":4.0,"enemies":"Jaw Worm","floor":7.0,"turns":4.0},{"damage":0.0,"enemies":"Large Slime","floor":8.0,"turns":5.0},{"damage":0.0,"enemies":"Gremlin Nob","floor":10.0,"turns":5.0},{"damage":8.0,"enemies":"3 Sentries","floor":12.0,"turns":7.0},{"damage":10.0,"enemies":"The Guardian","floor":16.0,"turns":10.0},{"damage":0.0,"enemies":"Shell Parasite","floor":18.0,"turns":6.0},{"damage":0.0,"enemies":"Spheric Guardian","floor":21.0,"turns":4.0},{"damage":22.0,"enemies":"Snake Plant","floor":22.0,"turns":3.0},{"damage":0.0,"enemies":"Cultist and Chosen","floor":24.0,"turns":5.0},{"damage":9.0,"enemies":"Slavers","floor":25.0,"turns":9.0},{"damage":0.0,"enemies":"Snecko","floor":29.0,"turns":5.0},{"damage":35.0,"enemies":"Gremlin Leader","floor":30.0,"turns":7.0},{"damage":2.0,"enemies":"Snake Plant","floor":31.0,"turns":4.0},{"damage":0.0,"enemies":"Automaton","floor":33.0,"turns":11.0},{"damage":7.0,"enemies":"3 Shapes","floor":35.0,"turns":5.0},{"damage":31.0,"enemies":"2 Orb Walkers","floor":37.0,"turns":6.0},{"damage":3.0,"enemies":"3 Darklings","floor":42.0,"turns":5.0},{"damage":0.0,"enemies":"Writhing Mass","floor":45.0,"turns":7.0},{"damage":0.0,"enemies":"Mind Bloom Boss Battle","floor":47.0,"turns":7.0},{"damage":0,"enemies":"Donu and Deca","floor":50,"turns":8}],"seed_played":"300818222839822819","potions_obtained":[{"floor":1.0,"key":"Strength Potion"},{"floor":8.0,"key":"Poison Potion"},{"floor":10.0,"key":"Fire Potion"},{"floor":21.0,"key":"PowerPotion"},{"floor":24.0,"key":"Dexterity Potion"},{"floor":25.0,"key":"Dexterity Potion"},{"floor":33.0,"key":"SkillPotion"}],"is_trial":false,"path_per_floor":["M","?","$","M","$","R","M","M","T","E","R","E","?","?","R","B",null,"M","?","$","M","M","R","M","E","T","R","?","M","E","M","R","B",null,"M","$","?","$","?","R","?","M","T","R","M","R","?","?","R","B",null],"character_chosen":"DEFECT","items_purchased":["Frozen Egg 2","Echo Form+1","Runic Capacitor","Core Surge","Loop+1","Centennial Puzzle"],"campfire_rested":5,"item_purchase_floors":[5,5,20,36,38,38],"current_hp_per_floor":[57,57,57,55,55,55,51,51,51,51,51,43,43,32,51,41,58,58,58,58,58,36,55,55,60,60,60,60,60,25,23,46,46,70,63,63,32,32,32,55,55,52,52,52,52,52,52,52,74,74],"gold":0,"neow_bonus":"TWO_FIFTY_GOLD","is_prod":false,"is_daily":false,"chose_seed":false,"campfire_upgraded":5,"win_rate":0,"timestamp":1567662239,"path_taken":["M","?","?","?","$","R","M","M","T","E","R","E","?","?","R","BOSS","M","?","$","M","M","R","M","E","T","R","?","?","E","M","R","BOSS","M","$","?","$","?","R","?","M","T","R","?","R","?","?","R","BOSS"],"build_version":"2019-07-17","purchased_purges":0,"victory":true,"max_hp_per_floor":[64,64,64,64,64,64,64,64,64,64,64,64,64,64,64,64,64,64,64,64,64,64,64,64,78,78,78,78,78,78,78,78,78,78,78,78,78,78,78,78,74,74,74,74,74,74,74,74,74,74],"card_choices":[{"not_picked":["Turbo","Streamline"],"picked":"Defragment","floor":1.0},{"not_picked":["Turbo","Sweeping Beam"],"picked":"Undo","floor":4.0},{"not_picked":["Conserve Battery","Gash"],"picked":"Glacier","floor":7.0},{"not_picked":["Blizzard","Darkness"],"picked":"Gash","floor":8.0},{"not_picked":["Amplify","Force Field"],"picked":"Scrape","floor":10.0},{"not_picked":["Consume","Scrape"],"picked":"Gash","floor":12.0},{"not_picked":["Fission","Thunder Strike"],"picked":"Hyperbeam","floor":16.0},{"not_picked":["Conserve Battery","Steam"],"picked":"Hologram","floor":18.0},{"not_picked":["Reinforced Body","Barrage","Hologram"],"picked":"SKIP","floor":21.0},{"not_picked":["Chaos","Rip and Tear","Cold Snap"],"picked":"SKIP","floor":22.0},{"not_picked":["Leap","Glacier"],"picked":"Defragment+1","floor":24.0},{"not_picked":["Stack","Cold Snap+1"],"picked":"Creative AI+1","floor":25.0},{"not_picked":["Gash","Rebound","Steam Power"],"picked":"SKIP","floor":29.0},{"not_picked":["Streamline","Steam Power","Rip and Tear"],"picked":"SKIP","floor":30.0},{"not_picked":["Recycle","Hologram","Turbo"],"picked":"SKIP","floor":31.0},{"not_picked":["Hyperbeam","Creative AI+1"],"picked":"Meteor Strike","floor":33.0},{"not_picked":["Streamline","Ball Lightning"],"picked":"Go for the Eyes+1","floor":35.0},{"not_picked":["Tempest","Steam","Force Field"],"picked":"SKIP","floor":42.0},{"not_picked":["Steam","Hello World+1","Darkness"],"picked":"SKIP","floor":45.0},{"not_picked":["Steam","Coolheaded+1"],"picked":"Machine Learning+1","floor":47.0}],"player_experience":1095404,"relics_obtained":[{"floor":9.0,"key":"Anchor"},{"floor":10.0,"key":"Potion Belt"},{"floor":12.0,"key":"Ornamental Fan"},{"floor":25.0,"key":"Mango"},{"floor":26.0,"key":"Lantern"},{"floor":30.0,"key":"War Paint"},{"floor":37.0,"key":"Dead Branch"},{"floor":43.0,"key":"Bottled Lightning"},{"floor":47.0,"key":"Turnip"}],"event_choices":[{"damage_healed":0.0,"max_hp_gain":0.0,"max_hp_loss":0.0,"gold_gain":0.0,"event_name":"Upgrade Shrine","player_choice":"Upgraded","floor":2.0,"gold_loss":0.0,"damage_taken":0.0,"cards_upgraded":["Defragment"]},{"damage_healed":0.0,"max_hp_gain":0.0,"max_hp_loss":0.0,"gold_gain":0.0,"cards_transformed":["Defend_B"],"event_name":"Living Wall","player_choice":"Change","floor":13.0,"gold_loss":0.0,"damage_taken":0.0,"cards_obtained":["Buffer"]},{"damage_healed":0.0,"max_hp_gain":0.0,"max_hp_loss":0.0,"gold_gain":75.0,"event_name":"World of Goop","player_choice":"Gather Gold","floor":14.0,"gold_loss":0.0,"damage_taken":11.0},{"damage_healed":0.0,"max_hp_gain":0.0,"max_hp_loss":0.0,"gold_gain":0.0,"event_name":"The Library","player_choice":"Read","floor":19.0,"gold_loss":0.0,"damage_taken":0.0,"cards_obtained":["Defragment"]},{"damage_healed":0.0,"max_hp_gain":0.0,"max_hp_loss":0.0,"gold_gain":0.0,"cards_transformed":["Barrage"],"event_name":"Transmorgrifier","player_choice":"Transformed","floor":28.0,"gold_loss":0.0,"damage_taken":0.0,"cards_obtained":["Gash"]},{"damage_healed":0.0,"max_hp_gain":0.0,"max_hp_loss":0.0,"gold_gain":0.0,"event_name":"Mysterious Sphere","player_choice":"Fight","floor":37.0,"gold_loss":0.0,"damage_taken":0.0},{"cards_removed":["Gash"],"damage_healed":0.0,"max_hp_gain":0.0,"max_hp_loss":0.0,"gold_gain":0.0,"event_name":"Falling","player_choice":"Removed Attack","floor":39.0,"gold_loss":0.0,"damage_taken":0.0},{"damage_healed":0.0,"max_hp_gain":0.0,"max_hp_loss":4.0,"gold_gain":0.0,"event_name":"Winding Halls","player_choice":"Max HP","floor":41.0,"gold_loss":0.0,"damage_taken":0.0},{"damage_healed":0.0,"max_hp_gain":0.0,"max_hp_loss":0.0,"gold_gain":0.0,"event_name":"MindBloom","player_choice":"Fight","floor":47.0,"gold_loss":0.0,"damage_taken":0.0},{"damage_healed":0.0,"max_hp_gain":0.0,"max_hp_loss":0.0,"gold_gain":0.0,"event_name":"Tomb of Lord Red Mask","player_choice":"Paid","floor":48.0,"gold_loss":137.0,"damage_taken":0.0,"relics_obtained":["Red Mask"]}],"is_beta":false,"boss_relics":[{"not_picked":["FrozenCore","Philosopher\u0027s Stone"],"picked":"Pandora\u0027s Box"},{"not_picked":["Tiny House","Inserter"],"picked":"Sozu"}],"items_purged_floors":[],"is_endless":false,"potions_floor_spawned":[1,8,10,21,24,25,33,37,42,45],"ascension_level":18}