{"gold_per_floor":[110,185,198,373,102,135,135,169,169,202,202,213,231,231,231,331,331,350,350,361,73,92,122,122,122,122,136,150,180,196,196,196,292,292,305,305,180,230,243,275,275,275,275,275,290,309,339,350,350,350],"floor_reached":51,"playtime":10559,"items_purged":["Doubt","Defend_G","Strike_G"],"score":765,"play_id":"8b33360d-6340-4691-af50-4a12643c5d54","local_time":"20190822223759","is_ascension_mode":false,"campfire_choices":[{"data":"Apotheosis","floor":7.0,"key":"SMITH"},{"floor":11.0,"key":"REST"},{"floor":15.0,"key":"REST"},{"floor":24.0,"key":"REST"},{"floor":32,"key":"REST"},{"floor":41,"key":"REST"},{"floor":44,"key":"REST"},{"floor":49,"key":"REST"}],"neow_cost":"NONE","seed_source_timestamp":0,"circlet_count":0,"master_deck":["Strike_G","Strike_G","Defend_G","Defend_G","Survivor","Neutralize+1","Blade Dance","PiercingWail","Apotheosis+1","Dagger Throw","Flying Knee","Dash","Poisoned Stab","Dagger Throw","Backflip","Adrenaline","Choke","Blade Dance","Mayhem","Blade Dance","Masterful Stab","All Out Attack+1","Leg Sweep+1","Unload","Distraction+1","Backstab+1","Unload","Prepared+1","Venomology","Malaise"],"special_seed":0,"relics":["Ring of the Snake","Dream Catcher","Centennial Puzzle","Paper Crane","Ornamental Fan","Pocketwatch","Empty Cage","Ice Cream","Pen Nib","Incense Burner","WristBlade","Bird Faced Urn","Ninja Scroll","Molten Egg 2","Unceasing Top"],"potions_floor_usage":[33,33,46,47,48,50,50],"damage_taken":[{"damage":0.0,"enemies":"2 Louse","floor":1.0,"turns":4.0},{"damage":1.0,"enemies":"Cultist","floor":3.0,"turns":4.0},{"damage":3.0,"enemies":"Lagavulin","floor":6.0,"turns":10.0},{"damage":21.0,"enemies":"3 Sentries","floor":8.0,"turns":7.0},{"damage":32.0,"enemies":"Gremlin Nob","floor":10.0,"turns":6.0},{"damage":0.0,"enemies":"Small Slimes","floor":12.0,"turns":2.0},{"damage":0.0,"enemies":"Gremlin Gang","floor":13.0,"turns":4.0},{"damage":5.0,"enemies":"Hexaghost","floor":16.0,"turns":8.0},{"damage":1.0,"enemies":"3 Byrds","floor":18.0,"turns":7.0},{"damage":2.0,"enemies":"Shell Parasite","floor":20.0,"turns":4.0},{"damage":7.0,"enemies":"3 Cultists","floor":22.0,"turns":6.0},{"damage":11.0,"enemies":"Book of Stabbing","floor":23.0,"turns":7.0},{"damage":0.0,"enemies":"Chosen and Byrds","floor":27.0,"turns":6.0},{"damage":6,"enemies":"Snake Plant","floor":28,"turns":5},{"damage":22,"enemies":"Slavers","floor":29,"turns":7},{"damage":0,"enemies":"Centurion and Healer","floor":30,"turns":4},{"damage":0,"enemies":"Champ","floor":33,"turns":10},{"damage":0,"enemies":"Orb Walker","floor":35,"turns":2},{"damage":18,"enemies":"2 Orb Walkers","floor":38,"turns":7},{"damage":0,"enemies":"3 Shapes","floor":39,"turns":4},{"damage":25,"enemies":"Reptomancer","floor":40,"turns":7},{"damage":0,"enemies":"Jaw Worm Horde","floor":45,"turns":3},{"damage":0,"enemies":"3 Darklings","floor":46,"turns":4},{"damage":26,"enemies":"Nemesis","floor":47,"turns":5},{"damage":3,"enemies":"Maw","floor":48,"turns":8},{"damage":24,"enemies":"Awakened One","floor":50,"turns":15}],"seed_played":"1189472196105016901","potions_obtained":[{"floor":1.0,"key":"Poison Potion"},{"floor":3.0,"key":"LiquidBronze"},{"floor":12.0,"key":"Ancient Potion"},{"floor":13.0,"key":"LiquidBronze"},{"floor":25.0,"key":"GhostInAJar"},{"floor":25.0,"key":"Weak Potion"},{"floor":25.0,"key":"SteroidPotion"},{"floor":29,"key":"Fire Potion"},{"floor":38,"key":"Block Potion"},{"floor":40,"key":"Regen Potion"},{"floor":48,"key":"GhostInAJar"}],"is_trial":false,"path_per_floor":["M","?","M","?","$","E","R","E","T","E","R","M","M","?","R","B",null,"M","?","M","$","M","E","R","?","T","M","M","E","M","?","R","B",null,"M","?","$","?","M","E","R","?","T","R","M","M","E","M","R","B",null],"character_chosen":"THE_SILENT","items_purchased":["Apotheosis","Mayhem"],"campfire_rested":7,"item_purchase_floors":[5,21],"current_hp_per_floor":[77,70,69,69,69,66,66,45,45,13,36,36,36,24,47,42,77,76,76,74,74,67,56,77,77,77,77,71,49,49,49,72,72,77,77,77,77,59,59,34,57,57,57,77,77,77,62,59,77,55],"gold":350,"neow_bonus":"TEN_PERCENT_HP_BONUS","is_prod":false,"is_daily":false,"chose_seed":false,"campfire_upgraded":1,"win_rate":0.0,"timestamp":1566484679,"path_taken":["M","?","?","?","$","E","R","E","T","E","R","M","M","?","R","BOSS","M","?","?","$","M","E","R","?","T","?","M","E","M","?","R","BOSS","M","?","$","?","M","E","R","?","T","R","M","M","E","M","R","BOSS"],"build_version":"2019-07-17","purchased_purges":3,"victory":true,"max_hp_per_floor":[77,77,77,77,77,77,77,77,77,77,77,77,77,77,77,77,77,77,77,77,77,77,77,77,77,77,77,77,77,77,77,77,77,77,77,77,77,77,77,77,77,77,77,77,77,77,77,77,77,77],"card_choices":[{"not_picked":["Terror","Crippling Poison"],"picked":"Blade Dance","floor":1.0},{"not_picked":["Backflip","Leg Sweep"],"picked":"PiercingWail","floor":3.0},{"not_picked":["Escape Plan","Eviscerate"],"picked":"Dagger Throw","floor":6.0},{"not_picked":["Adrenaline","Heel Hook"],"picked":"Flying Knee","floor":8.0},{"not_picked":["Well Laid Plans","Underhanded Strike"],"picked":"Dash","floor":10.0},{"not_picked":["Deflect","Quick Slash"],"picked":"Poisoned Stab","floor":11.0},{"not_picked":["Quick Slash","Predator"],"picked":"Dagger Throw","floor":12.0},{"not_picked":["Dagger Throw","A Thousand Cuts"],"picked":"Dodge and Roll","floor":13.0},{"not_picked":["Dagger Spray","Calculated Gamble"],"picked":"Backflip","floor":15.0},{"not_picked":["Envenom","Glass Knife"],"picked":"Adrenaline","floor":16.0},{"not_picked":["Blade Dance+1","Dagger Throw"],"picked":"Choke","floor":18.0},{"not_picked":["Deadly Poison","Dagger Throw+1"],"picked":"Blade Dance","floor":20.0},{"not_picked":["Sucker Punch+1","Backflip","Dodge and Roll"],"picked":"SKIP","floor":22.0},{"not_picked":["Dagger Throw","Crippling Poison+1"],"picked":"Blade Dance","floor":23.0},{"not_picked":["Malaise","Dash+1"],"picked":"Masterful Stab","floor":27},{"not_picked":["Masterful Stab","Prepared","Underhanded Strike"],"picked":"SKIP","floor":28},{"not_picked":["PiercingWail","Flying Knee"],"picked":"All Out Attack+1","floor":29},{"not_picked":["Predator","Prepared"],"picked":"Leg Sweep+1","floor":30},{"not_picked":["Sucker Punch","Slice"],"picked":"Backstab+1","floor":32},{"not_picked":["Envenom","Malaise"],"picked":"Unload","floor":33},{"not_picked":["Underhanded Strike","Backstab"],"picked":"Prepared+1","floor":35},{"not_picked":["Flying Knee+1","Poisoned Stab","Deflect+1"],"picked":"SKIP","floor":39},{"not_picked":["Heel Hook","Outmaneuver+1","PiercingWail+1"],"picked":"SKIP","floor":40},{"not_picked":["Choke+1","Footwork+1"],"picked":"Venomology","floor":44},{"not_picked":["Sucker Punch+1","Outmaneuver","Deadly Poison"],"picked":"SKIP","floor":45},{"not_picked":["Deflect","Dodge and Roll","Blade Dance+1"],"picked":"SKIP","floor":46},{"not_picked":["Prepared+1","Expertise+1"],"picked":"Malaise","floor":47},{"not_picked":["Reflex+1","Deflect","Caltrops"],"picked":"SKIP","floor":48}],"player_experience":2305,"relics_obtained":[{"floor":6.0,"key":"Dream Catcher"},{"floor":8.0,"key":"Centennial Puzzle"},{"floor":9.0,"key":"Paper Crane"},{"floor":10.0,"key":"Ornamental Fan"},{"floor":23.0,"key":"Ice Cream"},{"floor":26.0,"key":"Pen Nib"},{"floor":29,"key":"Incense Burner"},{"floor":38,"key":"Bird Faced Urn"},{"floor":40,"key":"Ninja Scroll"},{"floor":43,"key":"Molten Egg 2"},{"floor":47,"key":"Unceasing Top"}],"event_choices":[{"damage_healed":0.0,"max_hp_gain":0.0,"max_hp_loss":0.0,"gold_gain":75.0,"event_name":"FaceTrader","player_choice":"Touch","floor":2.0,"gold_loss":0.0,"damage_taken":7.0},{"damage_healed":0.0,"max_hp_gain":0.0,"max_hp_loss":0.0,"gold_gain":175.0,"event_name":"Liars Game","player_choice":"AGREE","floor":4.0,"gold_loss":0.0,"damage_taken":0.0,"cards_obtained":["Doubt"]},{"damage_healed":0.0,"max_hp_gain":0.0,"max_hp_loss":0.0,"gold_gain":0.0,"event_name":"Scrap Ooze","player_choice":"Success","floor":14.0,"gold_loss":0.0,"damage_taken":12.0,"relics_obtained":["Pocketwatch"]},{"damage_healed":0.0,"max_hp_gain":0.0,"max_hp_loss":0.0,"gold_gain":0.0,"event_name":"Upgrade Shrine","player_choice":"Upgraded","floor":19.0,"gold_loss":0.0,"damage_taken":0.0,"cards_upgraded":["Neutralize"]},{"damage_healed":0.0,"max_hp_gain":0.0,"max_hp_loss":0.0,"gold_gain":0.0,"event_name":"Lab","player_choice":"Got Potions","floor":25.0,"gold_loss":0.0,"damage_taken":0.0},{"damage_healed":0,"gold_gain":0,"cards_transformed":["Strike_G","Strike_G"],"player_choice":"Became Test Subject","damage_taken":0,"max_hp_gain":0,"max_hp_loss":0,"event_name":"Drug Dealer","floor":31,"gold_loss":0,"cards_obtained":["Unload","Distraction"]},{"cards_removed":["Dodge and Roll"],"damage_healed":0,"gold_gain":0,"player_choice":"Removed Skill","damage_taken":0,"max_hp_gain":0,"max_hp_loss":0,"event_name":"Falling","floor":36,"gold_loss":0},{"damage_healed":0,"gold_gain":0,"player_choice":"Fight","damage_taken":0,"max_hp_gain":0,"max_hp_loss":0,"event_name":"Mysterious Sphere","floor":38,"gold_loss":0},{"damage_healed":0,"gold_gain":0,"player_choice":"Forge","damage_taken":0,"max_hp_gain":0,"max_hp_loss":0,"event_name":"Accursed Blacksmith","floor":42,"gold_loss":0,"cards_upgraded":["Distraction"]}],"is_beta":false,"boss_relics":[{"not_picked":["Velvet Choker","Snecko Eye"],"picked":"Empty Cage"},{"not_picked":["Calling Bell","Lizard Tail"],"picked":"WristBlade"}],"items_purged_floors":[5,21,37],"is_endless":false,"potions_floor_spawned":[1,3,12,13,20,27,29,38,40,46,48],"ascension_level":0}