{"gold_per_floor":[112,132,148,73,85,85,102,121,121,140,140,172,187,187,187,187],"floor_reached":16,"playtime":806,"items_purged":["Defend_B"],"score":180,"play_id":"64be656b-de87-4a86-936d-32b40668307d","local_time":"20190822225926","is_ascension_mode":true,"campfire_choices":[{"data":"Redo","floor":6.0,"key":"SMITH"},{"floor":11.0,"key":"REST"},{"floor":15,"key":"REST"}],"neow_cost":"PERCENT_DAMAGE","seed_source_timestamp":829887711390145,"circlet_count":0,"master_deck":["AscendersBane","Strike_B","Strike_B","Strike_B","Strike_B","Defend_B","Defend_B","Defend_B","Zap","Dualcast","Redo+1","Leap","Capacitor","Defragment"],"special_seed":0,"relics":["Cracked Core","Sundial","PreservedInsect"],"potions_floor_usage":[],"damage_taken":[{"damage":1.0,"enemies":"Cultist","floor":1.0,"turns":3.0},{"damage":4.0,"enemies":"Jaw Worm","floor":2.0,"turns":3.0},{"damage":7.0,"enemies":"Small Slimes","floor":3.0,"turns":3.0},{"damage":3.0,"enemies":"2 Fungi Beasts","floor":5.0,"turns":3.0},{"damage":15.0,"enemies":"3 Louse","floor":7.0,"turns":3.0},{"damage":6.0,"enemies":"Looter","floor":8.0,"turns":2.0},{"damage":2.0,"enemies":"2 Fungi Beasts","floor":10.0,"turns":3.0},{"damage":25.0,"enemies":"Lagavulin","floor":12.0,"turns":5.0},{"damage":16.0,"enemies":"Blue Slaver","floor":13.0,"turns":4.0},{"damage":0,"enemies":"Slime Boss","floor":16,"turns":1}],"seed_played":"-5414015336477102096","potions_obtained":[{"floor":2.0,"key":"Regen Potion"},{"floor":5.0,"key":"PowerPotion"},{"floor":10.0,"key":"Swift Potion"}],"is_trial":false,"path_per_floor":["M","M","M","$","M","R","M","M","T","M","R","E","M","?","R","B"],"character_chosen":"DEFECT","items_purchased":[],"campfire_rested":2,"item_purchase_floors":[],"current_hp_per_floor":[59,55,48,48,45,45,39,33,33,31,56,31,15,15,40,40],"gold":187,"neow_bonus":"TWENTY_PERCENT_HP_BONUS","is_prod":false,"is_daily":false,"chose_seed":false,"campfire_upgraded":1,"win_rate":0,"timestamp":1566532766,"path_taken":["M","M","M","$","?","R","M","M","T","M","R","E","M","?","R","BOSS"],"build_version":"2019-07-17","purchased_purges":1,"victory":false,"max_hp_per_floor":[85,85,85,85,85,85,85,85,85,85,85,85,85,85,85,85],"card_choices":[{"not_picked":["Rebound","Turbo"],"picked":"Redo","floor":1.0},{"not_picked":["Sweeping Beam","Compile Driver","Coolheaded"],"picked":"SKIP","floor":2.0},{"not_picked":["Scrape","Rebound"],"picked":"Leap","floor":3.0},{"not_picked":["Sweeping Beam","Steam","Compile Driver"],"picked":"SKIP","floor":5.0},{"not_picked":["Redo","Barrage"],"picked":"Capacitor","floor":7.0},{"not_picked":["Hologram","Amplify","Go for the Eyes"],"picked":"SKIP","floor":8.0},{"not_picked":["Stack","Coolheaded","Conserve Battery"],"picked":"SKIP","floor":10.0},{"not_picked":["Consume","Heatsinks"],"picked":"Defragment","floor":12.0},{"not_picked":["Redo","Steam Power","Gash"],"picked":"SKIP","floor":13.0}],"player_experience":780713,"relics_obtained":[{"floor":9.0,"key":"Sundial"},{"floor":12.0,"key":"PreservedInsect"}],"event_choices":[{"damage_healed":0,"gold_gain":0,"player_choice":"Searched \u00270\u0027 times","damage_taken":0,"max_hp_gain":0,"max_hp_loss":0,"event_name":"Dead Adventurer","floor":14,"gold_loss":0}],"is_beta":false,"boss_relics":[],"items_purged_floors":[4],"is_endless":false,"potions_floor_spawned":[2,5,10],"killed_by":"Slime Boss","ascension_level":14}