{"gold_per_floor":[118,134,59,70,87,87,37,107,107,127,127,202,202,213,213,213],"floor_reached":16,"playtime":1185,"items_purged":["Defend_R"],"score":147,"play_id":"7c93b336-18bb-46fb-811b-e8e9d97228da","local_time":"20190825003406","is_ascension_mode":true,"campfire_choices":[{"data":"Bash","floor":6,"key":"SMITH"},{"floor":13,"key":"REST"},{"floor":15,"key":"REST"}],"neow_cost":"TEN_PERCENT_HP_LOSS","seed_source_timestamp":942312934556022,"circlet_count":0,"master_deck":["AscendersBane","Strike_R","Strike_R","Strike_R","Strike_R","Defend_R","Defend_R","Defend_R","Bash+1","Second Wind","Shockwave","Feel No Pain","Intimidate"],"relics":["Burning Blood","Unceasing Top","Pen Nib"],"potions_floor_usage":[10,14,14],"damage_taken":[{"damage":5,"enemies":"Small Slimes","floor":1,"turns":4},{"damage":8,"enemies":"2 Louse","floor":2,"turns":4},{"damage":15,"enemies":"Jaw Worm","floor":4,"turns":4},{"damage":14,"enemies":"3 Louse","floor":5,"turns":4},{"damage":36,"enemies":"Gremlin Gang","floor":10,"turns":5},{"damage":14,"enemies":"Lots of Slimes","floor":14,"turns":4},{"damage":0,"enemies":"Hexaghost","floor":16,"turns":1}],"seed_played":"-5264187825832130709","potions_obtained":[{"floor":1,"key":"Dexterity Potion"},{"floor":2,"key":"SkillPotion"},{"floor":10,"key":"Energy Potion"}],"is_trial":false,"path_per_floor":["M","M","$","M","M","R","?","?","T","M","?","?","R","M","R","B"],"character_chosen":"IRONCLAD","items_purchased":[],"campfire_rested":2,"item_purchase_floors":[],"current_hp_per_floor":[72,70,70,61,53,53,53,53,53,23,23,12,33,25,46,46],"gold":213,"neow_bonus":"ONE_RARE_RELIC","is_prod":false,"is_daily":false,"chose_seed":false,"campfire_upgraded":1,"win_rate":0,"timestamp":1566711246,"path_taken":["M","M","$","M","M","R","?","?","T","M","?","?","R","M","R","BOSS"],"build_version":"2019-07-17","purchased_purges":1,"victory":false,"max_hp_per_floor":[72,72,72,72,72,72,72,72,72,72,72,72,72,72,72,72],"card_choices":[{"not_picked":["Blood for Blood","Flex"],"picked":"Second Wind","floor":1},{"not_picked":["Pummel","Headbutt"],"picked":"Shockwave","floor":2},{"not_picked":["Body Slam","Twin Strike","Rampage"],"picked":"SKIP","floor":4},{"not_picked":["Bloodletting","Anger","Pummel"],"picked":"SKIP","floor":5},{"not_picked":["Twin Strike","Rupture"],"picked":"Feel No Pain","floor":10},{"not_picked":["Body Slam","Burning Pact"],"picked":"Intimidate","floor":14}],"player_experience":867158,"relics_obtained":[{"floor":9,"key":"Pen Nib"}],"event_choices":[{"cards_removed":["Strike_R"],"damage_healed":0,"gold_gain":0,"player_choice":"Card Removal","damage_taken":0,"max_hp_gain":0,"max_hp_loss":0,"event_name":"The Cleric","floor":7,"gold_loss":50},{"damage_healed":0,"gold_gain":70,"player_choice":"Gained Gold","damage_taken":0,"max_hp_gain":0,"max_hp_loss":0,"event_name":"Golden Wing","floor":8,"gold_loss":0},{"damage_healed":0,"gold_gain":0,"player_choice":"Ignored","damage_taken":0,"max_hp_gain":0,"max_hp_loss":0,"event_name":"Liars Game","floor":11,"gold_loss":0},{"damage_healed":0,"gold_gain":75,"player_choice":"Gather Gold","damage_taken":11,"max_hp_gain":0,"max_hp_loss":0,"event_name":"World of Goop","floor":12,"gold_loss":0}],"is_beta":false,"boss_relics":[],"items_purged_floors":[3],"is_endless":false,"potions_floor_spawned":[1,2,4,10],"killed_by":"Hexaghost","ascension_level":12}