{"path_per_floor":["M","?","M","M","?","R","E","M","T","E","M","$","M","M","R","B",null,"M","?","?","$","M","R","E"],"character_chosen":"DEFECT","items_purchased":["White Noise","Strength Potion","Glacier","Fire Potion"],"gold_per_floor":[111,36,50,70,70,70,103,118,170,203,220,22,33,44,44,121,121,96,96,96,9,29,29,57,57],"floor_reached":25,"campfire_rested":1,"playtime":2129,"item_purchase_floors":[12,12,21,21],"current_hp_per_floor":[61,61,61,57,71,71,60,60,60,30,30,30,30,27,27,24,59,14,14,14,14,20,34,1,0],"items_purged":["Accuracy"],"gold":57,"score":433,"play_id":"3813e32b-573a-488f-982e-a194fb95cdfb","local_time":"20180615122625","daily_mods":["Draft","Diverse"],"is_prod":false,"is_daily":false,"chose_seed":false,"is_ascension_mode":true,"campfire_upgraded":2,"win_rate":0,"timestamp":1529090785,"campfire_choices":[{"data":"Capacitor","floor":6,"key":"SMITH"},{"data":"Grand Finale","floor":15,"key":"SMITH"},{"floor":23,"key":"REST"}],"path_taken":["M","?","M","M","?","R","E","M","T","E","M","$","M","M","R","BOSS","M","?","?","$","?","R","E","?"],"build_version":"2018-06-14v2","seed_source_timestamp":0,"purchased_purges":1,"victory":false,"master_deck":["AscendersBane","Conserve Battery","Slice","Predator","Dodge and Roll","Iron Wave","Dagger Throw","Hologram","Cloak And Dagger","Redo","Burning Pact","Distraction","Capacitor+1","Disarm","True Grit","Consume","Metallicize","Flechettes","White Noise","Choke","Grand Finale+1","Echo Form","Gash","Bite","Bite","Bite","Bite","Bite","Glacier","Body Slam","Backstab"],"max_hp_per_floor":[71,71,71,71,71,71,71,71,71,71,71,71,71,71,71,71,71,71,49,49,49,49,49,49,49],"special_seed":50471966854428,"relics":["Cracked Core","Dodecahedron","Potion Belt","Omamori","Black Star","Bag of Preparation","Anchor"],"card_choices":[{"not_picked":["Clash","Carnage"],"picked":"Conserve Battery","floor":0.0},{"not_picked":["Corruption","Go for the Eyes"],"picked":"Slice","floor":0.0},{"not_picked":["Dash","Cloak And Dagger"],"picked":"Predator","floor":0.0},{"not_picked":["Underhanded Strike","Fusion"],"picked":"Malaise","floor":0.0},{"not_picked":["Combust","Cloak And Dagger"],"picked":"Dodge and Roll","floor":0.0},{"not_picked":["Sever Soul","Dagger Spray"],"picked":"Iron Wave","floor":0.0},{"not_picked":["Flying Knee","Twin Strike"],"picked":"Dagger Throw","floor":0.0},{"not_picked":["Prepared","Poisoned Stab"],"picked":"Hologram","floor":0.0},{"not_picked":["Searing Blow","Anger"],"picked":"Cloak And Dagger","floor":0.0},{"not_picked":["Skewer","True Grit"],"picked":"Redo","floor":0.0},{"not_picked":["Shrug It Off","Backflip"],"picked":"Burning Pact","floor":0.0},{"not_picked":["Choke","PiercingWail"],"picked":"Distraction","floor":0.0},{"not_picked":["Sever Soul","Deflect"],"picked":"Blade Dance","floor":0.0},{"not_picked":["Outmaneuver","Flex"],"picked":"Capacitor","floor":0.0},{"not_picked":["Perfected Strike","Redo"],"picked":"Disarm","floor":1},{"not_picked":["Pommel Strike","Thunderclap"],"picked":"Accuracy","floor":3},{"not_picked":["Pommel Strike","Redo"],"picked":"True Grit","floor":4},{"not_picked":["Inflame","True Grit"],"picked":"Accuracy","floor":7},{"not_picked":["Terror","Cleave"],"picked":"Consume","floor":8},{"not_picked":["Iron Wave","Stack"],"picked":"Metallicize","floor":10},{"not_picked":["Steam","Riddle With Holes"],"picked":"Flechettes","floor":11},{"not_picked":["Bouncing Flask","Steam"],"picked":"Choke","floor":13},{"not_picked":["Reprogram","Sucker Punch"],"picked":"Grand Finale","floor":14},{"not_picked":["Hyperbeam","Fiend Fire"],"picked":"Echo Form","floor":16},{"not_picked":["Acrobatics+1","Chill"],"picked":"Gash","floor":18},{"not_picked":["Reprogram","Streamline"],"picked":"Body Slam","floor":22},{"not_picked":["Sword Boomerang","Limit Break"],"picked":"Backstab","floor":24}],"player_experience":1912536,"potions_floor_usage":[10,10,16,16,22,24,24],"damage_taken":[{"damage":3,"enemies":"Small Slimes","floor":1,"turns":3},{"damage":0,"enemies":"2 Louse","floor":3,"turns":2},{"damage":4,"enemies":"Cultist","floor":4,"turns":3},{"damage":11,"enemies":"3 Sentries","floor":7,"turns":9},{"damage":0,"enemies":"2 Fungi Beasts","floor":8,"turns":4},{"damage":30,"enemies":"Gremlin Nob","floor":10,"turns":6},{"damage":0,"enemies":"Exordium Wildlife","floor":11,"turns":3},{"damage":0,"enemies":"Large Slime","floor":13,"turns":5},{"damage":3,"enemies":"Looter","floor":14,"turns":4},{"damage":3,"enemies":"The Guardian","floor":16,"turns":14},{"damage":45,"enemies":"2 Thieves","floor":18,"turns":5},{"damage":0,"enemies":"3 Byrds","floor":22,"turns":4},{"damage":41,"enemies":"Book of Stabbing","floor":24,"turns":6},{"damage":5,"enemies":"Snake Plant","floor":25,"turns":3}],"relics_obtained":[{"floor":7,"key":"Dodecahedron"},{"floor":9,"key":"Potion Belt"},{"floor":10,"key":"Omamori"},{"floor":24,"key":"Bag of Preparation"},{"floor":24,"key":"Anchor"}],"event_choices":[{"event_name":"The Cleric","player_choice":"Card Removal","floor":2,"damage_taken":0},{"event_name":"Bonfire Elementals","player_choice":"UNCOMMON","floor":5,"damage_taken":0},{"event_name":"Vampires","player_choice":"Became a vampire","floor":19,"damage_taken":0},{"event_name":"Back to Basics","player_choice":"Elegance","floor":20,"damage_taken":0}],"boss_relics":[{"not_picked":["Tiny House","Busted Crown"],"picked":"Black Star"}],"items_purged_floors":[12],"is_endless":false,"potions_floor_spawned":[4,8,10,13,16,18],"seed_played":"-44315538722257183","killed_by":"Snake Plant","ascension_level":15,"potions_obtained":[{"floor":4,"key":"EssenceOfSteel"},{"floor":8,"key":"LiquidBronze"},{"floor":10,"key":"SpeedPotion"},{"floor":13,"key":"LiquidBronze"},{"floor":16,"key":"Poison Potion"},{"floor":18,"key":"Poison Potion"}],"is_trial":false}