{"path_per_floor":["M","$","?","?","?","R","E","R","T","$","E","R","M","M","R","B",null,"M","$","?","?","?","R","E","R","T","E","?","E","R","M","R","B",null,"M","?","?","M","?","E","R","E","T","M","M","$","?","$","R","B"],"character_chosen":"THE_SILENT","items_purchased":["Cloak And Dagger","Well Laid Plans","Paper Crane","Bag of Preparation","Master of Strategy"],"gold_per_floor":[119,18,18,18,18,18,53,53,99,18,349,349,364,375,375,474,474,488,132,57,57,57,57,85,85,85,110,110,141,141,160,160,262,262,272,319,319,333,333,364,364,396,396,408,425,45,0,0,0,0],"floor_reached":51,"campfire_rested":3,"playtime":5052,"current_hp_per_floor":[63,63,45,45,45,45,45,45,45,45,45,45,45,45,45,44,64,48,48,48,39,39,61,75,75,75,56,56,56,56,55,55,38,71,66,33,72,71,61,28,49,49,49,48,57,57,57,57,72,60],"items_purged":["Strike_G","Strike_G","Strike_G"],"gold":0,"play_id":"5b37f4b4-7494-4926-bc17-5f27c6ef4406","is_prod":false,"is_daily":false,"is_ascension_mode":true,"campfire_upgraded":7,"path_taken":["M","$","?","?","?","R","E","R","T","$","E","R","M","M","R","BOSS","M","$","?","?","?","R","E","R","T","E","?","E","R","M","R","BOSS","M","?","?","M","?","E","R","E","T","M","M","$","?","?","R","BOSS"],"build_version":"2018-01-25-PROD3","purchased_purges":3,"victory":true,"master_deck":["Defend_G","Defend_G","Defend_G","Defend_G","Strike_G","Survivor+1","Neutralize+1","Cloak And Dagger+1","Terror","Well Laid Plans+1","Noxious Fumes+1","Acrobatics","Burst+1","Noxious Fumes+1","Footwork+1","After Image","Prepared+1","Calculated Gamble+1","Madness","Madness","Outmaneuver+1","Night Terror","Blur","Master of Strategy"],"max_hp_per_floor":[70,70,70,70,70,70,70,70,70,70,70,70,70,70,70,70,70,70,70,70,75,75,75,75,75,75,82,82,82,82,82,82,82,82,82,82,72,72,72,72,72,72,72,72,72,72,72,72,72,72],"relics":["Ring of the Snake","NeowsBlessing","Bronze Scales","Lantern","Anchor","Old Coin","White Beast Statue","Paper Crane","Matryoshka","Orichalcum","Sundial","Strawberry","Juzu Bracelet","Prayer Wheel","Question Card","Tingsha","Vajra","Frozen Eye","Smiling Mask","Toxic Egg","Bag of Preparation","Red Mask"],"card_choices":[{"not_picked":["Blade Dance","Backflip"],"picked":"Terror"},{"not_picked":["Dodge and Roll","PiercingWail"],"picked":"Noxious Fumes"},{"not_picked":["Quick Slash","Malaise"],"picked":"Acrobatics"},{"not_picked":["Bullet Time","Corpse Explosion"],"picked":"Burst"},{"not_picked":["Backflip","Cloak And Dagger"],"picked":"Noxious Fumes"},{"not_picked":["Crippling Poison","Deadly Poison"],"picked":"Footwork"},{"not_picked":["Distraction","Bane"],"picked":"After Image"},{"not_picked":["Finisher","Deflect","Dash"],"picked":"Prepared"},{"not_picked":["Outmaneuver","Deflect","Poisoned Stab"],"picked":"Calculated Gamble"},{"not_picked":["Predator","Heel Hook","All Out Attack"],"picked":"Outmaneuver"},{"not_picked":["Backflip","Setup","Dagger Throw"],"picked":"Night Terror"},{"not_picked":["Bane","Acrobatics","Choke"],"picked":"Blur"}],"player_experience":495878,"potions_floor_usage":[18,18,24,35,36,40,40,40,45,50,50],"damage_taken":[{"damage":0,"enemies":"Small Slimes","floor":1,"turns":1},{"damage":0,"enemies":"Gremlin Nob","floor":7,"turns":1},{"damage":0,"enemies":"3 Sentries","floor":11,"turns":2},{"damage":0,"enemies":"Cultist","floor":13,"turns":3},{"damage":0,"enemies":"Jaw Worm","floor":14,"turns":2},{"damage":1,"enemies":"The Guardian","floor":16,"turns":10},{"damage":16,"enemies":"2 Thieves","floor":18,"turns":5},{"damage":0,"enemies":"Book of Stabbing","floor":24,"turns":6},{"damage":26,"enemies":"Slavers","floor":27,"turns":5},{"damage":0,"enemies":"Book of Stabbing","floor":29,"turns":5},{"damage":1,"enemies":"Shell Parasite","floor":31,"turns":5},{"damage":17,"enemies":"Champ","floor":33,"turns":13},{"damage":5,"enemies":"3 Darklings","floor":35,"turns":5},{"damage":33,"enemies":"Mysterious Sphere","floor":36,"turns":7},{"damage":1,"enemies":"Orb Walker","floor":38,"turns":4},{"damage":33,"enemies":"2 Orb Walkers","floor":40,"turns":7},{"damage":0,"enemies":"Nemesis","floor":42,"turns":10},{"damage":1,"enemies":"Sphere and 2 Shapes","floor":44,"turns":6},{"damage":6,"enemies":"4 Shapes","floor":45,"turns":5},{"damage":12,"enemies":"Donu and Deca","floor":50,"turns":4}],"event_choices":[{"event_name":"Scrap Ooze","player_choice":"success","floor":3,"damage_taken":18},{"event_name":"Liars Game","player_choice":"disagreed","floor":4,"damage_taken":0},{"event_name":"Living Wall","player_choice":"Forget","floor":5,"damage_taken":0},{"event_name":"Beggar","player_choice":"Gave Gold","floor":20,"damage_taken":0},{"event_name":"Forgotten Altar","player_choice":"Shed Blood","floor":21,"damage_taken":0},{"event_name":"Drug Dealer","player_choice":"Ignored","floor":22,"damage_taken":0},{"event_name":"Wheel of Change","player_choice":"Relic","floor":28,"damage_taken":0},{"event_name":"Mysterious Sphere","player_choice":"Fight","floor":36,"damage_taken":0},{"event_name":"The Moai Head","player_choice":"Heal","floor":37,"damage_taken":0},{"event_name":"Winding Halls","player_choice":"Embrace Madness","floor":39,"damage_taken":0},{"event_name":"Tomb of Lord Red Mask","player_choice":"Paid","floor":47,"damage_taken":0}],"boss_relics":[{"not_picked":["Runic Pyramid","Snecko Eye"],"picked":"White Beast Statue"},{"not_picked":["Eternal Feather","Calling Bell"],"picked":"Question Card"}],"potions_floor_spawned":[11,13,14,18,24,27,29,31,33,35,36,38,40,42,44,45],"seed_played":"-1438170677907870099","ascension_level":7,"is_trial":false}