{"gold_per_floor":[111,91,109,120,1,1,26,26,77,90,117,117,117],"floor_reached":13,"playtime":1399,"items_purged":[],"score":135,"play_id":"d1a518a7-edf3-4b35-9980-6bba3a2fd858","local_time":"20190225182405","is_ascension_mode":true,"campfire_choices":[{"data":"Infinite Blades","floor":6,"key":"SMITH"},{"data":"Sucker Punch","floor":12,"key":"SMITH"}],"neow_cost":"NONE","seed_source_timestamp":910578000679779,"circlet_count":0,"master_deck":["Defend_G","Defend_G","Defend_G","Defend_G","Defend_G","Strike_G","Strike_G","Strike_G","Strike_G","Strike_G","Survivor","Neutralize","Backflip","Sucker Punch+1","Well Laid Plans","Infinite Blades+1","Blade Dance","Cloak And Dagger","Malaise"],"relics":["Ring of the Snake","NeowsBlessing","Art of War","Vajra","Dream Catcher"],"potions_floor_usage":[11,11],"damage_taken":[{"damage":0,"enemies":"Small Slimes","floor":1,"turns":1},{"damage":0,"enemies":"Cultist","floor":3,"turns":1},{"damage":0,"enemies":"Jaw Worm","floor":4,"turns":1},{"damage":37,"enemies":"Lagavulin","floor":7,"turns":9},{"damage":11,"enemies":"Exordium Wildlife","floor":10,"turns":4},{"damage":7,"enemies":"3 Sentries","floor":11,"turns":9},{"damage":10,"enemies":"Gremlin Nob","floor":13,"turns":3}],"seed_played":"-5562251742310423978","potions_obtained":[{"floor":2,"key":"LiquidBronze"},{"floor":3,"key":"GhostInAJar"}],"is_trial":false,"path_per_floor":["M","?","M","M","$","R","E","$","T","M","E","R","E"],"character_chosen":"THE_SILENT","items_purchased":["Infinite Blades","Blade Dance"],"campfire_rested":0,"item_purchase_floors":[5,5],"current_hp_per_floor":[63,63,63,63,63,63,26,26,26,15,8,8,0],"gold":117,"neow_bonus":"THREE_ENEMY_KILL","is_prod":false,"is_daily":false,"chose_seed":false,"campfire_upgraded":2,"win_rate":0,"timestamp":1551115445,"path_taken":["M","?","M","?","$","R","E","$","T","M","E","R","E"],"build_version":"2019-01-23","purchased_purges":0,"victory":false,"max_hp_per_floor":[70,70,70,70,70,70,70,70,70,70,70,70,70],"card_choices":[{"not_picked":["Outmaneuver","Dodge and Roll"],"picked":"Backflip","floor":1},{"not_picked":["Deflect","Poisoned Stab"],"picked":"Sucker Punch","floor":3},{"not_picked":["Dodge and Roll","Underhanded Strike"],"picked":"Well Laid Plans","floor":4},{"not_picked":["Poisoned Stab","Setup","Predator"],"picked":"SKIP","floor":7},{"not_picked":["Infinite Blades","Backflip"],"picked":"Cloak And Dagger","floor":10},{"not_picked":["PiercingWail","Noxious Fumes"],"picked":"Malaise","floor":11}],"player_experience":510010,"relics_obtained":[{"floor":7,"key":"Art of War"},{"floor":9,"key":"Vajra"},{"floor":11,"key":"Dream Catcher"}],"event_choices":[{"damage_healed":0,"gold_gain":0,"player_choice":"Bought 1 Potion","damage_taken":0,"max_hp_gain":0,"max_hp_loss":0,"event_name":"The Woman in Blue","floor":2,"gold_loss":0}],"is_beta":false,"boss_relics":[],"items_purged_floors":[],"is_endless":false,"potions_floor_spawned":[3],"killed_by":"Gremlin Nob","ascension_level":9}