{"gold_per_floor":[114,131,131,156,156,156,12,12,38,59,59,36,14,35,35,161,161,180,194,194],"floor_reached":20,"playtime":1289,"items_purged":[],"score":164,"play_id":"6752c758-dc1e-4c07-95b9-829511d61e41","local_time":"20190223111323","is_ascension_mode":false,"campfire_choices":[{"floor":6,"key":"REST"},{"floor":8,"key":"REST"},{"floor":15,"key":"REST"}],"neow_cost":"NONE","seed_source_timestamp":79548121515337,"circlet_count":0,"master_deck":["Defend_G","Defend_G","Defend_G","Defend_G","Strike_G","Strike_G","Strike_G","Strike_G","Survivor","Neutralize","Finesse","Leg Sweep","Deadly Poison","Deflect","Outmaneuver","Sucker Punch","Terror","After Image","Underhanded Strike+1","Choke+1","After Image+1","Dagger Spray","Dodge and Roll"],"relics":["Ring of the Snake","Golden Idol","Snake Skull","Regal Pillow","Bag of Marbles","Astrolabe"],"potions_floor_usage":[10,16,19],"damage_taken":[{"damage":14,"enemies":"Jaw Worm","floor":1,"turns":6},{"damage":1,"enemies":"2 Louse","floor":2,"turns":5},{"damage":2,"enemies":"Small Slimes","floor":4,"turns":4},{"damage":11,"enemies":"3 Louse","floor":10,"turns":3},{"damage":14,"enemies":"Exordium Wildlife","floor":14,"turns":5},{"damage":59,"enemies":"The Guardian","floor":16,"turns":14},{"damage":27,"enemies":"3 Byrds","floor":18,"turns":8},{"damage":29,"enemies":"Spheric Guardian","floor":19,"turns":8}],"seed_played":"-5548368442209569918","potions_obtained":[{"floor":1,"key":"Explosive Potion"},{"floor":2,"key":"SkillPotion"},{"floor":4,"key":"FearPotion"},{"floor":16,"key":"SkillPotion"},{"floor":18,"key":"LiquidBronze"}],"is_trial":false,"path_per_floor":["M","M","?","M","?","R","$","R","T","M","?","$","$","M","R","B",null,"M","M","?"],"character_chosen":"THE_SILENT","items_purchased":["Regal Pillow","Outmaneuver","Sucker Punch"],"campfire_rested":3,"item_purchase_floors":[7,12,13],"current_hp_per_floor":[56,55,38,36,36,57,57,70,70,59,59,59,59,45,70,11,70,43,14,0],"gold":194,"neow_bonus":"RANDOM_COLORLESS","is_prod":false,"is_daily":false,"chose_seed":false,"campfire_upgraded":0,"win_rate":0.0,"timestamp":1550891603,"path_taken":["M","M","?","M","?","R","$","R","T","M","?","?","$","M","R","BOSS","M","M","?"],"build_version":"2019-01-23","purchased_purges":0,"victory":false,"max_hp_per_floor":[70,70,70,70,70,70,70,70,70,70,70,70,70,70,70,70,70,70,70,70],"card_choices":[{"not_picked":["Sucker Punch","Distraction"],"picked":"Leg Sweep","floor":1},{"not_picked":["Escape Plan","Choke"],"picked":"Eviscerate","floor":2},{"not_picked":["Underhanded Strike","Acrobatics"],"picked":"Deadly Poison","floor":4},{"not_picked":["Riddle With Holes","Slice"],"picked":"Deflect","floor":10},{"not_picked":["Leg Sweep","Flechettes"],"picked":"Terror","floor":14},{"not_picked":["Venomology","Phantasmal Killer"],"picked":"After Image","floor":16},{"not_picked":["PiercingWail","Quick Slash"],"picked":"Dagger Spray","floor":18},{"not_picked":["Outmaneuver","Poisoned Stab"],"picked":"Dodge and Roll","floor":19}],"player_experience":49420,"relics_obtained":[{"floor":9,"key":"Bag of Marbles"}],"event_choices":[{"damage_healed":0,"gold_gain":0,"player_choice":"Take Damage","damage_taken":17,"relics_obtained":["Golden Idol"],"max_hp_gain":0,"max_hp_loss":0,"event_name":"Golden Idol","floor":3,"gold_loss":0},{"damage_healed":0,"gold_gain":0,"player_choice":"Box","damage_taken":0,"relics_obtained":["Snake Skull"],"max_hp_gain":0,"max_hp_loss":0,"event_name":"Big Fish","floor":5,"gold_loss":0,"cards_obtained":["Regret"]},{"cards_removed":["Regret"],"damage_healed":0,"gold_gain":0,"player_choice":"Forget","damage_taken":0,"max_hp_gain":0,"max_hp_loss":0,"event_name":"Living Wall","floor":11,"gold_loss":0}],"is_beta":false,"boss_relics":[{"not_picked":["Empty Cage","Cursed Key"],"picked":"Astrolabe"}],"items_purged_floors":[],"is_endless":false,"potions_floor_spawned":[1,2,4,16,18],"ascension_level":0}