{"path_per_floor":["M","M","M","?","M","R","$","M","T","R","?","E","M","M","R","B",null,"M","M","?","?","?","R","E"],"character_chosen":"THE_SILENT","items_purchased":["Footwork"],"gold_per_floor":[119,138,151,151,167,167,14,34,84,84,84,117,136,146,146,217,217,157,172,172,97,12,12,43],"floor_reached":25,"campfire_rested":1,"playtime":2647,"current_hp_per_floor":[63,58,58,58,36,36,36,36,36,36,36,33,32,31,31,20,55,48,25,9,9,9,29,5],"items_purged":["Parasite"],"gold":43,"score":365,"play_id":"2cd248c2-a356-4a90-addc-891dded5042c","is_prod":false,"is_daily":false,"is_ascension_mode":true,"campfire_upgraded":3,"path_taken":["M","M","M","?","M","R","$","M","T","R","?","E","M","M","R","BOSS","M","M","?","?","?","R","E","M"],"build_version":"2018-02-14-BETA1","purchased_purges":1,"victory":false,"master_deck":["Defend_G","Defend_G","Defend_G","Defend_G","Defend_G","Strike_G","Strike_G","Strike_G","Strike_G","Survivor","Neutralize+1","Backstab","Blur+1","Footwork+1","Blur","Caltrops+1","Cloak And Dagger","Infinite Blades","Bullet Time","Flying Knee","Leg Sweep","Dash"],"max_hp_per_floor":[70,70,70,70,70,70,67,67,67,67,67,67,67,67,67,67,67,67,67,67,67,67,67,67],"relics":["Ring of the Snake","Prayer Wheel","Tough Bandages","Runic Dome","Enchiridion","Vajra","Darkstone Periapt"],"card_choices":[{"not_picked":["Acrobatics","Concentrate"],"picked":"Backstab"},{"not_picked":["Acrobatics","Calculated Gamble"],"picked":"Blur"},{"not_picked":["Bane","Poisoned Stab"],"picked":"Blur"},{"not_picked":["Infinite Blades","Burst"],"picked":"Caltrops"},{"not_picked":["Bane","Prepared"],"picked":"Cloak And Dagger"},{"not_picked":["Dodge and Roll","Sucker Punch"],"picked":"Infinite Blades"},{"not_picked":["Envenom","A Thousand Cuts"],"picked":"Bullet Time"},{"not_picked":["Underhanded Strike","Bouncing Flask"],"picked":"Flying Knee"},{"not_picked":["Distraction","Choke"],"picked":"Leg Sweep"},{"not_picked":["Backstab","Deadly Poison"],"picked":"Dash"}],"player_experience":218205,"potions_floor_usage":[5,16,16,24],"damage_taken":[{"damage":0,"enemies":"Small Slimes","floor":1,"turns":5},{"damage":5,"enemies":"Blue Slaver","floor":2,"turns":5},{"damage":0,"enemies":"2 Louse","floor":3,"turns":4},{"damage":22,"enemies":"Large Slime","floor":5,"turns":12},{"damage":0,"enemies":"2 Fungi Beasts","floor":8,"turns":4},{"damage":3,"enemies":"3 Sentries","floor":12,"turns":15},{"damage":1,"enemies":"Looter","floor":13,"turns":4},{"damage":1,"enemies":"3 Louse","floor":14,"turns":4},{"damage":11,"enemies":"Slime Boss","floor":16,"turns":16},{"damage":7,"enemies":"2 Thieves","floor":18,"turns":4},{"damage":23,"enemies":"Chosen","floor":19,"turns":7},{"damage":24,"enemies":"Slavers","floor":24,"turns":6},{"damage":6,"enemies":"3 Cultists","floor":25,"turns":4}],"event_choices":[{"event_name":"Upgrade Shrine","player_choice":"Upgraded","floor":4,"damage_taken":0},{"event_name":"Shining Light","player_choice":"Ignored","floor":11,"damage_taken":0},{"event_name":"Cursed Tome","player_choice":"Obtained Book","floor":20,"damage_taken":0},{"event_name":"Beggar","player_choice":"Gave Gold","floor":21,"damage_taken":0},{"event_name":"Addict","player_choice":"Obtained Relic","floor":22,"damage_taken":0}],"boss_relics":[{"not_picked":["Question Card","Lizard Tail"],"picked":"Runic Dome"}],"potions_floor_spawned":[2,5,13,14],"seed_played":"-7574067565925470627","killed_by":"3 Cultists","ascension_level":13,"is_trial":false}