{"gold_per_floor":[216,236,47,47,47,47,79,92,122,139,158,158,158,177,177,302,302,322,78,98,113,113,113,139,155,155,155,155,155,155],"floor_reached":30,"playtime":1984,"items_purged":["Strike_G"],"score":263,"play_id":"fbd61c68-4a17-495c-894e-50a9e56654ba","local_time":"20190226193508","is_ascension_mode":true,"campfire_choices":[{"floor":6,"key":"REST"},{"floor":15,"key":"REST"},{"data":"After Image","floor":23,"key":"SMITH"},{"floor":29,"key":"REST"}],"neow_cost":"NONE","seed_source_timestamp":368160759001732,"circlet_count":0,"master_deck":["Defend_G","Defend_G","Defend_G","Defend_G","Defend_G","Strike_G","Strike_G","Strike_G","Survivor","Neutralize","Blade Dance","Accuracy+1","Blade Dance","Cloak And Dagger","Well Laid Plans","Sucker Punch","Deflect","Dash","PiercingWail","Sucker Punch","Infinite Blades","After Image+1","Backflip","The Bomb","PiercingWail+1","Endless Agony+1","Sucker Punch+1"],"relics":["Ring of the Snake","Dodecahedron","Tiny Chest","Bloody Idol","Runic Pyramid","Nunchaku","FossilizedHelix","Potion Belt"],"potions_floor_usage":[21,24,27],"damage_taken":[{"damage":13,"enemies":"Cultist","floor":1,"turns":5},{"damage":0,"enemies":"Jaw Worm","floor":2,"turns":4},{"damage":42,"enemies":"3 Sentries","floor":7,"turns":10},{"damage":0,"enemies":"Small Slimes","floor":8,"turns":3},{"damage":0,"enemies":"2 Fungi Beasts","floor":10,"turns":3},{"damage":0,"enemies":"Lots of Slimes","floor":11,"turns":5},{"damage":2,"enemies":"Blue Slaver","floor":14,"turns":5},{"damage":5,"enemies":"Hexaghost","floor":16,"turns":9},{"damage":0,"enemies":"Shell Parasite","floor":18,"turns":6},{"damage":0,"enemies":"3 Byrds","floor":20,"turns":4},{"damage":0,"enemies":"Cultist and Chosen","floor":21,"turns":8},{"damage":43,"enemies":"Gremlin Leader","floor":24,"turns":8},{"damage":14,"enemies":"Shelled Parasite and Fungi","floor":25,"turns":5},{"damage":18,"enemies":"Colosseum Slavers","floor":27,"turns":5},{"damage":27,"enemies":"3 Cultists","floor":30,"turns":5}],"seed_played":"6169554561658623655","potions_obtained":[{"floor":1,"key":"Block Potion"},{"floor":14,"key":"PowerPotion"},{"floor":20,"key":"Dexterity Potion"},{"floor":25,"key":"LiquidBronze"}],"is_trial":false,"path_per_floor":["M","M","$","?","$","R","E","M","T","M","M","?","?","M","R","B",null,"M","$","M","M","?","R","E","M","T","?","?","R","M"],"character_chosen":"THE_SILENT","items_purchased":["Blade Dance","Cloak And Dagger","Well Laid Plans","Sucker Punch","The Bomb"],"campfire_rested":3,"item_purchase_floors":[3,3,3,3,19],"current_hp_per_floor":[57,57,57,50,50,70,28,28,28,28,28,11,11,9,30,25,70,70,70,70,70,70,70,32,23,23,5,5,26,0],"gold":155,"neow_bonus":"HUNDRED_GOLD","is_prod":false,"is_daily":false,"chose_seed":false,"campfire_upgraded":1,"win_rate":0,"timestamp":1551180908,"path_taken":["M","M","?","?","?","R","E","M","T","M","M","?","?","M","R","BOSS","M","$","M","?","?","R","E","M","T","?","?","R","M"],"build_version":"2019-01-23","purchased_purges":1,"victory":false,"max_hp_per_floor":[70,70,70,70,70,70,70,70,70,70,70,70,70,70,70,70,70,70,70,70,70,70,70,70,70,70,70,70,70,70],"card_choices":[{"not_picked":["Riddle With Holes","Outmaneuver"],"picked":"Blade Dance","floor":1},{"not_picked":["Flying Knee","Dagger Throw"],"picked":"Accuracy","floor":2},{"not_picked":["Bane","Sucker Punch"],"picked":"Deflect","floor":7},{"not_picked":["Slice","Outmaneuver"],"picked":"Dash","floor":8},{"not_picked":["All Out Attack","Deflect"],"picked":"PiercingWail","floor":10},{"not_picked":["Poisoned Stab","Catalyst"],"picked":"Sucker Punch","floor":11},{"not_picked":["Malaise","Dodge and Roll"],"picked":"Infinite Blades","floor":14},{"not_picked":["A Thousand Cuts","Envenom"],"picked":"After Image","floor":16},{"not_picked":["Predator","Flying Knee+1"],"picked":"Backflip","floor":18},{"not_picked":["Poisoned Stab","Quick Slash"],"picked":"PiercingWail+1","floor":20},{"not_picked":["Dagger Throw","Expertise","Tactician"],"picked":"SKIP","floor":21},{"not_picked":["Doppelganger","Riddle With Holes"],"picked":"Endless Agony+1","floor":24},{"not_picked":["Dodge and Roll+1","Predator"],"picked":"Sucker Punch+1","floor":25}],"player_experience":91416,"relics_obtained":[{"floor":7,"key":"Dodecahedron"},{"floor":9,"key":"Tiny Chest"},{"floor":24,"key":"Nunchaku"},{"floor":26,"key":"FossilizedHelix"}],"event_choices":[{"cards_removed":["Strike_G"],"damage_healed":0,"gold_gain":0,"player_choice":"Card Removal","damage_taken":7,"max_hp_gain":0,"max_hp_loss":0,"event_name":"Golden Wing","floor":4,"gold_loss":0},{"damage_healed":0,"gold_gain":0,"player_choice":"Take Damage","damage_taken":17,"relics_obtained":["Golden Idol"],"max_hp_gain":0,"max_hp_loss":0,"event_name":"Golden Idol","floor":12,"gold_loss":0},{"damage_healed":0,"gold_gain":0,"player_choice":"Forge","damage_taken":0,"max_hp_gain":0,"max_hp_loss":0,"event_name":"Accursed Blacksmith","floor":13,"gold_loss":0,"cards_upgraded":["Accuracy"]},{"damage_healed":0,"gold_gain":0,"player_choice":"Gave Idol","damage_taken":0,"relics_obtained":["Bloody Idol"],"max_hp_gain":0,"max_hp_loss":0,"event_name":"Forgotten Altar","floor":22,"relics_lost":["Golden Idol"],"gold_loss":0},{"damage_healed":0,"gold_gain":0,"player_choice":"Fight","damage_taken":0,"max_hp_gain":0,"max_hp_loss":0,"event_name":"Colosseum","floor":27,"gold_loss":0},{"damage_healed":0,"gold_gain":0,"player_choice":"Fled From Nobs","damage_taken":0,"max_hp_gain":0,"max_hp_loss":0,"event_name":"Colosseum","floor":27,"gold_loss":0},{"damage_healed":0,"gold_gain":0,"player_choice":"Gave Potion","damage_taken":0,"relics_obtained":["Potion Belt"],"max_hp_gain":0,"max_hp_loss":0,"event_name":"WeMeetAgain","floor":28,"gold_loss":0}],"is_beta":false,"boss_relics":[{"not_picked":["Ectoplasm","Sozu"],"picked":"Runic Pyramid"}],"items_purged_floors":[19],"is_endless":false,"potions_floor_spawned":[1,14,20,25],"killed_by":"3 Cultists","ascension_level":1}