{"gold_per_floor":[111,129,149,224,49,49,75,75,75,75,88,88,105,105,105,205,205,216,229,229,154,170,170,200,200,226,259,259,8,19,39,39,135,135,145,157,171,23,36,36,52,1,1,1,11,11,11,36,36,36],"floor_reached":51,"playtime":8615,"items_purged":["Strike_G","Strike_G"],"score":721,"play_id":"f5178113-64ef-43db-97f1-b079c85a846e","local_time":"20190218193608","is_ascension_mode":true,"campfire_choices":[{"data":"Dodge and Roll","floor":6,"key":"SMITH"},{"data":"Neutralize","floor":8,"key":"SMITH"},{"data":"Predator","floor":10,"key":"SMITH"},{"data":"Noxious Fumes","floor":12,"key":"SMITH"},{"floor":15,"key":"REST"},{"floor":23,"key":"REST"},{"data":"All Out Attack","floor":25,"key":"SMITH"},{"floor":32,"key":"REST"},{"floor":40,"key":"REST"},{"floor":46,"key":"REST"},{"floor":49,"key":"REST"}],"neow_cost":"NONE","seed_source_timestamp":302868357366868,"circlet_count":0,"master_deck":["Defend_G","Defend_G","Defend_G","Defend_G","Defend_G","Strike_G","Strike_G","Strike_G+1","Survivor","Neutralize+1","Predator+1","Dagger Throw","Quick Slash+1","Dodge and Roll+1","Flying Knee","Noxious Fumes+1","Acrobatics+1","Phantasmal Killer+1","All Out Attack+1","Blur+1","Dodge and Roll+1","Well Laid Plans","PiercingWail+1","Deflect+1","Cloak And Dagger+1","Outmaneuver+1","Deadly Poison+1","Parasite","Finesse+1","Dash+1"],"relics":["Ring of the Snake","NeowsBlessing","Happy Flower","Toxic Egg 2","Whetstone","Busted Crown","Shuriken","Ninja Scroll","Potion Belt","Bag of Marbles","Bottled Tornado","Orrery","Omamori","Oddly Smooth Stone"],"potions_floor_usage":[7,7,16,16,24,27,33,37,39,50,50],"damage_taken":[{"damage":0,"enemies":"Small Slimes","floor":1,"turns":1},{"damage":0,"enemies":"2 Louse","floor":2,"turns":1},{"damage":0,"enemies":"Jaw Worm","floor":3,"turns":1},{"damage":3,"enemies":"Lagavulin","floor":7,"turns":8},{"damage":0,"enemies":"3 Louse","floor":11,"turns":3},{"damage":0,"enemies":"Looter","floor":13,"turns":2},{"damage":24,"enemies":"Hexaghost","floor":16,"turns":8},{"damage":3,"enemies":"3 Byrds","floor":18,"turns":5},{"damage":0,"enemies":"Chosen","floor":19,"turns":3},{"damage":14,"enemies":"Snake Plant","floor":22,"turns":5},{"damage":23,"enemies":"Gremlin Leader","floor":24,"turns":6},{"damage":14,"enemies":"Slavers","floor":27,"turns":5},{"damage":1,"enemies":"Cultist and Chosen","floor":30,"turns":4},{"damage":9,"enemies":"Snecko","floor":31,"turns":3},{"damage":0,"enemies":"Automaton","floor":33,"turns":10},{"damage":17,"enemies":"3 Darklings","floor":35,"turns":4},{"damage":0,"enemies":"Orb Walker","floor":36,"turns":3},{"damage":15,"enemies":"Writhing Mass","floor":37,"turns":7},{"damage":17,"enemies":"Jaw Worm Horde","floor":39,"turns":5},{"damage":5,"enemies":"Transient","floor":41,"turns":5},{"damage":1,"enemies":"Sphere and 2 Shapes","floor":45,"turns":4},{"damage":44,"enemies":"Awakened One","floor":50,"turns":16}],"seed_played":"-1974670257284378990","potions_obtained":[{"floor":1,"key":"Block Potion"},{"floor":3,"key":"Weak Potion"},{"floor":11,"key":"Strength Potion"},{"floor":13,"key":"SkillPotion"},{"floor":16,"key":"AttackPotion"},{"floor":18,"key":"Dexterity Potion"},{"floor":30,"key":"Swift Potion"},{"floor":36,"key":"SpeedPotion"},{"floor":37,"key":"LiquidBronze"},{"floor":45,"key":"FairyPotion"}],"is_trial":false,"path_per_floor":["M","M","M","?","$","R","E","R","T","R","M","R","M","?","R","B",null,"M","M","?","$","M","R","E","R","T","E","?","$","M","M","R","B",null,"M","M","M","$","M","R","M","$","T","?","M","R","?","T","R","B",null],"character_chosen":"THE_SILENT","items_purchased":["Happy Flower","Dodge and Roll","Bottled Tornado","Weak Potion","SkillPotion"],"campfire_rested":6,"item_purchase_floors":[5,5,29,38,42],"current_hp_per_floor":[70,70,70,59,59,59,56,56,56,56,56,56,56,61,75,51,75,72,72,72,72,58,75,52,52,52,38,38,38,37,28,50,50,75,58,58,43,43,26,48,43,43,43,43,42,64,64,64,75,31],"gold":36,"neow_bonus":"THREE_ENEMY_KILL","is_prod":false,"is_daily":false,"chose_seed":false,"campfire_upgraded":5,"win_rate":0,"timestamp":1550514968,"path_taken":["M","M","M","?","$","R","E","R","T","R","M","R","M","?","R","BOSS","M","M","?","$","M","R","E","R","T","E","?","$","M","M","R","BOSS","M","M","M","$","M","R","M","$","T","?","M","R","?","?","R","BOSS"],"build_version":"2019-01-23","purchased_purges":2,"victory":true,"max_hp_per_floor":[70,70,70,70,70,70,70,70,70,70,70,70,70,75,75,75,75,75,75,75,75,75,75,75,75,75,75,75,75,75,75,75,75,75,75,75,75,75,75,75,75,75,75,75,75,75,75,75,75,75],"card_choices":[{"not_picked":["Heel Hook","Acrobatics"],"picked":"Predator","floor":1},{"not_picked":["Poisoned Stab","Catalyst"],"picked":"Dagger Throw","floor":2},{"not_picked":["Infinite Blades","Well Laid Plans"],"picked":"Quick Slash","floor":3},{"not_picked":["Dodge and Roll","Deadly Poison"],"picked":"Flying Knee","floor":7},{"not_picked":["Dagger Throw","Deadly Poison+1"],"picked":"Noxious Fumes","floor":11},{"not_picked":["Sucker Punch","PiercingWail+1"],"picked":"Acrobatics+1","floor":13},{"not_picked":["Corpse Explosion+1","Burst+1"],"picked":"Phantasmal Killer+1","floor":16},{"not_picked":["Underhanded Strike"],"picked":"SKIP","floor":18},{"not_picked":[],"picked":"All Out Attack","floor":19},{"not_picked":[],"picked":"Blur+1","floor":22},{"not_picked":[],"picked":"Dodge and Roll+1","floor":24},{"not_picked":[],"picked":"Well Laid Plans","floor":27},{"not_picked":[],"picked":"PiercingWail+1","floor":30},{"not_picked":["Bane"],"picked":"SKIP","floor":31},{"not_picked":[],"picked":"Deflect+1","floor":34},{"not_picked":[],"picked":"Cloak And Dagger+1","floor":34},{"not_picked":[],"picked":"Outmaneuver+1","floor":34},{"not_picked":["Flying Knee+1"],"picked":"SKIP","floor":35},{"not_picked":[],"picked":"Deadly Poison+1","floor":36},{"not_picked":["Acrobatics+1"],"picked":"SKIP","floor":37},{"not_picked":["Dodge and Roll+1"],"picked":"SKIP","floor":39},{"not_picked":["Endless Agony"],"picked":"SKIP","floor":41},{"not_picked":[],"picked":"Finesse+1","floor":44},{"not_picked":[],"picked":"Dash+1","floor":45}],"player_experience":84947,"relics_obtained":[{"floor":7,"key":"Toxic Egg 2"},{"floor":9,"key":"Whetstone"},{"floor":24,"key":"Ninja Scroll"},{"floor":26,"key":"Potion Belt"},{"floor":27,"key":"Bag of Marbles"},{"floor":43,"key":"Omamori"},{"floor":48,"key":"Oddly Smooth Stone"}],"event_choices":[{"damage_healed":0,"gold_gain":75,"player_choice":"Gather Gold","damage_taken":11,"max_hp_gain":0,"max_hp_loss":0,"event_name":"World of Goop","floor":4,"gold_loss":0},{"damage_healed":0,"gold_gain":0,"player_choice":"Donut","damage_taken":0,"max_hp_gain":5,"max_hp_loss":0,"event_name":"Big Fish","floor":14,"gold_loss":0},{"damage_healed":0,"gold_gain":0,"player_choice":"Opened","damage_taken":0,"relics_obtained":["Shuriken"],"max_hp_gain":0,"max_hp_loss":0,"event_name":"The Mausoleum","floor":20,"gold_loss":0},{"damage_healed":0,"gold_gain":0,"player_choice":"Ignored","damage_taken":0,"max_hp_gain":0,"max_hp_loss":0,"event_name":"Ghosts","floor":28,"gold_loss":0},{"damage_healed":0,"gold_gain":0,"player_choice":"Memory 1","damage_taken":0,"max_hp_gain":0,"max_hp_loss":0,"event_name":"SensoryStone","floor":44,"gold_loss":0},{"damage_healed":0,"gold_gain":0,"player_choice":"Ignored","damage_taken":0,"max_hp_gain":0,"max_hp_loss":0,"event_name":"Mysterious Sphere","floor":47,"gold_loss":0}],"is_beta":false,"boss_relics":[{"not_picked":["Astrolabe","Velvet Choker"],"picked":"Busted Crown"},{"not_picked":["HoveringKite","White Beast Statue"],"picked":"Orrery"}],"items_purged_floors":[21,38],"is_endless":false,"potions_floor_spawned":[1,3,11,13,16,18,30,36,37,45],"ascension_level":1}