{"gold_per_floor":[112,38,54,65,65,65,14,26,79,79,79,90,12,32,32,128,128,95,95,108,125,45,45,57,57,57,57,57,72,72,92,92,92],"floor_reached":33,"playtime":2262,"items_purged":[],"score":239,"play_id":"483958cd-50fd-4a15-981e-0f2d92a083da","local_time":"20190228122251","is_ascension_mode":false,"campfire_choices":[{"data":"Zap","floor":6,"key":"SMITH"},{"data":"Go for the Eyes","floor":11,"key":"SMITH"},{"data":"Compile Driver","floor":15,"key":"SMITH"},{"data":"Hyperbeam","floor":23,"key":"SMITH"},{"data":"Multi-Cast","floor":25,"key":"SMITH"},{"floor":27,"key":"REST"},{"data":"Consume","floor":30,"key":"SMITH"},{"floor":32,"key":"REST"}],"neow_cost":"NONE","seed_source_timestamp":3859843077393341,"circlet_count":0,"master_deck":["Strike_B","Strike_B","Strike_B","Defend_B","Defend_B","Defend_B","Defend_B","Zap+1","Dualcast","Go for the Eyes+1","Self Repair","BootSequence","Compile Driver+1","Conserve Battery","Cold Snap","Coolheaded","Go for the Eyes","Hyperbeam+1","Steam","Auto Shields","Turbo","Multi-Cast+1","Consume+1","Steam","FTL+1"],"relics":["Cracked Core"],"potions_floor_usage":[16,16,31,33],"damage_taken":[{"damage":0,"enemies":"2 Louse","floor":1,"turns":2},{"damage":6,"enemies":"Jaw Worm","floor":3,"turns":4},{"damage":10,"enemies":"Small Slimes","floor":4,"turns":4},{"damage":3,"enemies":"3 Louse","floor":8,"turns":3},{"damage":0,"enemies":"Large Slime","floor":12,"turns":4},{"damage":9,"enemies":"Lots of Slimes","floor":14,"turns":4},{"damage":23,"enemies":"Slime Boss","floor":16,"turns":13},{"damage":23,"enemies":"2 Thieves","floor":18,"turns":5},{"damage":5,"enemies":"3 Byrds","floor":20,"turns":8},{"damage":31,"enemies":"Sentry and Sphere","floor":21,"turns":13},{"damage":28,"enemies":"Snecko","floor":24,"turns":10},{"damage":25,"enemies":"Shelled Parasite and Fungi","floor":29,"turns":9},{"damage":7,"enemies":"Centurion and Healer","floor":31,"turns":17},{"damage":77,"enemies":"Collector","floor":33,"turns":10}],"seed_played":"-2287820818068475270","potions_obtained":[{"floor":3,"key":"FocusPotion"},{"floor":8,"key":"Block Potion"},{"floor":18,"key":"Energy Potion"},{"floor":24,"key":"SteroidPotion"},{"floor":31,"key":"Regen Potion"}],"is_trial":false,"path_per_floor":["M","$","M","M","?","R","$","M","T","?","R","M","$","M","R","B",null,"M","?","M","M","$","R","M","R","T","R","?","M","R","M","R","B"],"character_chosen":"DEFECT","items_purchased":["Self Repair","Compile Driver","Cold Snap","Coolheaded","Multi-Cast"],"campfire_rested":2,"item_purchase_floors":[2,7,13,13,22],"current_hp_per_floor":[82,82,82,79,84,84,84,87,87,80,80,87,87,85,85,69,87,71,71,73,49,49,49,28,28,28,54,54,36,36,36,62,0],"gold":92,"neow_bonus":"TEN_PERCENT_HP_BONUS","is_prod":false,"is_daily":false,"chose_seed":false,"campfire_upgraded":6,"win_rate":0,"timestamp":1551374571,"path_taken":["M","$","M","M","?","R","$","M","T","?","R","M","$","M","R","BOSS","M","?","M","M","$","R","M","R","T","R","?","M","R","M","R","BOSS"],"build_version":"2019-02-06","purchased_purges":0,"victory":false,"max_hp_per_floor":[82,82,82,82,87,87,87,87,87,87,87,87,87,87,87,87,87,87,87,87,87,87,87,87,87,87,87,87,87,87,87,87,87],"card_choices":[{"not_picked":["Rebound","Steam"],"picked":"Go for the Eyes","floor":1},{"not_picked":["Tempest","Redo","Rebound"],"picked":"SKIP","floor":3},{"not_picked":["Rebound","White Noise"],"picked":"BootSequence","floor":4},{"not_picked":["Double Energy","Reboot","Stack"],"picked":"SKIP","floor":8},{"not_picked":["Static Discharge","Gash"],"picked":"Conserve Battery","floor":12},{"not_picked":["Compile Driver","Chill"],"picked":"Go for the Eyes","floor":14},{"not_picked":["Echo Form","Machine Learning"],"picked":"Hyperbeam","floor":16},{"not_picked":["Force Field+1","Scrape"],"picked":"Steam","floor":18},{"not_picked":["Recycle+1","Compile Driver"],"picked":"Auto Shields","floor":20},{"not_picked":["Gash+1","Sunder"],"picked":"Turbo","floor":21},{"not_picked":["Tempest","Sweeping Beam"],"picked":"Consume","floor":24},{"not_picked":["Self Repair","Go for the Eyes"],"picked":"Steam","floor":29},{"not_picked":["Stack","Scrape"],"picked":"FTL+1","floor":31}],"player_experience":302815,"relics_obtained":[],"event_choices":[{"damage_healed":0,"gold_gain":0,"player_choice":"Donut","damage_taken":0,"max_hp_gain":5,"max_hp_loss":0,"event_name":"Big Fish","floor":5,"gold_loss":0},{"cards_removed":["Strike_B"],"damage_healed":0,"gold_gain":0,"player_choice":"Card Removal","damage_taken":7,"max_hp_gain":0,"max_hp_loss":0,"event_name":"Golden Wing","floor":10,"gold_loss":0},{"damage_healed":0,"gold_gain":0,"player_choice":"Ignored","damage_taken":0,"max_hp_gain":0,"max_hp_loss":0,"event_name":"Ghosts","floor":28,"gold_loss":0}],"is_beta":true,"boss_relics":[{"not_picked":[]}],"items_purged_floors":[],"is_endless":false,"potions_floor_spawned":[3,8,18,24,31],"killed_by":"Collector","ascension_level":0}