{"gold_per_floor":[119,119,135,146,146,146,72,84,168,200,125,125,138,150,150,245,245,263,263,11,11,11,11],"floor_reached":23,"playtime":1327,"items_purged":["Strike_R","Strike_R"],"score":227,"play_id":"d74e6bd6-ea51-44ff-b417-69080251031d","local_time":"20190221201647","is_ascension_mode":true,"campfire_choices":[{"data":"Rampage","floor":6,"key":"SMITH"},{"data":"Armaments","floor":12,"key":"SMITH"},{"floor":15,"key":"REST"}],"neow_cost":"NONE","seed_source_timestamp":571799384203894,"circlet_count":0,"master_deck":["Strike_R","Strike_R","Strike_R","Defend_R","Defend_R","Defend_R","Defend_R","Bash","Forethought","Rampage+1","Flex","Metallicize","Thunderclap","Armaments+1","Reaper"],"relics":["Burning Blood","Potion Belt","Tiny Chest","Dodecahedron","Fusion Hammer","Vajra"],"potions_floor_usage":[10,16,16,21,23],"damage_taken":[{"damage":0,"enemies":"Small Slimes","floor":1,"turns":3},{"damage":6,"enemies":"Cultist","floor":3,"turns":4},{"damage":1,"enemies":"2 Louse","floor":4,"turns":4},{"damage":13,"enemies":"Blue Slaver","floor":8,"turns":5},{"damage":26,"enemies":"Gremlin Nob","floor":10,"turns":4},{"damage":10,"enemies":"Exordium Wildlife","floor":13,"turns":4},{"damage":7,"enemies":"2 Fungi Beasts","floor":14,"turns":4},{"damage":63,"enemies":"Hexaghost","floor":16,"turns":14},{"damage":14,"enemies":"Chosen","floor":18,"turns":5},{"damage":27,"enemies":"Colosseum Slavers","floor":21,"turns":5},{"damage":81,"enemies":"Book of Stabbing","floor":23,"turns":7}],"seed_played":"4491973951242168216","potions_obtained":[{"floor":3,"key":"Swift Potion"},{"floor":4,"key":"SkillPotion"},{"floor":10,"key":"SpeedPotion"},{"floor":13,"key":"Regen Potion"},{"floor":18,"key":"LiquidBronze"}],"is_trial":false,"path_per_floor":["M","?","M","M","?","R","$","M","T","E","$","R","M","M","R","B",null,"M","?","$","?","$","E"],"character_chosen":"IRONCLAD","items_purchased":["Metallicize","Vajra"],"campfire_rested":1,"item_purchase_floors":[7,20],"current_hp_per_floor":[80,80,80,80,80,80,80,73,73,53,53,53,49,48,72,30,80,72,72,72,59,59,0],"gold":11,"neow_bonus":"RANDOM_COLORLESS","is_prod":false,"is_daily":false,"chose_seed":false,"campfire_upgraded":2,"win_rate":0,"timestamp":1550776607,"path_taken":["M","?","M","M","?","R","$","M","T","E","$","R","M","?","R","BOSS","M","?","$","?","$","E"],"build_version":"2019-01-23","purchased_purges":2,"victory":false,"max_hp_per_floor":[80,80,80,80,80,80,80,80,80,80,80,80,80,80,80,80,80,80,80,80,80,80,80],"card_choices":[{"not_picked":["Entrench","Twin Strike","Second Wind"],"picked":"SKIP","floor":1},{"not_picked":["Power Through","Iron Wave"],"picked":"Rampage","floor":3},{"not_picked":["Second Wind","True Grit"],"picked":"Flex","floor":4},{"not_picked":["Havoc","Wild Strike"],"picked":"Thunderclap","floor":8},{"not_picked":["Impervious","Havoc"],"picked":"Armaments","floor":10},{"not_picked":["Sword Boomerang","Hemokinesis","Burning Pact"],"picked":"SKIP","floor":13},{"not_picked":["Sword Boomerang","Pommel Strike","Perfected Strike"],"picked":"SKIP","floor":14},{"not_picked":["Exhume","Brutality"],"picked":"Reaper","floor":16},{"not_picked":["Thunderclap+1","Flame Barrier","Reckless Charge+1"],"picked":"SKIP","floor":18}],"player_experience":325767,"relics_obtained":[{"floor":5,"key":"Potion Belt"},{"floor":9,"key":"Tiny Chest"},{"floor":10,"key":"Dodecahedron"}],"event_choices":[{"damage_healed":0,"gold_gain":0,"player_choice":"Ignored","damage_taken":0,"max_hp_gain":0,"max_hp_loss":0,"event_name":"Liars Game","floor":2,"gold_loss":0},{"damage_healed":0,"gold_gain":0,"player_choice":"Relic","damage_taken":0,"max_hp_gain":0,"max_hp_loss":0,"event_name":"Wheel of Change","floor":5,"gold_loss":0},{"damage_healed":0,"gold_gain":0,"player_choice":"Ignored","damage_taken":0,"max_hp_gain":0,"max_hp_loss":0,"event_name":"Ghosts","floor":19,"gold_loss":0},{"damage_healed":0,"gold_gain":0,"player_choice":"Fight","damage_taken":0,"max_hp_gain":0,"max_hp_loss":0,"event_name":"Colosseum","floor":21,"gold_loss":0},{"damage_healed":0,"gold_gain":0,"player_choice":"Fled From Nobs","damage_taken":0,"max_hp_gain":0,"max_hp_loss":0,"event_name":"Colosseum","floor":21,"gold_loss":0}],"is_beta":false,"boss_relics":[{"not_picked":["Black Blood","Mark of Pain"],"picked":"Fusion Hammer"}],"items_purged_floors":[11,20],"is_endless":false,"potions_floor_spawned":[3,4,10,13,18],"killed_by":"Book of Stabbing","ascension_level":4}