{"gold_per_floor":[113,132,142,158,158,158,190,210,210,210,86,86,104,130,130,232,232,245,262,262,272,290,290,315,315,315,315,240,240,240,2,2,104,104,120,131,151,26,42,42,52,70,150,82,129,129,3,15,15,15],"floor_reached":51,"playtime":2623,"items_purged":["Strike_R","Strike_R","Strike_R"],"score":962,"play_id":"bcd89075-868d-4f0c-a316-2a841b64d0df","local_time":"20190226114619","is_ascension_mode":true,"campfire_choices":[{"data":"Bash","floor":6,"key":"SMITH"},{"data":"Inflame","floor":10,"key":"SMITH"},{"data":"Armaments","floor":15,"key":"SMITH"},{"data":"Corruption","floor":23,"key":"SMITH"},{"data":"Feel No Pain","floor":25,"key":"SMITH"},{"data":"Disarm","floor":27,"key":"SMITH"},{"data":"Whirlwind","floor":29,"key":"SMITH"},{"data":"Double Tap","floor":32,"key":"SMITH"},{"floor":40,"key":"REST"},{"floor":49,"key":"REST"}],"neow_cost":"PERCENT_DAMAGE","seed_source_timestamp":971879933245882,"circlet_count":0,"master_deck":["Defend_R","Defend_R","Defend_R","Defend_R","Bash+1","Impervious","Feel No Pain+1","Iron Wave","Shrug It Off","Cleave","Pommel Strike","Inflame+1","Corruption+1","Armaments+1","Reaper","Flame Barrier","Disarm+1","Whirlwind+1","Double Tap+1","Bludgeon+1","Spot Weakness","Thunderclap+1","Sentinel","Fiend Fire+1","Feel No Pain","Ghostly Armor"],"relics":["Burning Blood","Lantern","Meat on the Bone","Matryoshka","Magic Flower","Velvet Choker","Molten Egg 2","Anchor","Pantograph","Fusion Hammer","Blood Vial","Letter Opener","Peace Pipe","Unceasing Top"],"potions_floor_usage":[7,16,16,16,24,37,50,50,50],"damage_taken":[{"damage":0,"enemies":"2 Louse","floor":1,"turns":3},{"damage":15,"enemies":"Cultist","floor":2,"turns":5},{"damage":15,"enemies":"Jaw Worm","floor":3,"turns":7},{"damage":7,"enemies":"Large Slime","floor":4,"turns":12},{"damage":18,"enemies":"Gremlin Nob","floor":7,"turns":5},{"damage":3,"enemies":"2 Fungi Beasts","floor":8,"turns":4},{"damage":0,"enemies":"Blue Slaver","floor":13,"turns":6},{"damage":15,"enemies":"Lagavulin","floor":14,"turns":7},{"damage":16,"enemies":"Hexaghost","floor":16,"turns":12},{"damage":11,"enemies":"3 Byrds","floor":18,"turns":6},{"damage":5,"enemies":"Chosen","floor":19,"turns":7},{"damage":36,"enemies":"Sentry and Sphere","floor":21,"turns":10},{"damage":21,"enemies":"Centurion and Healer","floor":22,"turns":9},{"damage":5,"enemies":"Gremlin Leader","floor":24,"turns":7},{"damage":94,"enemies":"Champ","floor":33,"turns":17},{"damage":14,"enemies":"3 Shapes","floor":35,"turns":5},{"damage":0,"enemies":"Orb Walker","floor":36,"turns":2},{"damage":33,"enemies":"3 Darklings","floor":37,"turns":3},{"damage":13,"enemies":"Jaw Worm Horde","floor":39,"turns":4},{"damage":27,"enemies":"Maw","floor":41,"turns":7},{"damage":1,"enemies":"3 Darklings","floor":42,"turns":3},{"damage":25,"enemies":"2 Orb Walkers","floor":45,"turns":5},{"damage":23,"enemies":"Transient","floor":48,"turns":5},{"damage":107,"enemies":"Donu and Deca","floor":50,"turns":10}],"seed_played":"-2232561982368575522","potions_obtained":[{"floor":3,"key":"Dexterity Potion"},{"floor":4,"key":"EssenceOfSteel"},{"floor":8,"key":"PowerPotion"},{"floor":16,"key":"SteroidPotion"},{"floor":33,"key":"Swift Potion"},{"floor":35,"key":"SneckoOil"},{"floor":41,"key":"SteroidPotion"},{"floor":45,"key":"Weak Potion"}],"is_trial":false,"path_per_floor":["M","M","M","M","?","R","E","M","T","R","$","T","M","E","R","B",null,"M","M","?","M","M","R","E","R","T","R","?","R","?","$","R","B",null,"M","M","M","$","M","R","M","M","T","$","?","?","$","M","R","B",null],"character_chosen":"IRONCLAD","items_purchased":["AttackPotion","Double Tap","Sentinel","Strength Potion","Feel No Pain"],"campfire_rested":2,"item_purchase_floors":[11,31,44,47,47],"current_hp_per_floor":[57,48,39,38,38,38,26,29,29,29,29,29,47,50,50,61,75,80,80,80,53,53,53,80,80,80,80,80,80,80,80,80,35,69,75,80,56,56,69,80,73,80,80,80,80,80,80,66,80,60],"gold":15,"neow_bonus":"THREE_RARE_CARDS","is_prod":false,"is_daily":false,"chose_seed":false,"campfire_upgraded":8,"win_rate":0,"timestamp":1551177979,"path_taken":["M","M","M","M","?","R","E","M","T","R","$","?","M","E","R","BOSS","M","?","?","M","M","R","E","R","T","R","?","R","?","$","R","BOSS","M","M","M","$","M","R","M","M","T","$","?","?","$","M","R","BOSS"],"build_version":"2019-01-23","purchased_purges":3,"victory":true,"max_hp_per_floor":[80,80,80,80,80,80,80,80,80,80,80,80,80,80,80,80,80,80,80,80,80,80,80,80,80,80,80,80,80,80,80,80,80,80,80,80,80,80,80,80,80,80,80,80,80,80,80,80,80,80],"card_choices":[{"not_picked":["Brutality","Dark Embrace"],"picked":"Impervious","floor":0},{"not_picked":["Clash","Heavy Blade"],"picked":"Feel No Pain","floor":1},{"not_picked":["Clash","Bloodletting"],"picked":"Iron Wave","floor":2},{"not_picked":["True Grit","Heavy Blade"],"picked":"Shrug It Off","floor":3},{"not_picked":["Warcry","Pummel"],"picked":"Cleave","floor":4},{"not_picked":["Wild Strike","Twin Strike"],"picked":"Pommel Strike","floor":7},{"not_picked":["Havoc","Berserk"],"picked":"Inflame","floor":8},{"not_picked":["Armaments","Reckless Charge"],"picked":"Corruption","floor":13},{"not_picked":["Twin Strike","Warcry"],"picked":"Armaments","floor":14},{"not_picked":["Berserk","Fiend Fire"],"picked":"Reaper","floor":16},{"not_picked":["Rupture","Pummel+1"],"picked":"Flame Barrier","floor":18},{"not_picked":["Wild Strike","Clothesline","Warcry"],"picked":"SKIP","floor":19},{"not_picked":["Clothesline+1","Blood for Blood"],"picked":"Whirlwind","floor":21},{"not_picked":["Pummel","Uppercut","Heavy Blade"],"picked":"SKIP","floor":22},{"not_picked":["Infernal Blade+1","Havoc","Thunderclap"],"picked":"SKIP","floor":24},{"not_picked":["Demon Form","Double Tap"],"picked":"Bludgeon+1","floor":33},{"not_picked":["Clash+1","Flex"],"picked":"Spot Weakness","floor":35},{"not_picked":["Warcry+1","True Grit+1","Cleave+1"],"picked":"SKIP","floor":36},{"not_picked":["Uppercut+1","Spot Weakness","Headbutt+1"],"picked":"SKIP","floor":37},{"not_picked":["Clash+1","Warcry","Iron Wave+1"],"picked":"SKIP","floor":39},{"not_picked":["Reckless Charge+1","Uppercut+1","Carnage+1"],"picked":"SKIP","floor":41},{"not_picked":["Feel No Pain+1","Flex+1"],"picked":"Thunderclap+1","floor":42},{"not_picked":["Disarm+1","Combust"],"picked":"Fiend Fire+1","floor":45},{"not_picked":["Intimidate+1","Spot Weakness+1"],"picked":"Ghostly Armor","floor":48}],"player_experience":539890,"relics_obtained":[{"floor":7,"key":"Lantern"},{"floor":9,"key":"Meat on the Bone"},{"floor":12,"key":"Matryoshka"},{"floor":14,"key":"Magic Flower"},{"floor":24,"key":"Molten Egg 2"},{"floor":26,"key":"Anchor"},{"floor":26,"key":"Pantograph"},{"floor":43,"key":"Blood Vial"},{"floor":43,"key":"Letter Opener"},{"floor":45,"key":"Peace Pipe"},{"floor":46,"key":"Unceasing Top"}],"event_choices":[{"cards_removed":["Strike_R"],"damage_healed":0,"gold_gain":0,"player_choice":"Purged","damage_taken":0,"max_hp_gain":0,"max_hp_loss":0,"event_name":"Purifier","floor":5,"gold_loss":0},{"damage_healed":0,"gold_gain":0,"player_choice":"Read","damage_taken":0,"max_hp_gain":0,"max_hp_loss":0,"event_name":"The Library","floor":20,"gold_loss":0,"cards_obtained":["Disarm"]},{"cards_removed":["Strike_R"],"damage_healed":0,"gold_gain":0,"player_choice":"Gave Gold","damage_taken":0,"max_hp_gain":0,"max_hp_loss":0,"event_name":"Beggar","floor":28,"gold_loss":75},{"damage_healed":0,"gold_gain":0,"player_choice":"Ignored","damage_taken":0,"max_hp_gain":0,"max_hp_loss":0,"event_name":"Vampires","floor":30,"gold_loss":0},{"damage_healed":0,"gold_gain":0,"player_choice":"Fight","damage_taken":0,"max_hp_gain":0,"max_hp_loss":0,"event_name":"Mysterious Sphere","floor":45,"gold_loss":0},{"damage_healed":0,"gold_gain":0,"player_choice":"Relic","damage_taken":0,"max_hp_gain":0,"max_hp_loss":0,"event_name":"Wheel of Change","floor":46,"gold_loss":0}],"is_beta":false,"boss_relics":[{"not_picked":["Orrery","Runic Dome"],"picked":"Velvet Choker"},{"not_picked":["Empty Cage","Runic Pyramid"],"picked":"Fusion Hammer"}],"items_purged_floors":[11,31,38],"is_endless":false,"potions_floor_spawned":[3,4,8,13,16,33,35,41,45],"ascension_level":9}