{"gold_per_floor":[362,374,389,409,9,9,41,53,53,65],"floor_reached":10,"playtime":294,"items_purged":[],"score":98,"play_id":"a8af06ae-269f-4a92-afbb-5d4dcb346e78","local_time":"20190225110426","is_ascension_mode":true,"campfire_choices":[{"data":"Defragment","floor":6,"key":"SMITH"}],"neow_cost":"PERCENT_DAMAGE","seed_source_timestamp":885301860333647,"circlet_count":0,"master_deck":["Strike_B","Strike_B","Strike_B","Strike_B","Defend_B","Defend_B","Defend_B","Defend_B","Zap","Dualcast","Barrage","Blizzard","Defragment+1","Conserve Battery","Barrage","Ball Lightning","Glacier"],"relics":["Cracked Core","Symbiotic Virus","Blue Candle","MawBank"],"potions_floor_usage":[7],"damage_taken":[{"damage":1,"enemies":"Cultist","floor":1,"turns":3},{"damage":0,"enemies":"Small Slimes","floor":2,"turns":3},{"damage":3,"enemies":"2 Louse","floor":3,"turns":3},{"damage":7,"enemies":"Looter","floor":4,"turns":3},{"damage":26,"enemies":"Gremlin Nob","floor":7,"turns":4},{"damage":8,"enemies":"Large Slime","floor":8,"turns":4},{"damage":5,"enemies":"3 Sentries","floor":10,"turns":2}],"seed_played":"4021872481215966886","potions_obtained":[{"floor":2,"key":"Strength Potion"}],"is_trial":false,"path_per_floor":["M","M","M","M","$","R","E","M","T","E"],"character_chosen":"DEFECT","items_purchased":["Defragment","Symbiotic Virus","Conserve Battery","Barrage"],"campfire_rested":0,"item_purchase_floors":[5,5,5,5],"current_hp_per_floor":[49,49,46,39,39,39,13,5,5,0],"gold":65,"neow_bonus":"TWO_FIFTY_GOLD","is_prod":false,"is_daily":false,"chose_seed":false,"campfire_upgraded":1,"win_rate":0,"timestamp":1551089066,"path_taken":["M","M","M","M","$","R","E","M","T","E"],"build_version":"2019-01-23","purchased_purges":0,"victory":false,"max_hp_per_floor":[75,75,75,75,75,75,75,75,75,75],"card_choices":[{"not_picked":["Rebound","Streamline","Go for the Eyes"],"picked":"SKIP","floor":1},{"not_picked":["Turbo","Beam Cell"],"picked":"Barrage","floor":2},{"not_picked":["Chaos","Compile Driver"],"picked":"Blizzard","floor":3},{"not_picked":["Beam Cell","Tempest","Machine Learning"],"picked":"SKIP","floor":4},{"not_picked":["Fusion","Hello World"],"picked":"Ball Lightning","floor":7},{"not_picked":["Scrape","Beam Cell"],"picked":"Glacier","floor":8}],"player_experience":485295,"relics_obtained":[{"floor":7,"key":"Blue Candle"},{"floor":9,"key":"MawBank"}],"event_choices":[],"is_beta":false,"boss_relics":[],"items_purged_floors":[],"is_endless":false,"potions_floor_spawned":[2],"killed_by":"3 Sentries","ascension_level":8}