{"path_per_floor":["M","?","M","M","?","E","M","R","T","R","M","?","$","?","R","B",null,"M","T","?","?","M","R","E","?","T","R","M","R","?","M","R","B",null,"M","$","M","?","?","R","E","R","T","R","M","R","?","M","R","B"],"character_chosen":"THE_SILENT","items_purchased":["Lantern","Backstab"],"gold_per_floor":[115,115,125,142,142,172,187,187,211,211,227,227,1,1,1,97,97,97,97,97,97,97,97,97,97,97,97,97,97,97,97,97,97,97,97,61,61,61,61,61,61,61,61,61,61,61,61,61,61,61],"floor_reached":51,"campfire_rested":2,"playtime":4349,"current_hp_per_floor":[70,58,58,54,54,37,24,45,45,45,47,52,52,52,52,44,67,67,67,67,54,56,56,55,39,39,39,30,52,52,54,54,56,70,56,56,54,54,54,54,56,56,56,56,58,58,58,60,60,66],"items_purged":["Strike_G"],"gold":61,"score":739,"play_id":"da8cc3c8-ca27-4ca0-af88-600b86a20e7c","is_prod":false,"is_daily":false,"is_ascension_mode":true,"campfire_upgraded":10,"path_taken":["M","?","M","M","?","E","M","R","T","R","M","?","$","?","R","BOSS","M","?","?","?","M","R","E","?","T","R","M","R","?","M","R","BOSS","M","$","M","?","?","R","E","R","T","R","M","R","?","M","R","BOSS"],"build_version":"2018-02-08-BETA1","purchased_purges":1,"victory":true,"master_deck":["Defend_G","Defend_G","Defend_G","Defend_G","Strike_G","Strike_G","Strike_G","Survivor+1","Neutralize+1","Backstab","Terror+1","Escape Plan","Burst+1","Prepared+1","Wraith Form+1","After Image+1","Backflip+1","Outmaneuver+1","Predator+1","Well Laid Plans","Backflip+1","Neutralize+1","Flash of Steel","A Thousand Cuts+1","Backstab","Acrobatics+1","Flash of Steel","Heel Hook+1","Deflect+1","Slice","Deflect"],"max_hp_per_floor":[70,70,70,70,70,70,70,70,70,70,70,75,75,75,75,75,75,75,75,75,75,75,75,75,75,75,75,75,75,75,75,75,75,75,75,75,75,75,75,75,75,75,75,75,75,75,75,75,75,75],"relics":["Ring of the Snake","Prayer Wheel","Juzu Bracelet","Blood Vial","Lantern","Ectoplasm","Bronze Scales","Red Mask","Kunai","Nilry\u0027s Codex","Matryoshka","Philosopher\u0027s Stone","Omamori","Dream Catcher","Unceasing Top"],"card_choices":[{"not_picked":["Footwork","Underhanded Strike"],"picked":"Backstab"},{"not_picked":["Deadly Poison","Endless Agony"],"picked":"Terror"},{"not_picked":["Bouncing Flask","Dodge and Roll"],"picked":"Escape Plan"},{"not_picked":["Underhanded Strike","Choke"],"picked":"Burst"},{"not_picked":["Quick Slash","Dagger Throw"],"picked":"Prepared"},{"not_picked":["Expertise","Dagger Throw"],"picked":"Wraith Form"},{"not_picked":["Tools of the Trade","Phantasmal Killer"],"picked":"After Image"},{"not_picked":["Sucker Punch","Finisher"],"picked":"Backflip"},{"not_picked":["Backflip","Deflect"],"picked":"Outmaneuver"},{"not_picked":["Dagger Spray","Bane"],"picked":"Predator"},{"not_picked":["Flying Knee","Noxious Fumes"],"picked":"Well Laid Plans"},{"not_picked":["Caltrops","Finisher"],"picked":"Backflip"},{"not_picked":["Burst","Night Terror"],"picked":"A Thousand Cuts"},{"not_picked":["Crippling Poison","Accuracy"],"picked":"Acrobatics"},{"not_picked":["Dodge and Roll","Terror"],"picked":"Heel Hook"},{"not_picked":["Flying Knee","Quick Slash"],"picked":"Deflect"},{"not_picked":["Phantasmal Killer","Quick Slash"],"picked":"Slice"},{"not_picked":["Dagger Throw","Noxious Fumes"],"picked":"Deflect"}],"player_experience":73983,"potions_floor_usage":[6,21,28,50,50],"damage_taken":[{"damage":0,"enemies":"Cultist","floor":1,"turns":3},{"damage":0,"enemies":"2 Louse","floor":3,"turns":1},{"damage":4,"enemies":"Blue Slaver","floor":4,"turns":4},{"damage":17,"enemies":"Lagavulin","floor":6,"turns":4},{"damage":13,"enemies":"Exordium Wildlife","floor":7,"turns":5},{"damage":0,"enemies":"Red Slaver","floor":11,"turns":2},{"damage":10,"enemies":"Hexaghost","floor":16,"turns":9},{"damage":2,"enemies":"Shell Parasite","floor":18,"turns":5},{"damage":15,"enemies":"Masked Bandits","floor":21,"turns":3},{"damage":0,"enemies":"3 Byrds","floor":22,"turns":4},{"damage":3,"enemies":"Book of Stabbing","floor":24,"turns":5},{"damage":11,"enemies":"Cultist and Chosen","floor":28,"turns":4},{"damage":0,"enemies":"Snake Plant","floor":31,"turns":3},{"damage":0,"enemies":"Champ","floor":33,"turns":8},{"damage":16,"enemies":"3 Darklings","floor":35,"turns":4},{"damage":4,"enemies":"3 Shapes","floor":37,"turns":4},{"damage":0,"enemies":"Giant Head","floor":41,"turns":6},{"damage":0,"enemies":"Flame Bruiser 2 Orb","floor":45,"turns":4},{"damage":0,"enemies":"Spire Growth","floor":48,"turns":3},{"damage":11,"enemies":"Awakened One","floor":50,"turns":8}],"event_choices":[{"event_name":"Scrap Ooze","player_choice":"success","floor":2,"damage_taken":12},{"event_name":"Purifier","player_choice":"One Purge","floor":5,"damage_taken":0},{"event_name":"Big Fish","player_choice":"Donut","floor":12,"damage_taken":0},{"event_name":"Liars Game","player_choice":"disagreed","floor":14,"damage_taken":0},{"event_name":"Drug Dealer","player_choice":"Ignored","floor":20,"damage_taken":0},{"event_name":"Masked Bandits","player_choice":"Fought over 97 gold","floor":21,"damage_taken":0},{"event_name":"Cursed Tome","player_choice":"Obtained Book","floor":25,"damage_taken":0},{"event_name":"Match and Keep!","player_choice":"2 cards matched","floor":30,"damage_taken":0},{"event_name":"Duplicator","player_choice":"One dupe","floor":39,"damage_taken":0},{"event_name":"Tomb of Lord Red Mask","player_choice":"Wore Mask","floor":47,"damage_taken":0}],"boss_relics":[{"not_picked":["Runic Pyramid","Question Card"],"picked":"Ectoplasm"},{"not_picked":["Velvet Choker","Lizard Tail"],"picked":"Philosopher\u0027s Stone"}],"potions_floor_spawned":[1,3,7,11,24,28,33,35,37,41,48],"seed_played":"-4470121864352432817","ascension_level":5,"is_trial":false}