{"gold_per_floor":[116,116,127,138,157,157,188,43,66,100,100,134,84,184,184,288,288,306,276,295,314,328,359,359,393,393,403,403,436,436,451,451,554,554,574,574,674,674,624,624,652,672,672,20,32,32,46,59,59,59],"floor_reached":51,"playtime":4199,"items_purged":["Strike_R","Strike_R","Strike_R"],"score":842,"play_id":"1923c2ad-8a72-4e76-879a-bc2f8c2c2b99","local_time":"20190221131327","is_ascension_mode":true,"campfire_choices":[{"data":"Armaments","floor":6,"key":"SMITH"},{"floor":15,"key":"REST"},{"floor":24,"key":"REST"},{"floor":28,"key":"REST"},{"floor":32,"key":"REST"},{"floor":40,"key":"REST"},{"floor":46,"key":"REST"},{"floor":49,"key":"RECALL"}],"neow_cost":"NONE","seed_source_timestamp":543518010706772,"circlet_count":0,"master_deck":["Defend_R","Defend_R","Defend_R","Defend_R","Bash+1","Shockwave","Armaments+1","Seeing Red","Flex","Inflame","Rampage","Reaper","Headbutt","Spot Weakness","True Grit+1","Battle Trance+1","Double Tap","Metallicize+1","Thinking Ahead","Whirlwind+1","Evolve+1","Metallicize+1"],"relics":["Burning Blood","Oddly Smooth Stone","Lantern","Smiling Mask","Centennial Puzzle","Fusion Hammer","Bag of Marbles","Molten Egg 2","Dodecahedron","Question Card","Mark of Pain","Turnip","PreservedInsect","Omamori","Vajra","Pantograph","ClockworkSouvenir"],"potions_floor_usage":[7,7,7,16,16,16,16,23,25,29,31,41,48,50,50,50],"damage_taken":[{"damage":1,"enemies":"Cultist","floor":1,"turns":3},{"damage":5,"enemies":"Jaw Worm","floor":3,"turns":4},{"damage":4,"enemies":"Small Slimes","floor":4,"turns":4},{"damage":14,"enemies":"3 Louse","floor":5,"turns":4},{"damage":30,"enemies":"3 Sentries","floor":7,"turns":7},{"damage":20,"enemies":"Gremlin Nob","floor":10,"turns":4},{"damage":15,"enemies":"Lagavulin","floor":12,"turns":8},{"damage":45,"enemies":"Slime Boss","floor":16,"turns":11},{"damage":6,"enemies":"3 Byrds","floor":18,"turns":7},{"damage":29,"enemies":"2 Thieves","floor":19,"turns":5},{"damage":10,"enemies":"Shelled Parasite and Fungi","floor":20,"turns":5},{"damage":20,"enemies":"Cultist and Chosen","floor":21,"turns":6},{"damage":29,"enemies":"Sentry and Sphere","floor":22,"turns":6},{"damage":55,"enemies":"Slavers","floor":23,"turns":7},{"damage":8,"enemies":"Book of Stabbing","floor":25,"turns":4},{"damage":14,"enemies":"Centurion and Healer","floor":27,"turns":3},{"damage":32,"enemies":"Slavers","floor":29,"turns":10},{"damage":10,"enemies":"Snecko","floor":31,"turns":3},{"damage":60,"enemies":"Automaton","floor":33,"turns":10},{"damage":18,"enemies":"3 Darklings","floor":35,"turns":5},{"damage":5,"enemies":"Mind Bloom Boss Battle","floor":37,"turns":6},{"damage":2,"enemies":"Reptomancer","floor":41,"turns":3},{"damage":0,"enemies":"Orb Walker","floor":42,"turns":3},{"damage":12,"enemies":"Maw","floor":45,"turns":4},{"damage":7,"enemies":"Spire Growth","floor":47,"turns":4},{"damage":3,"enemies":"Transient","floor":48,"turns":5},{"damage":55,"enemies":"Awakened One","floor":50,"turns":7}],"seed_played":"-3217913843397069309","potions_obtained":[{"floor":1,"key":"SteroidPotion"},{"floor":3,"key":"SpeedPotion"},{"floor":5,"key":"PowerPotion"},{"floor":12,"key":"EntropicBrew"},{"floor":19,"key":"BloodPotion"},{"floor":22,"key":"SpeedPotion"},{"floor":27,"key":"EssenceOfSteel"},{"floor":29,"key":"FearPotion"},{"floor":33,"key":"Swift Potion"},{"floor":37,"key":"Ancient Potion"},{"floor":38,"key":"SteroidPotion"},{"floor":38,"key":"Energy Potion"},{"floor":41,"key":"GamblersBrew"},{"floor":48,"key":"FearPotion"}],"is_trial":false,"path_per_floor":["M","?","M","M","M","R","E","$","T","E","?","E","?","?","R","B",null,"M","M","M","M","M","E","R","E","T","M","R","E","?","M","R","B",null,"M","?","?","?","$","R","E","M","T","$","M","R","M","M","R","B",null],"character_chosen":"IRONCLAD","items_purchased":["Rampage","Vajra","Pantograph","ClockworkSouvenir"],"campfire_rested":6,"item_purchase_floors":[8,44,44,44],"current_hp_per_floor":[80,80,80,80,72,72,48,48,48,34,34,25,25,25,49,25,80,80,57,63,58,41,30,54,56,56,72,80,54,46,42,66,25,80,68,68,69,69,69,80,80,80,80,80,74,80,80,80,80,45],"gold":59,"neow_bonus":"UPGRADE_CARD","is_prod":false,"is_daily":false,"chose_seed":false,"campfire_upgraded":1,"win_rate":0,"timestamp":1550751207,"path_taken":["M","?","?","M","M","R","E","$","T","E","?","E","?","?","R","BOSS","M","?","M","M","M","E","R","E","T","M","R","E","?","?","R","BOSS","M","?","?","?","$","R","E","?","T","$","M","R","M","M","R","BOSS"],"build_version":"2019-01-23","purchased_purges":3,"victory":true,"max_hp_per_floor":[80,80,80,80,80,80,80,80,80,80,80,80,80,80,80,80,80,80,80,80,80,80,80,80,80,80,80,80,80,80,80,80,80,80,80,80,80,80,80,80,80,80,80,80,80,80,80,80,80,80],"card_choices":[{"not_picked":["Hemokinesis","Cleave"],"picked":"Shockwave","floor":1},{"not_picked":["Cleave","Evolve"],"picked":"Seeing Red","floor":3},{"not_picked":["Wild Strike","True Grit"],"picked":"Flex","floor":4},{"not_picked":["Shrug It Off","Wild Strike","Warcry"],"picked":"SKIP","floor":5},{"not_picked":["Body Slam","Clothesline"],"picked":"Inflame","floor":7},{"not_picked":["Ghostly Armor","Body Slam","Wild Strike"],"picked":"SKIP","floor":10},{"not_picked":["Flex","Bludgeon","Shrug It Off"],"picked":"SKIP","floor":12},{"not_picked":["Feed","Barricade"],"picked":"Reaper","floor":16},{"not_picked":["Clash","Dual Wield"],"picked":"Headbutt","floor":18},{"not_picked":["Body Slam","Flex","Thunderclap"],"picked":"SKIP","floor":19},{"not_picked":["Burning Pact","Evolve","Flame Barrier"],"picked":"SKIP","floor":20},{"not_picked":["Flex","Sword Boomerang"],"picked":"Spot Weakness","floor":21},{"not_picked":["Pommel Strike","Perfected Strike","Juggernaut"],"picked":"SKIP","floor":22},{"not_picked":["Body Slam","Perfected Strike","Anger"],"picked":"SKIP","floor":23},{"not_picked":["Carnage","Pommel Strike+1","Clash"],"picked":"SKIP","floor":25},{"not_picked":["Shrug It Off","Iron Wave+1"],"picked":"True Grit+1","floor":27},{"not_picked":["Evolve","Disarm"],"picked":"Battle Trance+1","floor":29},{"not_picked":["Evolve","Bloodletting","Seeing Red","Anger+1"],"picked":"SKIP","floor":31},{"not_picked":["Demon Form","Bludgeon+1","Berserk"],"picked":"Double Tap","floor":33},{"not_picked":["Cleave+1","Warcry","Second Wind+1"],"picked":"Metallicize+1","floor":35},{"not_picked":["Finesse","PanicButton","Magnetism"],"picked":"Thinking Ahead","floor":36},{"not_picked":["Sever Soul+1","Headbutt+1","Clash+1"],"picked":"Whirlwind+1","floor":37},{"not_picked":["Body Slam+1","Blood for Blood+1","Whirlwind+1","True Grit"],"picked":"SKIP","floor":41},{"not_picked":["Corruption+1","Shrug It Off+1","Flex+1","Headbutt+1"],"picked":"SKIP","floor":42},{"not_picked":["True Grit+1","Barricade","Rupture+1"],"picked":"Evolve+1","floor":45},{"not_picked":["Pommel Strike+1","Headbutt+1","Sword Boomerang+1","Iron Wave+1"],"picked":"SKIP","floor":47},{"not_picked":["Battle Trance","Shockwave+1","Cleave+1"],"picked":"Metallicize+1","floor":48}],"player_experience":307428,"relics_obtained":[{"floor":7,"key":"Oddly Smooth Stone"},{"floor":9,"key":"Lantern"},{"floor":10,"key":"Smiling Mask"},{"floor":12,"key":"Centennial Puzzle"},{"floor":23,"key":"Bag of Marbles"},{"floor":25,"key":"Molten Egg 2"},{"floor":26,"key":"Dodecahedron"},{"floor":29,"key":"Question Card"},{"floor":37,"key":"Turnip"},{"floor":41,"key":"PreservedInsect"},{"floor":43,"key":"Omamori"}],"event_choices":[{"damage_healed":0,"gold_gain":0,"cards_transformed":["Strike_R"],"player_choice":"Transformed","damage_taken":0,"max_hp_gain":0,"max_hp_loss":0,"event_name":"Transmorgrifier","floor":2,"gold_loss":0,"cards_obtained":["Armaments"]},{"damage_healed":0,"gold_gain":0,"player_choice":"Ignored","damage_taken":0,"max_hp_gain":0,"max_hp_loss":0,"event_name":"Liars Game","floor":11,"gold_loss":0},{"cards_removed":["Strike_R"],"damage_healed":0,"gold_gain":0,"player_choice":"Card Removal","damage_taken":0,"max_hp_gain":0,"max_hp_loss":0,"event_name":"The Cleric","floor":13,"gold_loss":50},{"damage_healed":0,"gold_gain":100,"player_choice":"Pray","damage_taken":0,"max_hp_gain":0,"max_hp_loss":0,"event_name":"Golden Shrine","floor":14,"gold_loss":0},{"damage_healed":0,"gold_gain":0,"player_choice":"Damaged","damage_taken":8,"max_hp_gain":0,"max_hp_loss":0,"event_name":"Wheel of Change","floor":30,"gold_loss":0},{"damage_healed":0,"gold_gain":0,"player_choice":"Memory 1","damage_taken":0,"max_hp_gain":0,"max_hp_loss":0,"event_name":"SensoryStone","floor":36,"gold_loss":0},{"damage_healed":0,"gold_gain":0,"player_choice":"Fight","damage_taken":0,"max_hp_gain":0,"max_hp_loss":0,"event_name":"MindBloom","floor":37,"gold_loss":0},{"damage_healed":0,"gold_gain":0,"player_choice":"Got Potions","damage_taken":0,"max_hp_gain":0,"max_hp_loss":0,"event_name":"Lab","floor":38,"gold_loss":0}],"is_beta":false,"boss_relics":[{"not_picked":["Empty Cage","Eternal Feather"],"picked":"Fusion Hammer"},{"not_picked":["Runic Dome","Runic Cube"],"picked":"Mark of Pain"}],"items_purged_floors":[8,39,44],"is_endless":false,"potions_floor_spawned":[1,3,5,12,19,22,27,29,33,37,41,42,47,48],"ascension_level":3}