{"path_per_floor":["M","?","?","M","?","R","E","$","T","R","?","E","M","E","R","B",null,"M","?","?","$","$","E","M","R","T","E","R","?","R","?","R","B",null,"M","M","?","?","?","R","E","R","T","R","M","E","?","E","R","B"],"character_chosen":"DEFECT","items_purchased":["Go for the Eyes","Leap","Sunder","Capacitor","DataDisk","Turbo"],"gold_per_floor":[116,116,116,139,139,139,175,9,78,78,107,140,161,196,196,290,290,290,290,290,185,10,10,0,0,0,0,0,0,0,0,0,0,0,0,0,0,0,0,0,0,0,0,0,0,0,0,0,0,0],"floor_reached":51,"campfire_rested":4,"playtime":4111,"item_purchase_floors":[8,8,21,21,22,22],"current_hp_per_floor":[63,63,63,62,67,67,23,23,23,43,43,40,40,31,31,27,59,59,59,59,59,59,47,37,57,57,57,57,57,57,69,69,69,69,69,69,59,54,54,54,54,54,54,69,69,56,56,54,69,55],"items_purged":["Strike_B"],"gold":0,"score":1523,"play_id":"99b2b9f4-cad1-4096-8468-0e1c5b9e6663","local_time":"20180610145127","is_prod":false,"is_daily":false,"chose_seed":false,"is_ascension_mode":true,"campfire_upgraded":7,"win_rate":0,"timestamp":1528667487,"campfire_choices":[{"data":"Doom and Gloom","floor":6,"key":"SMITH"},{"floor":10,"key":"REST"},{"data":"Go for the Eyes","floor":15,"key":"SMITH"},{"floor":25,"key":"REST"},{"data":"Capacitor","floor":28,"key":"SMITH"},{"data":"Capacitor","floor":30,"key":"SMITH"},{"data":"Coolheaded","floor":32,"key":"SMITH"},{"data":"Sunder","floor":40,"key":"SMITH"},{"data":"Hologram","floor":42,"key":"SMITH"},{"floor":44,"key":"REST"},{"floor":49,"key":"REST"}],"path_taken":["M","?","?","M","?","R","E","$","T","R","?","E","M","E","R","BOSS","M","?","?","?","$","E","M","R","T","E","R","?","R","?","R","BOSS","M","M","?","?","?","R","E","R","T","R","M","E","?","E","R","BOSS"],"build_version":"2018-06-08","seed_source_timestamp":354962500994033,"purchased_purges":1,"victory":true,"master_deck":["Strike_B+1","Strike_B+1","Strike_B+1","Defend_B+1","Defend_B+1","Defend_B+1","Defend_B+1","Dualcast","AscendersBane","Coolheaded+1","Doom and Gloom+1","Compile Driver","Go for the Eyes+1","Leap","Compile Driver","Capacitor+1","Genetic Algorithm","Reboot+1","Seek+1","Coolheaded","Sunder+1","Capacitor+1","Turbo","Glacier","Steam","Core Surge","Electrodynamics","Reprogram+1","Compile Driver","Blind","Dark Shackles","Conserve Battery","Hologram+1","Ball Lightning+1","Undo+1"],"max_hp_per_floor":[71,71,64,64,69,69,69,69,69,69,69,69,69,69,69,69,69,69,69,69,69,69,69,69,69,69,69,69,69,69,69,69,69,69,69,69,69,69,69,69,69,69,69,69,69,69,69,69,69,69],"relics":["Cracked Core","Juzu Bracelet","Golden Idol","Bronze Scales","Bottled Lightning","Odd Mushroom","Bottled Flame","Calipers","Ectoplasm","DataDisk","Boot","Question Card","Ancient Tea Set","Nuclear Battery","Gambling Chip","Red Mask","War Paint","Centennial Puzzle","Regal Pillow","Emotion Chip"],"card_choices":[{"not_picked":["Stack","Sweeping Beam"],"picked":"Coolheaded","floor":1},{"not_picked":["Fusion","Skim"],"picked":"Doom and Gloom","floor":4},{"not_picked":["Self Repair","Tempest"],"picked":"Compile Driver","floor":7},{"not_picked":["Tempest","Rebound"],"picked":"Compile Driver","floor":11},{"not_picked":["Go for the Eyes","Gash"],"picked":"Capacitor","floor":12},{"not_picked":["Sweeping Beam","Capacitor"],"picked":"Genetic Algorithm","floor":13},{"not_picked":["Force Field","Electrodynamics"],"picked":"Reboot","floor":14},{"not_picked":["Rainbow","Machine Learning"],"picked":"Seek","floor":16},{"not_picked":["Hologram","Auto Shields"],"picked":"Coolheaded","floor":18},{"not_picked":["Leap","Barrage"],"picked":"Glacier","floor":23},{"not_picked":["Gash+1","Turbo"],"picked":"Steam","floor":24},{"not_picked":["Go for the Eyes","Redo","Storm"],"picked":"Core Surge","floor":27},{"not_picked":["Reboot","Hyperbeam","Amplify"],"picked":"Electrodynamics","floor":33},{"not_picked":["Scrape+1","Sweeping Beam","Force Field"],"picked":"Reprogram+1","floor":35},{"not_picked":["Steam","Gash","Capacitor"],"picked":"Compile Driver","floor":36},{"not_picked":["Flash of Steel","Dark Shackles","Madness"],"picked":"Blind","floor":37},{"not_picked":["Enlightenment","Blind","Secret Weapon"],"picked":"Dark Shackles","floor":37},{"not_picked":["Melter","Sunder","Sweeping Beam"],"picked":"Conserve Battery","floor":38},{"not_picked":["Compile Driver+1","White Noise","Streamline"],"picked":"Hologram","floor":41},{"not_picked":["Rebound","FTL","Coolheaded","Hello World"],"picked":"SKIP","floor":45},{"not_picked":["Darkness","Rebound","Gash"],"picked":"Ball Lightning+1","floor":46},{"not_picked":["Hologram+1","Electrodynamics","Double Energy"],"picked":"Undo+1","floor":48}],"player_experience":1872526,"potions_floor_usage":[11,23,33],"damage_taken":[{"damage":1,"enemies":"Cultist","floor":1,"turns":3},{"damage":1,"enemies":"2 Louse","floor":4,"turns":3},{"damage":44,"enemies":"Gremlin Nob","floor":7,"turns":5},{"damage":0,"floor":11,"turns":2},{"damage":3,"enemies":"Lagavulin","floor":12,"turns":5},{"damage":0,"enemies":"Small Slimes","floor":13,"turns":2},{"damage":9,"enemies":"3 Sentries","floor":14,"turns":4},{"damage":4,"enemies":"The Guardian","floor":16,"turns":9},{"damage":0,"enemies":"Spheric Guardian","floor":18,"turns":3},{"damage":12,"enemies":"Gremlin Leader","floor":23,"turns":6},{"damage":10,"enemies":"2 Thieves","floor":24,"turns":3},{"damage":0,"enemies":"Book of Stabbing","floor":27,"turns":5},{"damage":0,"enemies":"Collector","floor":33,"turns":10},{"damage":0,"enemies":"Flame Bruiser 1 Orb","floor":35,"turns":5},{"damage":0,"enemies":"3 Shapes","floor":36,"turns":3},{"damage":5,"floor":38,"turns":4},{"damage":0,"enemies":"Nemesis","floor":41,"turns":7},{"damage":0,"enemies":"Flame Bruiser 2 Orb","floor":45,"turns":5},{"damage":13,"enemies":"Giant Head","floor":46,"turns":10},{"damage":2,"enemies":"2 Orb Walkers","floor":48,"turns":3},{"damage":14,"enemies":"Time Eater","floor":50,"turns":20}],"relics_obtained":[{"floor":7,"key":"Bronze Scales"},{"floor":9,"key":"Bottled Lightning"},{"floor":11,"key":"Odd Mushroom"},{"floor":12,"key":"Bottled Flame"},{"floor":14,"key":"Calipers"},{"floor":23,"key":"Boot"},{"floor":26,"key":"Question Card"},{"floor":27,"key":"Ancient Tea Set"},{"floor":38,"key":"Gambling Chip"},{"floor":41,"key":"War Paint"},{"floor":43,"key":"Centennial Puzzle"},{"floor":46,"key":"Regal Pillow"},{"floor":48,"key":"Emotion Chip"}],"event_choices":[{"event_name":"Accursed Blacksmith","player_choice":"Forge","floor":2,"damage_taken":0},{"event_name":"Golden Idol","player_choice":"Lose Max HP","floor":3,"damage_taken":0},{"event_name":"Big Fish","player_choice":"Donut","floor":5,"damage_taken":0},{"event_name":"Mushrooms","player_choice":"Fought Mushrooms","floor":11,"damage_taken":0},{"event_name":"Ghosts","player_choice":"Ignored","floor":19,"damage_taken":0},{"event_name":"Back to Basics","player_choice":"Simplicity","floor":20,"damage_taken":0},{"event_name":"Wheel of Change","player_choice":"Gold","floor":29,"damage_taken":0},{"event_name":"The Library","player_choice":"Heal","floor":31,"damage_taken":0},{"event_name":"SensoryStone","player_choice":"Memory 3","floor":37,"damage_taken":0},{"event_name":"Mysterious Sphere","player_choice":"Fight","floor":38,"damage_taken":0},{"event_name":"Tomb of Lord Red Mask","player_choice":"Paid","floor":39,"damage_taken":0},{"event_name":"Falling","player_choice":"Removed Skill","floor":47,"damage_taken":0}],"boss_relics":[{"not_picked":["Velvet Choker","Eternal Feather"],"picked":"Ectoplasm"},{"not_picked":["Inserter","Runic Pyramid"],"picked":"Nuclear Battery"}],"items_purged_floors":[8],"potions_floor_spawned":[4,13,18,23,33,36,38,46],"seed_played":"-7324356057115782440","ascension_level":15,"potions_obtained":[{"floor":4,"key":"Energy Potion"},{"floor":13,"key":"FearPotion"},{"floor":18,"key":"SteroidPotion"},{"floor":23,"key":"Swift Potion"},{"floor":33,"key":"SmokeBomb"}],"is_trial":false}