{"path_per_floor":["M","?","M","M","$","R","E","R","T","E","M","$","R","?","R","B",null,"M","M"],"character_chosen":"THE_SILENT","items_purchased":["Storm of Steel","Accuracy","Fire Potion"],"gold_per_floor":[119,294,309,329,109,109,140,140,140,168,188,40,40,40,40,142,142,152,163],"floor_reached":20,"campfire_rested":2,"playtime":1739,"current_hp_per_floor":[62,62,54,46,46,46,12,33,33,13,13,13,34,34,34,34,61,49,2],"items_purged":["Doubt","Doubt"],"gold":163,"score":313,"play_id":"56a0221d-4a6b-4cce-afa2-49d4e5b3a8e9","is_prod":false,"is_daily":false,"is_ascension_mode":true,"campfire_upgraded":2,"path_taken":["M","?","M","M","?","R","E","R","T","E","?","$","R","?","R","BOSS","M","M","?"],"build_version":"2018-02-08-BETA1","purchased_purges":2,"victory":false,"master_deck":["Defend_G","Defend_G","Defend_G","Defend_G","Defend_G","Strike_G","Strike_G","Strike_G","Strike_G","Strike_G","Survivor","Neutralize","Outmaneuver","Acrobatics+1","PiercingWail","Storm of Steel+1","Accuracy","Acrobatics+1","Adrenaline","Well Laid Plans","After Image","Regret","Regret","Writhe","Outmaneuver+1","Acrobatics+1"],"max_hp_per_floor":[70,70,70,70,70,70,70,70,70,70,70,70,70,70,70,70,70,70,70],"relics":["Ring of the Snake","Ginger","Pen Nib","Oddly Smooth Stone","Mercury Hourglass","Calling Bell","Dream Catcher","Matryoshka","Paper Crane"],"card_choices":[{"not_picked":["Choke","Acrobatics"],"picked":"Outmaneuver"},{"not_picked":["Poisoned Stab","Quick Slash"],"picked":"Acrobatics"},{"not_picked":["Riddle With Holes","Escape Plan"],"picked":"PiercingWail"},{"not_picked":["Prepared","All Out Attack"],"picked":"Acrobatics"},{"not_picked":["Deadly Poison","Eviscerate"],"picked":"Adrenaline"},{"not_picked":["Outmaneuver","Poisoned Stab"],"picked":"Well Laid Plans"},{"not_picked":["Tools of the Trade","Corpse Explosion"],"picked":"After Image"},{"not_picked":["Underhanded Strike","Slice"],"picked":"Outmaneuver"},{"not_picked":["Deflect","Dagger Throw"],"picked":"Acrobatics"}],"player_experience":93741,"potions_floor_usage":[7,18],"damage_taken":[{"damage":1,"enemies":"Small Slimes","floor":1,"turns":4},{"damage":8,"enemies":"2 Louse","floor":3,"turns":5},{"damage":8,"enemies":"Cultist","floor":4,"turns":5},{"damage":34,"enemies":"3 Sentries","floor":7,"turns":7},{"damage":20,"enemies":"Lagavulin","floor":10,"turns":7},{"damage":0,"enemies":"Gremlin Gang","floor":11,"turns":3},{"damage":0,"enemies":"Slime Boss","floor":16,"turns":6},{"damage":12,"enemies":"Shell Parasite","floor":18,"turns":4},{"damage":47,"enemies":"Chosen","floor":19,"turns":5},{"damage":3,"enemies":"Snake Plant","floor":20,"turns":2}],"event_choices":[{"event_name":"Liars Game","player_choice":"agreed","floor":2,"damage_taken":0},{"event_name":"Accursed Blacksmith","player_choice":"Forge","floor":14,"damage_taken":0}],"boss_relics":[{"not_picked":["Ectoplasm","Black Star"],"picked":"Calling Bell"}],"potions_floor_spawned":[1,10,19],"seed_played":"418537045820080781","killed_by":"Snake Plant","ascension_level":7,"is_trial":false}