{"gold_per_floor":[109,128,128,147,163,163,182,182,182,195,206,218,228,75,75,172,172,190,177,193,211,231,231,249,249,249,53,67,0,0,13,13,118,118,136,149,160,160,21,21,21,21,21,21,32,32,42,55,55,55],"floor_reached":51,"playtime":5065,"items_purged":["Strike_B","Strike_B"],"score":626,"play_id":"e67970f2-2f7a-4795-ade3-a53b6174c25d","local_time":"20190217151530","is_ascension_mode":false,"campfire_choices":[{"data":"Glacier","floor":6,"key":"SMITH"},{"data":"Glacier","floor":8,"key":"SMITH"},{"data":"Genetic Algorithm","floor":15,"key":"SMITH"},{"floor":23,"key":"REST"},{"data":"Creative AI","floor":25,"key":"SMITH"},{"data":"Apotheosis","floor":30,"key":"SMITH"},{"floor":32,"key":"REST"},{"floor":40,"key":"REST"},{"floor":42,"key":"REST"},{"data":"Storm","floor":46,"key":"SMITH"},{"floor":49,"key":"REST"}],"neow_cost":"NONE","seed_source_timestamp":204366369105661,"circlet_count":0,"master_deck":["Defend_B","Defend_B","Defend_B","Defend_B","Zap+1","Dualcast","Glacier+1","Ball Lightning","Ball Lightning","Glacier+1","Conserve Battery","Coolheaded","Genetic Algorithm+1","Skim","White Noise","Creative AI+1","Conserve Battery+1","Ball Lightning+1","Apotheosis+1","Machine Learning","Coolheaded","Core Surge","Flash of Steel","Storm+1","Defragment+1","Parasite","White Noise+1"],"relics":["Cracked Core","Pear","Darkstone Periapt","Empty Cage","Vajra","Cursed Key","Nunchaku"],"potions_floor_usage":[10,16,20,21,24,24,28,33,33,47,50,50],"damage_taken":[{"damage":0,"enemies":"Jaw Worm","floor":1,"turns":3},{"damage":0,"enemies":"Cultist","floor":2,"turns":3},{"damage":7,"enemies":"2 Louse","floor":4,"turns":3},{"damage":2,"enemies":"Exordium Thugs","floor":5,"turns":4},{"damage":0,"enemies":"Blue Slaver","floor":7,"turns":2},{"damage":0,"enemies":"Lots of Slimes","floor":10,"turns":4},{"damage":8,"enemies":"Large Slime","floor":11,"turns":4},{"damage":0,"enemies":"3 Louse","floor":12,"turns":4},{"damage":0,"enemies":"2 Fungi Beasts","floor":13,"turns":3},{"damage":9,"enemies":"Slime Boss","floor":16,"turns":15},{"damage":11,"enemies":"Chosen","floor":18,"turns":7},{"damage":8,"enemies":"2 Thieves","floor":19,"turns":4},{"damage":40,"enemies":"Cultist and Chosen","floor":20,"turns":8},{"damage":0,"enemies":"Snecko","floor":21,"turns":11},{"damage":6,"enemies":"Chosen and Byrds","floor":22,"turns":9},{"damage":9,"enemies":"Snake Plant","floor":24,"turns":6},{"damage":11,"enemies":"Centurion and Healer","floor":28,"turns":12},{"damage":2,"enemies":"Shelled Parasite and Fungi","floor":31,"turns":12},{"damage":42,"enemies":"Collector","floor":33,"turns":8},{"damage":13,"enemies":"3 Darklings","floor":35,"turns":8},{"damage":19,"enemies":"Orb Walker","floor":36,"turns":8},{"damage":5,"enemies":"Writhing Mass","floor":37,"turns":7},{"damage":0,"enemies":"Maw","floor":45,"turns":8},{"damage":26,"enemies":"3 Darklings","floor":47,"turns":8},{"damage":14,"enemies":"Writhing Mass","floor":48,"turns":5},{"damage":26,"enemies":"Time Eater","floor":50,"turns":10}],"seed_played":"962675881257676984","potions_obtained":[{"floor":1,"key":"Regen Potion"},{"floor":5,"key":"LiquidBronze"},{"floor":12,"key":"GamblersBrew"},{"floor":16,"key":"Explosive Potion"},{"floor":20,"key":"EntropicBrew"},{"floor":24,"key":"AttackPotion"},{"floor":31,"key":"FocusPotion"},{"floor":33,"key":"Explosive Potion"},{"floor":37,"key":"FocusPotion"},{"floor":47,"key":"SpeedPotion"}],"is_trial":false,"path_per_floor":["M","M","?","M","M","R","M","R","T","M","M","M","M","$","R","B",null,"M","M","M","M","M","R","M","R","T","$","M","?","R","M","R","B",null,"M","M","M","?","$","R","$","R","T","?","M","R","M","M","R","B",null],"character_chosen":"DEFECT","items_purchased":["White Noise","Apotheosis","Storm"],"campfire_rested":5,"item_purchase_floors":[14,27,39],"current_hp_per_floor":[75,75,85,78,76,76,76,76,76,76,68,68,68,68,68,59,85,74,66,26,26,20,45,36,36,36,36,25,25,25,23,48,6,85,72,53,54,54,54,81,81,91,97,91,91,91,65,57,86,60],"gold":55,"neow_bonus":"UPGRADE_CARD","is_prod":false,"is_daily":false,"chose_seed":false,"campfire_upgraded":6,"win_rate":0.0,"timestamp":1550412930,"path_taken":["M","M","?","M","M","R","M","R","T","M","M","?","M","$","R","BOSS","M","M","M","M","M","R","M","R","T","$","M","?","R","M","R","BOSS","M","M","M","?","?","R","$","R","T","?","?","R","M","M","R","BOSS"],"build_version":"2019-01-23","purchased_purges":2,"victory":true,"max_hp_per_floor":[75,75,85,85,85,85,85,85,85,85,85,85,85,85,85,85,85,85,85,85,85,85,85,85,85,85,85,85,85,85,85,85,85,85,85,85,91,91,91,91,91,91,97,91,91,91,91,97,97,97],"card_choices":[{"not_picked":["Chaos","Lockon"],"picked":"Glacier","floor":1},{"not_picked":["Undo","Turbo"],"picked":"Ball Lightning","floor":2},{"not_picked":["Turbo","Leap"],"picked":"Ball Lightning","floor":4},{"not_picked":["Gash","Ball Lightning","Compile Driver"],"picked":"SKIP","floor":5},{"not_picked":["Streamline","Reprogram"],"picked":"Glacier","floor":7},{"not_picked":["Streamline","Steam Power"],"picked":"Conserve Battery","floor":10},{"not_picked":["Rebound","Consume"],"picked":"Coolheaded","floor":11},{"not_picked":["Fusion","Lockon"],"picked":"Genetic Algorithm","floor":12},{"not_picked":["Barrage","Ball Lightning"],"picked":"Skim","floor":13},{"not_picked":["Amplify","Machine Learning"],"picked":"Creative AI","floor":16},{"not_picked":["Streamline","Reinforced Body","Darkness+1"],"picked":"SKIP","floor":18},{"not_picked":["Stack+1","Redo"],"picked":"Conserve Battery+1","floor":19},{"not_picked":["FTL","Beam Cell","Rebound"],"picked":"SKIP","floor":20},{"not_picked":["FTL+1","Rebound+1","Ball Lightning"],"picked":"SKIP","floor":21},{"not_picked":["Gash","Ball Lightning","Rebound"],"picked":"SKIP","floor":22},{"not_picked":["Coolheaded","Auto Shields"],"picked":"Ball Lightning+1","floor":24},{"not_picked":["Auto Shields+1","Core Surge","White Noise"],"picked":"SKIP","floor":28},{"not_picked":["Lockon","Go for the Eyes+1","Barrage"],"picked":"SKIP","floor":31},{"not_picked":["Thunder Strike","Core Surge"],"picked":"Machine Learning","floor":33},{"not_picked":["Beam Cell+1","Ball Lightning+1","Loop"],"picked":"SKIP","floor":35},{"not_picked":["Reinforced Body+1","Gash","Force Field"],"picked":"SKIP","floor":36},{"not_picked":["Streamline","Reinforced Body+1","Chill"],"picked":"SKIP","floor":37},{"not_picked":["Compile Driver+1","Skim"],"picked":"Defragment+1","floor":45},{"not_picked":["Ball Lightning+1","Rebound","Turbo"],"picked":"SKIP","floor":47},{"not_picked":["Streamline","Recycle+1"],"picked":"White Noise+1","floor":48}],"player_experience":44218,"relics_obtained":[{"floor":9,"key":"Darkstone Periapt"},{"floor":26,"key":"Vajra"},{"floor":43,"key":"Nunchaku"}],"event_choices":[{"damage_healed":0,"gold_gain":0,"player_choice":"Gave Potion","damage_taken":0,"relics_obtained":["Pear"],"max_hp_gain":0,"max_hp_loss":0,"event_name":"WeMeetAgain","floor":3,"gold_loss":0},{"damage_healed":0,"gold_gain":0,"player_choice":"Paid Fearfully","damage_taken":0,"max_hp_gain":0,"max_hp_loss":0,"event_name":"Masked Bandits","floor":29,"gold_loss":67},{"damage_healed":0,"gold_gain":0,"player_choice":"3 cards matched","damage_taken":0,"max_hp_gain":0,"max_hp_loss":0,"event_name":"Match and Keep!","floor":38,"gold_loss":0,"cards_obtained":["Coolheaded","Core Surge","Flash of Steel"]},{"cards_removed":["Parasite","Parasite"],"damage_healed":0,"gold_gain":0,"player_choice":"Removed Curses","damage_taken":0,"max_hp_gain":0,"max_hp_loss":0,"event_name":"Fountain of Cleansing","floor":44,"gold_loss":0}],"is_beta":false,"boss_relics":[{"not_picked":["White Beast Statue","Black Star"],"picked":"Empty Cage"},{"not_picked":["Astrolabe","Nuclear Battery"],"picked":"Cursed Key"}],"items_purged_floors":[14,39],"is_endless":false,"potions_floor_spawned":[1,5,12,16,20,24,31,33,37,47],"ascension_level":0}