{"gold_per_floor":[115,134,153,1,14,14,46,46,46,66,396,410,439,459,459,530,530,544,561,577,593,673,673,707,707,775,775,802,816,816,816,816,890,890,908,908,924,547,647,682,330,359,385,419,419,431,445,462,462,462,462,462,0,30,30],"floor_reached":56,"playtime":4966,"items_purged":["Shame","Regret"],"score":2522,"play_id":"593237ba-2a60-4f73-b0f9-c58efb75739f","local_time":"20190216120011","is_ascension_mode":true,"campfire_choices":[{"data":"Immolate","floor":6.0,"key":"SMITH"},{"data":"Barricade","floor":15.0,"key":"SMITH"},{"data":"Entrench","floor":23.0,"key":"SMITH"},{"data":"Offering","floor":25.0,"key":"SMITH"},{"data":"Shockwave","floor":27.0,"key":"SMITH"},{"data":"Body Slam","floor":32.0,"key":"SMITH"},{"floor":49,"key":"RECALL"},{"data":"Armaments","floor":52,"key":"SMITH"}],"neow_cost":"NONE","seed_source_timestamp":0,"circlet_count":0,"master_deck":["AscendersBane","Strike_R+1","Strike_R+1","Strike_R+1","Strike_R+1","Defend_R+1","Defend_R+1","Defend_R+1","Defend_R+1","Bash","Armaments+1","Anger","Iron Wave","Immolate+1","Spot Weakness","Offering+1","Headbutt","Intimidate","Shrug It Off","Barricade+1","Shockwave+1","Feed","Entrench+1","Ghostly Armor","Body Slam+1","RitualDagger","Offering","True Grit+1","Inflame+1","Shrug It Off","Corruption+1","Sentinel","Clumsy","Havoc+1","Entrench+1","Seeing Red","Inflame+1","Dark Shackles","Spot Weakness"],"special_seed":0,"relics":["Black Blood","Meat on the Bone","Mango","Old Coin","Magic Flower","Cursed Key","Singing Bowl","Bottled Lightning","Frozen Egg 2","Art of War","Vajra","Dead Branch","Bottled Tornado","PreservedInsect","Mummified Hand","Bag of Preparation","War Paint","Anchor"],"potions_floor_usage":[55,55],"damage_taken":[{"damage":2.0,"enemies":"Cultist","floor":1.0,"turns":4.0},{"damage":4.0,"enemies":"Small Slimes","floor":2.0,"turns":4.0},{"damage":0.0,"enemies":"2 Louse","floor":3.0,"turns":4.0},{"damage":7.0,"enemies":"2 Fungi Beasts","floor":5.0,"turns":2.0},{"damage":19.0,"enemies":"3 Sentries","floor":7.0,"turns":5.0},{"damage":8.0,"enemies":"Looter","floor":10.0,"turns":3.0},{"damage":17.0,"enemies":"Gremlin Nob","floor":11.0,"turns":3.0},{"damage":4.0,"enemies":"Exordium Wildlife","floor":12.0,"turns":3.0},{"damage":12.0,"enemies":"3 Sentries","floor":13.0,"turns":4.0},{"damage":21.0,"enemies":"Blue Slaver","floor":14.0,"turns":3.0},{"damage":68.0,"enemies":"The Guardian","floor":16.0,"turns":11.0},{"damage":9.0,"enemies":"2 Thieves","floor":18.0,"turns":3.0},{"damage":8.0,"enemies":"Chosen","floor":19.0,"turns":4.0},{"damage":43.0,"enemies":"Shelled Parasite and Fungi","floor":20.0,"turns":4.0},{"damage":22.0,"enemies":"Snecko","floor":21.0,"turns":6.0},{"damage":7.0,"enemies":"Gremlin Leader","floor":24.0,"turns":5.0},{"damage":17.0,"enemies":"Slavers","floor":28.0,"turns":4.0},{"damage":38.0,"enemies":"Snake Plant","floor":29.0,"turns":4.0},{"damage":12.0,"enemies":"Collector","floor":33.0,"turns":9.0},{"damage":15.0,"enemies":"3 Darklings","floor":35.0,"turns":4.0},{"damage":20.0,"enemies":"Orb Walker","floor":37.0,"turns":3.0},{"damage":21.0,"enemies":"Mind Bloom Boss Battle","floor":39.0,"turns":6.0},{"damage":18.0,"enemies":"Giant Head","floor":40.0,"turns":3.0},{"damage":12,"enemies":"Nemesis","floor":42,"turns":3},{"damage":6,"enemies":"Giant Head","floor":44,"turns":1},{"damage":6,"enemies":"Transient","floor":46,"turns":4},{"damage":10,"enemies":"Maw","floor":47,"turns":4},{"damage":12,"enemies":"Spire Growth","floor":48,"turns":2},{"damage":38,"enemies":"Donu and Deca","floor":50,"turns":6},{"damage":12,"enemies":"Shield and Spear","floor":54,"turns":1},{"damage":86,"enemies":"The Heart","floor":55,"turns":10}],"seed_played":"7512185822294712572","potions_obtained":[{"floor":1.0,"key":"PowerPotion"},{"floor":7.0,"key":"EntropicBrew"},{"floor":13.0,"key":"Poison Potion"},{"floor":18.0,"key":"Weak Potion"},{"floor":20.0,"key":"AttackPotion"},{"floor":24.0,"key":"Swift Potion"},{"floor":33.0,"key":"SpeedPotion"},{"floor":37.0,"key":"Energy Potion"},{"floor":46,"key":"PowerPotion"},{"floor":54,"key":"Dexterity Potion"}],"is_trial":false,"path_per_floor":["M","M","M","$","M","R","E","?","T","M","E","M","E","M","R","B",null,"M","M","M","M","T","R","E","R","T","R","E","M","?","?","R","B",null,"M","?","M","$","?","E","$","E","T","E","?","M","M","M","R","B",null,"R","$","E","B",null],"character_chosen":"IRONCLAD","items_purchased":["Immolate","Inflame+1","Vajra","Shrug It Off","PreservedInsect","Sentinel","Entrench","Seeing Red","Inflame+1","Dark Shackles","War Paint"],"campfire_rested":0,"item_purchase_floors":[4,38,38,38,41,41,53,53,53,53,53],"current_hp_per_floor":[79,81,82,82,81,81,68,68,82,80,69,71,65,71,71,30,80,80,81,65,70,70,70,72,72,72,72,72,61,55,55,55,70,94,96,96,91,91,90,89,89,94,94,105,105,110,112,112,112,94,110,110,110,113,60],"gold":30,"neow_bonus":"TEN_PERCENT_HP_BONUS","is_prod":false,"is_daily":false,"chose_seed":false,"campfire_upgraded":7,"win_rate":0,"timestamp":1550347211,"path_taken":["M","M","M","?","?","R","E","?","T","M","E","M","E","M","R","BOSS","M","M","M","?","?","R","E","R","T","R","E","M","?","?","R","BOSS","M","?","M","$","?","E","$","E","T","E","?","M","?","M","R","BOSS","R","$","E","BOSS"],"build_version":"2019-02-06","purchased_purges":2,"victory":true,"max_hp_per_floor":[82,82,82,82,82,82,82,82,96,96,96,96,96,96,96,96,96,96,96,96,96,96,96,96,96,96,96,102,102,102,102,102,102,102,104,99,99,99,102,104,104,106,106,108,108,110,112,112,112,115,115,115,115,115,115],"card_choices":[{"not_picked":["Rupture","Warcry"],"picked":"Armaments","floor":1.0},{"not_picked":["Shockwave","Warcry"],"picked":"Anger","floor":2.0},{"not_picked":["Headbutt","Cleave"],"picked":"Iron Wave","floor":3.0},{"not_picked":["Sword Boomerang","Thunderclap"],"picked":"Spot Weakness","floor":5.0},{"not_picked":["Power Through","Perfected Strike"],"picked":"Offering","floor":7.0},{"not_picked":["Clothesline","Flex"],"picked":"Headbutt","floor":10.0},{"not_picked":["Clothesline","Infernal Blade"],"picked":"Intimidate","floor":11.0},{"not_picked":["Anger","Searing Blow"],"picked":"Shrug It Off","floor":12.0},{"not_picked":["Anger","Flex"],"picked":"Barricade","floor":13.0},{"not_picked":["Clothesline","Burning Pact"],"picked":"Shockwave","floor":14.0},{"not_picked":["Immolate","Brutality"],"picked":"Feed","floor":16.0},{"not_picked":["Headbutt","Pommel Strike","Havoc"],"picked":"SKIP","floor":18.0},{"not_picked":["Twin Strike","Wild Strike","Sword Boomerang+1"],"picked":"SKIP","floor":19.0},{"not_picked":["Perfected Strike","Burning Pact","Armaments"],"picked":"SKIP","floor":20.0},{"not_picked":["Evolve","Dual Wield"],"picked":"Entrench","floor":21.0},{"not_picked":["Whirlwind","Feel No Pain"],"picked":"Ghostly Armor","floor":24.0},{"not_picked":["Anger","Fire Breathing+1","Warcry+1"],"picked":"Singing Bowl","floor":28.0},{"not_picked":["Power Through","Exhume"],"picked":"Body Slam","floor":29.0},{"not_picked":["Barricade+1","Double Tap"],"picked":"Offering","floor":33.0},{"not_picked":["Whirlwind","Headbutt","Cleave"],"picked":"Singing Bowl","floor":35.0},{"not_picked":["Sever Soul+1","Twin Strike"],"picked":"True Grit","floor":37.0},{"not_picked":["Hemokinesis","Havoc"],"picked":"Corruption+1","floor":39.0},{"not_picked":["Shrug It Off","Havoc","Clash"],"picked":"Singing Bowl","floor":40.0},{"not_picked":["Bludgeon","Fire Breathing+1","Cleave"],"picked":"Singing Bowl","floor":42},{"not_picked":["True Grit","Pommel Strike","Thunderclap"],"picked":"Singing Bowl","floor":44},{"not_picked":["Clash","Pommel Strike","Barricade+1"],"picked":"Singing Bowl","floor":46},{"not_picked":["Wild Strike","Blood for Blood","Combust+1"],"picked":"Singing Bowl","floor":47},{"not_picked":["Clash","Twin Strike"],"picked":"Havoc+1","floor":48},{"not_picked":["Bloodletting","Dropkick"],"picked":"Spot Weakness","floor":54}],"player_experience":801029,"relics_obtained":[{"floor":7.0,"key":"Meat on the Bone"},{"floor":9.0,"key":"Mango"},{"floor":11.0,"key":"Old Coin"},{"floor":13.0,"key":"Magic Flower"},{"floor":22.0,"key":"Singing Bowl"},{"floor":24.0,"key":"Bottled Lightning"},{"floor":26.0,"key":"Frozen Egg 2"},{"floor":28.0,"key":"Art of War"},{"floor":39.0,"key":"Dead Branch"},{"floor":40.0,"key":"Bottled Tornado"},{"floor":42,"key":"Mummified Hand"},{"floor":44,"key":"Bag of Preparation"},{"floor":54,"key":"Anchor"}],"event_choices":[{"cards_removed":["Strike_R"],"damage_healed":0.0,"max_hp_gain":0.0,"max_hp_loss":0.0,"gold_gain":0.0,"event_name":"Bonfire Elementals","player_choice":"Offered Basic","floor":8.0,"gold_loss":0.0,"damage_taken":0.0},{"damage_healed":0.0,"max_hp_gain":0.0,"max_hp_loss":0.0,"gold_gain":0.0,"event_name":"Nest","player_choice":"Joined the Cult","floor":30.0,"gold_loss":0.0,"damage_taken":6.0,"cards_obtained":["RitualDagger"]},{"damage_healed":0.0,"max_hp_gain":0.0,"max_hp_loss":0.0,"gold_gain":0.0,"event_name":"Back to Basics","player_choice":"Simplicity","floor":31.0,"gold_loss":0.0,"damage_taken":0.0,"cards_upgraded":["Strike_R","Strike_R","Strike_R","Strike_R","Defend_R","Defend_R","Defend_R","Defend_R"]},{"damage_healed":0.0,"max_hp_gain":0.0,"max_hp_loss":5.0,"gold_gain":0.0,"event_name":"Winding Halls","player_choice":"Max HP","floor":36.0,"gold_loss":0.0,"damage_taken":0.0},{"damage_healed":0.0,"max_hp_gain":0.0,"max_hp_loss":0.0,"gold_gain":0.0,"event_name":"MindBloom","player_choice":"Fight","floor":39.0,"gold_loss":0.0,"damage_taken":0.0},{"damage_healed":0,"gold_gain":0,"player_choice":"Ignored","damage_taken":0,"max_hp_gain":0,"max_hp_loss":0,"event_name":"Mysterious Sphere","floor":45,"gold_loss":0}],"is_beta":true,"boss_relics":[{"not_picked":["Eternal Feather","Astrolabe"],"picked":"Cursed Key"},{"not_picked":["Black Star","Pandora\u0027s Box"],"picked":"Black Blood"}],"items_purged_floors":[38,41],"is_endless":false,"potions_floor_spawned":[1,7,10,11,13,18,20,24,33,37,40,44,46,47,54],"ascension_level":17}