{"gold_per_floor":[118,132,6,6,6,32,132,151,151,170,181,214,227,227,227,332,382,395,295,295,315,326,326,326,358,358,358,375,389,389,399,399,498,498,518,538,448,465,478,478,495,326,326,378,378,394,117,128,128,128],"floor_reached":51,"playtime":3288,"items_purged":["Strike_G","Strike_G"],"score":873,"play_id":"71ef6a1d-be26-40db-bb3d-c04186cd3714","local_time":"20190222004455","is_ascension_mode":true,"campfire_choices":[{"floor":15,"key":"REST"},{"data":"1","floor":23,"key":"LIFT"},{"floor":30,"key":"REST"},{"floor":32,"key":"REST"},{"floor":40,"key":"REST"},{"floor":45,"key":"REST"},{"data":"2","floor":49,"key":"LIFT"}],"neow_cost":"NONE","seed_source_timestamp":3298527214839504,"circlet_count":0,"master_deck":["Defend_G","Defend_G+1","Defend_G+1","Defend_G+1","Defend_G","Strike_G+1","Strike_G","Survivor","Neutralize","Quick Slash","Backstab","Slice+1","Flying Knee","Dagger Spray","Footwork+1","Skewer","Glass Knife","Dodge and Roll","Backflip","Sucker Punch","Slice+1","Crippling Poison+1","Dagger Throw","Noxious Fumes","Quick Slash","Slice+1","Dagger Throw+1","Dodge and Roll","PiercingWail","Noxious Fumes"],"relics":["Ring of the Serpent","Girya","Gremlin Horn","Nunchaku","StoneCalendar","Tiny House","MutagenicStrength","Tough Bandages","Bird Faced Urn","Ancient Tea Set","Mercury Hourglass","FossilizedHelix","War Paint"],"potions_floor_usage":[6,6,12,16,22,25,27,28,28,28,33,38,39,44,50],"damage_taken":[{"damage":0,"enemies":"2 Louse","floor":1,"turns":2},{"damage":0,"enemies":"Cultist","floor":2,"turns":5},{"damage":13,"enemies":"3 Sentries","floor":6,"turns":10},{"damage":0,"enemies":"Small Slimes","floor":8,"turns":2},{"damage":6,"enemies":"Exordium Thugs","floor":10,"turns":4},{"damage":0,"enemies":"Lots of Slimes","floor":11,"turns":1},{"damage":4,"enemies":"Gremlin Nob","floor":12,"turns":4},{"damage":0,"enemies":"Exordium Wildlife","floor":13,"turns":3},{"damage":31,"enemies":"Hexaghost","floor":16,"turns":13},{"damage":3,"enemies":"3 Byrds","floor":18,"turns":4},{"damage":0,"enemies":"Spheric Guardian","floor":21,"turns":3},{"damage":18,"enemies":"Snecko","floor":22,"turns":7},{"damage":22,"enemies":"Slavers","floor":25,"turns":7},{"damage":7,"enemies":"Snake Plant","floor":28,"turns":5},{"damage":15,"enemies":"Chosen and Byrds","floor":29,"turns":6},{"damage":12,"enemies":"Centurion and Healer","floor":31,"turns":6},{"damage":73,"enemies":"Automaton","floor":33,"turns":12},{"damage":0,"enemies":"3 Shapes","floor":35,"turns":3},{"damage":10,"enemies":"3 Darklings","floor":36,"turns":5},{"damage":5,"enemies":"Spire Growth","floor":38,"turns":4},{"damage":0,"enemies":"Jaw Worm Horde","floor":39,"turns":2},{"damage":1,"enemies":"Maw","floor":41,"turns":8},{"damage":26,"enemies":"2 Orb Walkers","floor":44,"turns":6},{"damage":0,"enemies":"3 Darklings","floor":46,"turns":4},{"damage":0,"enemies":"Jaw Worm Horde","floor":48,"turns":3},{"damage":84,"enemies":"Donu and Deca","floor":50,"turns":9}],"seed_played":"4986684973752752537","potions_obtained":[{"floor":2,"key":"PowerPotion"},{"floor":6,"key":"Fruit Juice"},{"floor":10,"key":"Dexterity Potion"},{"floor":11,"key":"EssenceOfSteel"},{"floor":16,"key":"SkillPotion"},{"floor":17,"key":"GhostInAJar"},{"floor":25,"key":"SkillPotion"},{"floor":27,"key":"Fruit Juice"},{"floor":27,"key":"Regen Potion"},{"floor":27,"key":"SkillPotion"},{"floor":31,"key":"Weak Potion"},{"floor":33,"key":"Energy Potion"},{"floor":36,"key":"FairyPotion"},{"floor":38,"key":"AttackPotion"},{"floor":41,"key":"Dexterity Potion"},{"floor":46,"key":"GamblersBrew"}],"is_trial":false,"path_per_floor":["M","M","$","?","?","E","?","M","T","M","M","E","M","?","R","B",null,"M","$","?","M","M","R","?","E","T","?","M","M","R","M","R","B",null,"M","M","?","M","M","R","M","$","T","?","R","M","$","M","R","B",null],"character_chosen":"THE_SILENT","items_purchased":["Slice","Dodge and Roll","Ancient Tea Set","War Paint","Noxious Fumes","Fire Potion"],"campfire_rested":5,"item_purchase_floors":[3,42,42,47,47,47],"current_hp_per_floor":[70,70,70,70,58,50,50,50,50,44,44,40,40,24,48,17,71,68,68,68,68,50,50,50,28,28,33,40,27,54,44,71,2,70,72,66,66,65,65,92,91,91,91,66,92,92,92,92,92,10],"gold":128,"neow_bonus":"TEN_PERCENT_HP_BONUS","is_prod":false,"is_daily":false,"chose_seed":false,"campfire_upgraded":0,"win_rate":0,"timestamp":1550814295,"path_taken":["M","M","$","?","?","E","?","M","T","M","M","E","?","?","R","BOSS","M","$","?","M","M","R","?","E","T","?","M","M","R","M","R","BOSS","M","M","?","?","M","R","M","$","T","?","R","M","$","M","R","BOSS"],"build_version":"2019-02-06","purchased_purges":2,"victory":true,"max_hp_per_floor":[77,77,77,77,77,82,82,82,82,82,82,82,82,82,82,82,87,87,87,87,87,87,87,87,87,87,92,92,92,92,92,92,92,92,92,92,92,92,92,92,92,92,92,92,92,92,92,92,92,92],"card_choices":[{"not_picked":["Underhanded Strike","Reflex"],"picked":"Quick Slash","floor":1},{"not_picked":["Finisher","Escape Plan"],"picked":"Backstab","floor":2},{"not_picked":["Terror","Crippling Poison"],"picked":"Flying Knee","floor":6},{"not_picked":["Underhanded Strike","Deflect"],"picked":"Dagger Spray","floor":8},{"not_picked":["All Out Attack","Underhanded Strike","Bane"],"picked":"SKIP","floor":10},{"not_picked":["Bane","Infinite Blades"],"picked":"Footwork","floor":11},{"not_picked":["PiercingWail","Sucker Punch"],"picked":"Skewer","floor":12},{"not_picked":["Endless Agony","Quick Slash","Eviscerate"],"picked":"SKIP","floor":13},{"not_picked":["Die Die Die","Phantasmal Killer"],"picked":"Glass Knife","floor":16},{"not_picked":["Acrobatics","Predator"],"picked":"Dodge and Roll","floor":17},{"not_picked":["Reflex","Acrobatics","Concentrate"],"picked":"SKIP","floor":18},{"not_picked":["Blade Dance","Predator+1"],"picked":"Backflip","floor":21},{"not_picked":["Accuracy","Grand Finale"],"picked":"Sucker Punch","floor":22},{"not_picked":["Flying Knee","Skewer"],"picked":"Slice+1","floor":25},{"not_picked":["Deflect","Bane+1"],"picked":"Crippling Poison+1","floor":28},{"not_picked":["Sucker Punch","Bane+1"],"picked":"Dagger Throw","floor":29},{"not_picked":["Bane+1","Flying Knee"],"picked":"Noxious Fumes","floor":31},{"not_picked":["Choke+1","Deadly Poison+1"],"picked":"Quick Slash","floor":35},{"not_picked":["Distraction+1","Accuracy"],"picked":"Slice+1","floor":36},{"not_picked":["Deadly Poison","Underhanded Strike"],"picked":"Dagger Throw+1","floor":38},{"not_picked":["Blade Dance","Deadly Poison+1","Heel Hook"],"picked":"SKIP","floor":39},{"not_picked":["Dagger Spray","Riddle With Holes+1","Bane+1"],"picked":"SKIP","floor":41},{"not_picked":["A Thousand Cuts","Backflip+1"],"picked":"PiercingWail","floor":46},{"not_picked":["Catalyst","Masterful Stab+1","Choke+1"],"picked":"SKIP","floor":48}],"player_experience":206378,"relics_obtained":[{"floor":6,"key":"Gremlin Horn"},{"floor":9,"key":"Nunchaku"},{"floor":12,"key":"StoneCalendar"},{"floor":25,"key":"Tough Bandages"},{"floor":26,"key":"Bird Faced Urn"},{"floor":43,"key":"Mercury Hourglass"},{"floor":44,"key":"FossilizedHelix"}],"event_choices":[{"damage_healed":0,"gold_gain":0,"player_choice":"Ignored","damage_taken":0,"max_hp_gain":0,"max_hp_loss":0,"event_name":"Liars Game","floor":4,"gold_loss":0},{"damage_healed":0,"gold_gain":0,"player_choice":"Success","damage_taken":12,"relics_obtained":["Girya"],"max_hp_gain":0,"max_hp_loss":0,"event_name":"Scrap Ooze","floor":5,"gold_loss":0},{"damage_healed":0,"gold_gain":100,"player_choice":"Gold","damage_taken":0,"max_hp_gain":0,"max_hp_loss":0,"event_name":"Wheel of Change","floor":7,"gold_loss":0},{"damage_healed":0,"gold_gain":0,"player_choice":"Entered Light","damage_taken":16,"max_hp_gain":0,"max_hp_loss":0,"event_name":"Shining Light","floor":14,"gold_loss":0,"cards_upgraded":["Footwork","Strike_G"]},{"damage_healed":0,"gold_gain":0,"player_choice":"Inject Mutagens","damage_taken":0,"relics_obtained":["MutagenicStrength"],"max_hp_gain":0,"max_hp_loss":0,"event_name":"Drug Dealer","floor":20,"gold_loss":0},{"damage_healed":0,"gold_gain":0,"player_choice":"Ignored","damage_taken":0,"max_hp_gain":0,"max_hp_loss":0,"event_name":"The Mausoleum","floor":24,"gold_loss":0},{"damage_healed":0,"gold_gain":0,"player_choice":"Got Potions","damage_taken":0,"max_hp_gain":0,"max_hp_loss":0,"event_name":"Lab","floor":27,"gold_loss":0},{"cards_removed":["Strike_G"],"damage_healed":0,"gold_gain":0,"player_choice":"Upgrade and Remove","damage_taken":0,"max_hp_gain":0,"max_hp_loss":0,"event_name":"Designer","floor":37,"gold_loss":90,"cards_upgraded":["Slice"]},{"damage_healed":0,"gold_gain":0,"player_choice":"Fight","damage_taken":0,"max_hp_gain":0,"max_hp_loss":0,"event_name":"Mysterious Sphere","floor":44,"gold_loss":0}],"is_beta":true,"boss_relics":[{"not_picked":["Calling Bell","Astrolabe"],"picked":"Tiny House"},{"not_picked":["White Beast Statue","Empty Cage"],"picked":"Ring of the Serpent"}],"items_purged_floors":[3,19],"is_endless":false,"potions_floor_spawned":[2,6,10,11,16,25,31,33,36,38,41,46],"ascension_level":6}