{"path_per_floor":["M","$","?","$","M","E","R","E","T","R","M","R","M","?","R","B",null,"M","$","?","?","M","R","E","R","T","R","E","R","E","M","R","B",null,"M","?","$","M","?","R","M","R","T","M","M","M","R","?","R","B"],"character_chosen":"THE_SILENT","items_purchased":["Lantern","Toxic Egg 2","Ancient Potion","Burst","Poison Potion"],"gold_per_floor":[365,140,140,40,59,94,94,121,199,199,216,216,227,227,227,300,300,319,25,25,25,44,44,72,72,117,117,144,144,170,189,189,263,263,275,275,73,88,88,88,107,107,107,122,134,153,153,153,153,153],"floor_reached":51,"campfire_rested":3,"playtime":5352,"current_hp_per_floor":[50,50,50,50,47,32,32,8,8,26,26,26,26,26,44,25,54,48,48,37,21,18,24,5,11,11,17,25,31,22,19,45,45,62,62,68,68,68,68,68,68,68,68,68,62,54,62,62,68,64],"items_purged":["Decay","Strike_G"],"gold":153,"score":995,"play_id":"20dbe6d2-9861-40b9-b01e-2a1049d37798","is_prod":false,"is_daily":false,"is_ascension_mode":true,"campfire_upgraded":10,"path_taken":["M","$","?","$","?","E","R","E","T","R","M","R","M","?","R","BOSS","M","$","?","?","M","R","E","R","T","R","E","R","E","M","R","BOSS","M","?","$","?","?","R","M","R","T","M","M","M","R","?","R","BOSS"],"build_version":"2018-02-14-BETA1","purchased_purges":2,"victory":true,"master_deck":["Defend_G","Defend_G","Defend_G+1","Defend_G+1","Defend_G+1","Strike_G+1","Strike_G","Survivor+1","Neutralize+1","Noxious Fumes+1","Dash+1","Catalyst+1","Tools of the Trade+1","Backflip+1","Calculated Gamble+1","PiercingWail+1","Malaise+1","Cloak And Dagger+1","Burst+1","Acrobatics+1","Malaise+1","After Image+1"],"max_hp_per_floor":[66,66,63,63,63,63,63,63,63,63,63,63,63,63,63,63,63,63,63,68,68,68,68,68,68,68,68,68,68,68,68,68,68,68,68,68,68,68,68,68,68,68,68,68,68,68,68,68,68,68],"relics":["Ring of the Snake","Lantern","Spirit Poop","Dead Branch","Mercury Hourglass","Blue Candle","Eternal Feather","Toxic Egg 2","Enchiridion","Omamori","Whetstone","Paper Crane","Pen Nib","Cursed Key","Tingsha"],"card_choices":[{"not_picked":["Quick Slash","Eviscerate"],"picked":"Noxious Fumes"},{"not_picked":["A Thousand Cuts","Choke"],"picked":"Dash"},{"not_picked":["Concentrate","Finisher"],"picked":"Catalyst"},{"not_picked":["Deflect","Expertise"],"picked":"Cloak And Dagger"},{"not_picked":["After Image","A Thousand Cuts"],"picked":"Tools of the Trade"},{"not_picked":["Heel Hook","Sucker Punch"],"picked":"Backflip"},{"not_picked":["Bane","Escape Plan"],"picked":"Calculated Gamble"},{"not_picked":["Flying Knee","Sucker Punch"],"picked":"PiercingWail"},{"not_picked":["Finisher","Dodge and Roll"],"picked":"Malaise"},{"not_picked":["Caltrops","Infinite Blades"],"picked":"Cloak And Dagger"},{"not_picked":["Poisoned Stab","Flechettes"],"picked":"Acrobatics"},{"not_picked":["Backflip","PiercingWail"],"picked":"Malaise"},{"not_picked":["Dagger Spray","Concentrate"],"picked":"After Image"}],"player_experience":241208,"potions_floor_usage":[6,18,24,24,24,28,50],"damage_taken":[{"damage":9,"enemies":"2 Louse","floor":1,"turns":6},{"damage":3,"enemies":"Blue Slaver","floor":5,"turns":7},{"damage":15,"enemies":"3 Sentries","floor":6,"turns":9},{"damage":24,"enemies":"Lagavulin","floor":8,"turns":9},{"damage":0,"enemies":"Cultist","floor":11,"turns":3},{"damage":0,"enemies":"Red Slaver","floor":13,"turns":3},{"damage":19,"enemies":"Slime Boss","floor":16,"turns":10},{"damage":6,"enemies":"Spheric Guardian","floor":18,"turns":6},{"damage":3,"enemies":"2 Thieves","floor":22,"turns":5},{"damage":19,"enemies":"Slavers","floor":24,"turns":5},{"damage":4,"enemies":"Gremlin Leader","floor":28,"turns":5},{"damage":9,"enemies":"Book of Stabbing","floor":30,"turns":6},{"damage":3,"enemies":"Centurion and Healer","floor":31,"turns":5},{"damage":0,"enemies":"Champ","floor":33,"turns":17},{"damage":0,"enemies":"3 Shapes","floor":35,"turns":4},{"damage":0,"enemies":"Flame Bruiser 1 Orb","floor":38,"turns":5},{"damage":0,"enemies":"Maw","floor":41,"turns":5},{"damage":0,"enemies":"Spire Growth","floor":44,"turns":2},{"damage":6,"enemies":"4 Shapes","floor":45,"turns":4},{"damage":8,"enemies":"Maw","floor":46,"turns":5},{"damage":4,"enemies":"Time Eater","floor":50,"turns":11}],"event_choices":[{"event_name":"Bonfire Elementals","player_choice":"CURSE","floor":3,"damage_taken":0},{"event_name":"Living Wall","player_choice":"Forget","floor":14,"damage_taken":0},{"event_name":"Forgotten Altar","player_choice":"Shed Blood","floor":20,"damage_taken":0},{"event_name":"Cursed Tome","player_choice":"Obtained Book","floor":21,"damage_taken":0},{"event_name":"Winding Halls","player_choice":"Writhe","floor":36,"damage_taken":0},{"event_name":"Purifier","player_choice":"One Purge","floor":39,"damage_taken":0}],"boss_relics":[{"not_picked":["Tiny House","White Beast Statue"],"picked":"Eternal Feather"},{"not_picked":["Philosopher\u0027s Stone","Orrery"],"picked":"Cursed Key"}],"potions_floor_spawned":[5,13,16,22,24,31,41,44],"seed_played":"-3216980593811895907","ascension_level":14,"is_trial":false}