{"path_per_floor":["M","M","M","?","$","R","E","R","T","M","?","R","M","E","R"],"character_chosen":"DEFECT","items_purchased":["Capacitor","Ball Lightning"],"gold_per_floor":[112,132,150,150,48,48,91,91,172,188,188,188,207,246,246,246],"floor_reached":16,"campfire_rested":1,"playtime":903,"current_hp_per_floor":[52,50,50,50,50,50,38,38,38,23,16,35,35,35,35,0],"items_purged":[],"gold":246,"score":236,"play_id":"581fb8cd-cdfd-4bd0-8a37-d23183716419","local_time":"20180511162020","is_prod":false,"is_daily":false,"chose_seed":false,"is_ascension_mode":true,"campfire_upgraded":3,"timestamp":1526080820,"path_taken":["M","M","M","?","$","R","E","R","T","?","?","R","M","E","R","BOSS"],"build_version":"2018-05-10","seed_source_timestamp":1741805866811640,"purchased_purges":1,"victory":false,"master_deck":["Strike_B","Strike_B","Strike_B","Defend_B","Defend_B","Defend_B","Defend_B","Zap+1","Dualcast","AscendersBane","Capacitor+1","Cold Snap","White Noise","Capacitor","Capacitor+1","Ball Lightning","Cold Snap","Steam Power","Coolheaded","Cold Snap"],"max_hp_per_floor":[71,71,71,64,64,64,64,64,64,64,64,64,64,64,64,64],"relics":["Cracked Core","Golden Idol","Bag of Preparation","Bottled Tornado","Regal Pillow"],"card_choices":[{"not_picked":["Leap","Beam Cell"],"picked":"Capacitor","floor":0},{"not_picked":["Turbo","Stack"],"picked":"Cold Snap","floor":1},{"not_picked":["Beam Cell","Steam"],"picked":"White Noise","floor":2},{"not_picked":["Loop","Sweeping Beam"],"picked":"Capacitor","floor":3},{"not_picked":["All For One","Barrage"],"picked":"Cold Snap","floor":7},{"not_picked":["Double Energy","Barrage"],"picked":"Steam Power","floor":10},{"not_picked":["Turbo","Capacitor"],"picked":"Coolheaded","floor":13},{"not_picked":["Aggregate","Barrage"],"picked":"Cold Snap","floor":14}],"player_experience":1422437,"potions_floor_usage":[16,16],"damage_taken":[{"damage":12,"enemies":"Jaw Worm","floor":1,"turns":3},{"damage":2,"enemies":"Small Slimes","floor":2,"turns":3},{"damage":0,"enemies":"Cultist","floor":3,"turns":3},{"damage":12,"enemies":"3 Sentries","floor":7,"turns":8},{"damage":15,"enemies":"3 Louse","floor":10,"turns":3},{"damage":0,"enemies":"2 Fungi Beasts","floor":13,"turns":3},{"damage":0,"enemies":"Lagavulin","floor":14,"turns":6},{"damage":36,"enemies":"Hexaghost","floor":16,"turns":9}],"event_choices":[{"event_name":"Golden Idol","player_choice":"Lose Max HP","floor":4,"damage_taken":0},{"event_name":"Golden Wing","player_choice":"Card Removal","floor":11,"damage_taken":0}],"boss_relics":[],"potions_floor_spawned":[2,3,10,13],"seed_played":"5520367878753819002","killed_by":"Hexaghost","ascension_level":15,"is_trial":false}