{"path_per_floor":["M","M","M","$","?","R","M","M","T","R","E","R","E","M","R","B",null,"M","?","$","M","?"],"character_chosen":"DEFECT","items_purchased":[],"gold_per_floor":[11,29,49,49,149,149,167,177,177,177,212,212,243,255,255,360,360,373,373,298,308,308,308],"floor_reached":23,"campfire_rested":0,"playtime":1023,"item_purchase_floors":[],"current_hp_per_floor":[69,61,58,58,58,58,58,55,55,55,50,50,46,33,33,12,75,59,75,75,72,56,0],"items_purged":["Strike_B"],"gold":308,"score":201,"play_id":"bc709366-acca-4b73-8410-8556547acbb7","local_time":"20180603204239","is_prod":false,"is_daily":false,"chose_seed":false,"is_ascension_mode":false,"campfire_upgraded":4,"win_rate":0,"timestamp":1528083759,"campfire_choices":[{"data":"Zap","floor":6,"key":"SMITH"},{"data":"Defend_B","floor":10,"key":"SMITH"},{"data":"FTL","floor":12,"key":"SMITH"},{"data":"Strike_B","floor":15,"key":"SMITH"}],"path_taken":["M","M","?","$","?","R","M","M","T","R","E","R","E","M","R","BOSS","M","?","?","M","?","E"],"build_version":"2018-05-30v2","seed_source_timestamp":542016571389240,"purchased_purges":1,"victory":false,"master_deck":["Strike_B","Strike_B+1","Defend_B+1","Defend_B","Defend_B","Zap+1","Dualcast","FTL+1","Echo Form","Gash"],"max_hp_per_floor":[75,75,75,75,75,75,75,75,75,75,75,75,75,75,75,75,75,75,75,75,75,75,75],"relics":["Cracked Core","Oddly Smooth Stone","Ancient Tea Set","Toolbox","Philosopher\u0027s Stone"],"card_choices":[{"not_picked":["Redo","Turbo","Rebound"],"picked":"SKIP","floor":1},{"not_picked":["Tempest","Cold Snap"],"picked":"FTL","floor":2},{"not_picked":["Rip and Tear","Go for the Eyes","Hologram"],"picked":"SKIP","floor":3},{"not_picked":["Coolheaded","Conserve Battery"],"picked":"Echo Form","floor":7},{"not_picked":["Force Field","Barrage","Steam"],"picked":"SKIP","floor":8},{"not_picked":["Hologram","Rebound","Cold Snap"],"picked":"SKIP","floor":11},{"not_picked":["Compile Driver","Conserve Battery","Sweeping Beam"],"picked":"SKIP","floor":13},{"not_picked":["Genetic Algorithm","Conserve Battery","Redo"],"picked":"SKIP","floor":14},{"not_picked":["Genetic Algorithm","Rebound","Heatsinks"],"picked":"SKIP","floor":18},{"not_picked":["Static Discharge","Cold Snap"],"picked":"Gash","floor":21}],"player_experience":1755000,"potions_floor_usage":[11,23,23],"damage_taken":[{"damage":6,"enemies":"Cultist","floor":1,"turns":4},{"damage":8,"enemies":"Jaw Worm","floor":2,"turns":3},{"damage":3,"enemies":"Small Slimes","floor":3,"turns":3},{"damage":0,"enemies":"Looter","floor":7,"turns":3},{"damage":3,"enemies":"Exordium Wildlife","floor":8,"turns":3},{"damage":17,"enemies":"Gremlin Nob","floor":11,"turns":4},{"damage":4,"enemies":"3 Sentries","floor":13,"turns":5},{"damage":13,"enemies":"Red Slaver","floor":14,"turns":3},{"damage":21,"enemies":"Slime Boss","floor":16,"turns":8},{"damage":16,"enemies":"2 Thieves","floor":18,"turns":4},{"damage":3,"enemies":"Shell Parasite","floor":21,"turns":5},{"damage":65,"enemies":"Slavers","floor":23,"turns":4}],"relics_obtained":[{"floor":9,"key":"Oddly Smooth Stone"},{"floor":11,"key":"Ancient Tea Set"},{"floor":13,"key":"Toolbox"}],"event_choices":[{"event_name":"Golden Shrine","player_choice":"Pray","floor":5,"damage_taken":0},{"event_name":"The Library","player_choice":"Heal","floor":19,"damage_taken":0},{"event_name":"Cursed Tome","player_choice":"Obtained Book","floor":22,"damage_taken":0}],"boss_relics":[{"not_picked":["White Beast Statue","Orrery"],"picked":"Philosopher\u0027s Stone"}],"items_purged_floors":[20],"potions_floor_spawned":[2,3,7,21],"seed_played":"-3686721283677578980","killed_by":"Slavers","ascension_level":0,"potions_obtained":[{"floor":2,"key":"LiquidBronze"},{"floor":3,"key":"SteroidPotion"},{"floor":7,"key":"Regen Potion"},{"floor":21,"key":"Strength Potion"}],"is_trial":false}