{"gold_per_floor":[111,127,127,142,161,193,193,212,212,225,255,8,67,96,96,168,168,183,183,197,3,18,18,49,49,49,49,66,66,82,117,117,191,191,204,214,214,232,302,302,214,214,214,214,248,248,46,46,46],"floor_reached":50,"playtime":4163,"items_purged":["Strike_B","Strike_B"],"score":1693,"play_id":"db7ca6fb-0ed5-4066-b17d-6d23fef34bce","local_time":"20180707201354","is_ascension_mode":true,"campfire_choices":[{"data":"Self Repair","floor":7,"key":"SMITH"},{"data":"Go for the Eyes","floor":15,"key":"SMITH"},{"data":"Biased Cognition","floor":23,"key":"SMITH"},{"data":"Capacitor","floor":25,"key":"SMITH"},{"data":"Echo Form","floor":27,"key":"SMITH"},{"floor":32,"key":"REST"},{"data":"Leap","floor":40,"key":"SMITH"},{"floor":44,"key":"REST"},{"data":"Force Field","floor":46,"key":"SMITH"}],"neow_cost":"NONE","seed_source_timestamp":13263596894891,"circlet_count":0,"master_deck":["Strike_B","Strike_B","Defend_B","Defend_B","Defend_B","Defend_B","Zap","Dualcast","AscendersBane","Self Repair+1","BootSequence","Echo Form+1","Leap+1","Cold Snap","Go for the Eyes+1","FTL","Cold Snap","Hologram","Leap","Capacitor+1","Biased Cognition+1","Compile Driver","Ball Lightning+1","Compile Driver","Fusion","Seek","All For One","Writhe","Capacitor+1","Force Field+1","Stack","Creative AI","Coolheaded"],"relics":["Cracked Core","Regal Pillow","Mango","Meat on the Bone","Ice Cream","Dead Branch","Snecko Eye","Potion Belt","Toolbox","Bottled Lightning","Gambling Chip","Philosopher\u0027s Stone","Ornamental Fan","Unceasing Top","Centennial Puzzle","Orichalcum"],"potions_floor_usage":[11,18,24,24,28,42,49,49,49,49],"damage_taken":[{"damage":0,"enemies":"Cultist","floor":1,"turns":3},{"damage":12,"enemies":"Jaw Worm","floor":2,"turns":3},{"damage":5,"enemies":"Small Slimes","floor":4,"turns":4},{"damage":7,"enemies":"Looter","floor":5,"turns":4},{"damage":25,"enemies":"3 Sentries","floor":6,"turns":10},{"damage":6,"enemies":"Blue Slaver","floor":8,"turns":5},{"damage":33,"enemies":"Gremlin Gang","floor":10,"turns":6},{"damage":36,"enemies":"Gremlin Nob","floor":11,"turns":5},{"damage":19,"enemies":"3 Sentries","floor":13,"turns":12},{"damage":21,"enemies":"3 Sentries","floor":14,"turns":9},{"damage":13,"enemies":"The Guardian","floor":16,"turns":15},{"damage":2,"enemies":"3 Byrds","floor":18,"turns":2},{"damage":6,"enemies":"Spheric Guardian","floor":20,"turns":5},{"damage":21,"enemies":"Snake Plant","floor":22,"turns":4},{"damage":30,"enemies":"Gremlin Leader","floor":24,"turns":6},{"damage":14,"enemies":"Centurion and Healer","floor":28,"turns":5},{"damage":40,"enemies":"Sentry and Sphere","floor":30,"turns":7},{"damage":28,"enemies":"Slavers","floor":31,"turns":7},{"damage":38,"enemies":"Automaton","floor":33,"turns":10},{"damage":14,"enemies":"Orb Walker","floor":35,"turns":4},{"damage":0,"enemies":"Flame Bruiser 1 Orb","floor":36,"turns":7},{"damage":42,"enemies":"Sphere and 2 Shapes","floor":38,"turns":4},{"damage":22,"floor":42,"turns":7},{"damage":0,"enemies":"Nemesis","floor":45,"turns":11},{"damage":0,"enemies":"Donu and Deca","floor":49,"turns":7}],"seed_played":"-4493050985363617552","potions_obtained":[{"floor":1,"key":"SteroidPotion"},{"floor":2,"key":"Energy Potion"},{"floor":11,"key":"PowerPotion"},{"floor":20,"key":"Energy Potion"},{"floor":22,"key":"Block Potion"},{"floor":24,"key":"GamblersBrew"},{"floor":30,"key":"Ancient Potion"},{"floor":35,"key":"Poison Potion"},{"floor":38,"key":"GamblersBrew"},{"floor":45,"key":"PowerPotion"}],"is_trial":false,"path_per_floor":["M","M","?","M","M","E","R","M","T","M","E","$","?","E","R","B",null,"M","?","M","$","M","R","E","R","T","R","M","$","M","E","R","B",null,"M","M","?","M","T","R","$","?","T","R","E","R","$","?","B"],"character_chosen":"DEFECT","items_purchased":["LiquidBronze","Cold Snap","Hologram","Potion Belt","Dexterity Potion","Force Field","Stack","FocusPotion","Coolheaded"],"campfire_rested":2,"item_purchase_floors":[12,12,12,21,21,41,41,47,47],"current_hp_per_floor":[71,59,64,66,66,55,55,59,73,50,34,34,47,48,48,67,90,97,68,72,72,73,73,72,72,72,72,72,72,64,48,93,65,93,99,102,102,84,84,84,84,82,82,102,102,102,102,102,102],"gold":46,"neow_bonus":"TEN_PERCENT_HP_BONUS","is_prod":false,"is_daily":false,"chose_seed":false,"campfire_upgraded":7,"win_rate":0,"timestamp":1531019634,"path_taken":["M","M","?","M","M","E","R","M","T","M","E","$","?","E","R","BOSS","M","?","M","$","M","R","E","R","T","R","M","?","M","E","R","BOSS","M","M","?","M","?","R","$","?","T","R","E","R","$","?","BOSS"],"build_version":"2018-07-05","purchased_purges":2,"victory":true,"max_hp_per_floor":[78,78,83,83,83,83,83,83,97,97,97,97,97,97,97,97,97,97,102,102,102,102,102,102,102,102,102,102,102,102,102,102,102,102,102,102,102,102,102,102,102,102,102,102,102,102,102,102,102],"card_choices":[{"not_picked":["Aggregate","Gash","Redo"],"picked":"SKIP","floor":1},{"not_picked":["Sweeping Beam","Consume"],"picked":"Self Repair","floor":2},{"not_picked":["Barrage","Sweeping Beam"],"picked":"BootSequence","floor":4},{"not_picked":["Redo","Doom and Gloom"],"picked":"Echo Form","floor":5},{"not_picked":["Tempest","Stack"],"picked":"Leap","floor":6},{"not_picked":["Leap","Redo"],"picked":"Cold Snap","floor":8},{"not_picked":["Chaos","Ball Lightning"],"picked":"Go for the Eyes","floor":10},{"not_picked":["Rainbow","Sunder"],"picked":"FTL","floor":11},{"not_picked":["Reinforced Body","Gash"],"picked":"Leap","floor":13},{"not_picked":["Redo","Force Field"],"picked":"Capacitor","floor":14},{"not_picked":["Machine Learning","Fission"],"picked":"Biased Cognition","floor":16},{"not_picked":["Turbo","Rebound"],"picked":"Compile Driver","floor":18},{"not_picked":["Hologram","Redo"],"picked":"Ball Lightning+1","floor":20},{"not_picked":["Gash","Coolheaded","Hello World"],"picked":"SKIP","floor":22},{"not_picked":["Skim","Streamline+1"],"picked":"Compile Driver","floor":24},{"not_picked":["Beam Cell","Cold Snap","Rip and Tear"],"picked":"SKIP","floor":28},{"not_picked":["Coolheaded+1","Barrage"],"picked":"Fusion","floor":30},{"not_picked":["Scrape","Leap"],"picked":"Seek","floor":31},{"not_picked":["Hyperbeam","Amplify"],"picked":"All For One","floor":33},{"not_picked":["Turbo","Sweeping Beam","Streamline"],"picked":"SKIP","floor":35},{"not_picked":["Hologram","Sweeping Beam","Rebound"],"picked":"SKIP","floor":36},{"not_picked":["Gash","Fusion+1"],"picked":"Capacitor+1","floor":38},{"not_picked":["Go for the Eyes","Reinforced Body+1"],"picked":"Creative AI","floor":42},{"not_picked":["Compile Driver","Chill","Hello World"],"picked":"SKIP","floor":45}],"player_experience":2070673,"relics_obtained":[{"floor":6,"key":"Regal Pillow"},{"floor":9,"key":"Mango"},{"floor":11,"key":"Meat on the Bone"},{"floor":13,"key":"Ice Cream"},{"floor":14,"key":"Dead Branch"},{"floor":24,"key":"Toolbox"},{"floor":26,"key":"Bottled Lightning"},{"floor":31,"key":"Gambling Chip"},{"floor":39,"key":"Ornamental Fan"},{"floor":42,"key":"Unceasing Top"},{"floor":43,"key":"Centennial Puzzle"},{"floor":45,"key":"Orichalcum"}],"event_choices":[{"event_name":"Big Fish","player_choice":"Donut","floor":3,"damage_taken":0},{"event_name":"Dead Adventurer","player_choice":"Searched \u00273\u0027 times","floor":13,"damage_taken":0},{"event_name":"Forgotten Altar","player_choice":"Shed Blood","floor":19,"damage_taken":0},{"event_name":"Winding Halls","player_choice":"Writhe","floor":37,"damage_taken":0},{"event_name":"MindBloom","player_choice":"Fight","floor":42,"damage_taken":0},{"event_name":"SecretPortal","player_choice":"Took Portal.","floor":48,"damage_taken":0}],"boss_relics":[{"not_picked":["Nuclear Battery","Lizard Tail"],"picked":"Snecko Eye"},{"not_picked":["Calling Bell","Coffee Dripper"],"picked":"Philosopher\u0027s Stone"}],"items_purged_floors":[12,47],"is_endless":false,"potions_floor_spawned":[1,2,11,13,16,20,22,24,30,35,38,45],"ascension_level":15}