{"gold_per_floor":[115,126,126,136,149,149,178,178,178,211,225,225,23,48,48,144,144,164,164,64,76,76,76,92,92,92,92,141,170,170,31,31,133,133,152,152,163,163,163,163,176,176,176,189,201,201,1,13,13,13],"floor_reached":50,"playtime":3493,"items_purged":["Strike_B","Parasite"],"score":598,"play_id":"aa1ddde9-0462-48ef-ab46-cdfa3f2220ba","local_time":"20190223003706","is_ascension_mode":true,"campfire_choices":[{"data":"Coolheaded","floor":6,"key":"SMITH"},{"data":"Hologram","floor":12,"key":"SMITH"},{"data":"Dualcast","floor":15,"key":"SMITH"},{"data":"Cold Snap","floor":23,"key":"SMITH"},{"data":"Defend_B","floor":25,"key":"SMITH"},{"data":"Defend_B","floor":27,"key":"SMITH"},{"data":"Defend_B","floor":30,"key":"SMITH"},{"floor":32,"key":"REST"},{"data":"Defend_B","floor":40,"key":"SMITH"},{"data":"Strike_B","floor":42,"key":"SMITH"},{"data":"Strike_B","floor":46,"key":"SMITH"},{"floor":49,"key":"REST"}],"neow_cost":"NONE","seed_source_timestamp":671654325326432,"circlet_count":0,"master_deck":["Strike_B+1","Strike_B+1","Defend_B+1","Defend_B+1","Defend_B+1","Defend_B+1","Zap+1","Dualcast+1","Cold Snap+1","Coolheaded+1","Hologram+1","Loop+1","Conserve Battery+1","Self Repair+1","Loop+1","Core Surge+1","Sweeping Beam+1","Necronomicurse","Glacier+1","Blizzard+1","Seek+1","White Noise+1","Metamorphosis+1","Madness+1","Madness+1","Ball Lightning+1","White Noise+1"],"relics":["Cracked Core","Dodecahedron","Frozen Egg 2","Toxic Egg 2","Blood Vial","Molten Egg 2","Sozu","Necronomicon","Pantograph","Boot","Ice Cream","Nuclear Battery","Singing Bowl","DollysMirror"],"potions_floor_usage":[10,16,16,44],"damage_taken":[{"damage":2,"enemies":"Jaw Worm","floor":1,"turns":4},{"damage":6,"enemies":"Small Slimes","floor":2,"turns":3},{"damage":0,"enemies":"2 Louse","floor":4,"turns":3},{"damage":2,"enemies":"Looter","floor":5,"turns":3},{"damage":18,"enemies":"3 Sentries","floor":7,"turns":11},{"damage":10,"enemies":"Gremlin Nob","floor":10,"turns":7},{"damage":8,"enemies":"Blue Slaver","floor":11,"turns":2},{"damage":6,"enemies":"Lagavulin","floor":14,"turns":6},{"damage":29,"enemies":"Slime Boss","floor":16,"turns":16},{"damage":11,"enemies":"Spheric Guardian","floor":18,"turns":6},{"damage":2,"enemies":"Shell Parasite","floor":21,"turns":7},{"damage":5,"enemies":"Snecko","floor":24,"turns":6},{"damage":24,"enemies":"Slavers","floor":29,"turns":10},{"damage":16,"enemies":"Collector","floor":33,"turns":14},{"damage":0,"enemies":"Orb Walker","floor":35,"turns":4},{"damage":9,"enemies":"3 Darklings","floor":37,"turns":5},{"damage":0,"enemies":"Writhing Mass","floor":41,"turns":7},{"damage":23,"enemies":"Jaw Worm Horde","floor":44,"turns":5},{"damage":10,"enemies":"3 Darklings","floor":45,"turns":7},{"damage":18,"enemies":"Spire Growth","floor":48,"turns":6},{"damage":93,"enemies":"Donu and Deca","floor":50,"turns":5}],"seed_played":"778158124745590873","potions_obtained":[{"floor":7,"key":"Poison Potion"},{"floor":14,"key":"SpeedPotion"},{"floor":16,"key":"GamblersBrew"}],"is_trial":false,"path_per_floor":["M","M","?","M","M","R","E","?","T","E","M","R","$","E","R","B",null,"M","?","$","M","?","R","M","R","T","R","T","E","R","$","R","B",null,"M","?","M","?","?","R","M","R","T","M","M","R","$","M","R","B"],"character_chosen":"DEFECT","items_purchased":["Regen Potion","Energy Potion","Glacier+1","Blizzard+1","DollysMirror"],"campfire_rested":2,"item_purchase_floors":[13,13,31,31,47],"current_hp_per_floor":[73,67,64,64,62,62,44,62,62,52,46,46,46,52,52,50,69,70,54,54,64,64,64,61,61,61,61,61,49,49,49,70,66,71,72,72,72,72,63,63,72,72,72,59,63,63,63,59,76,0],"gold":13,"neow_bonus":"UPGRADE_CARD","is_prod":false,"is_daily":false,"chose_seed":false,"campfire_upgraded":10,"win_rate":0,"timestamp":1550878626,"path_taken":["M","M","?","M","M","R","E","?","T","E","M","R","$","E","R","BOSS","M","?","$","M","?","R","M","R","T","R","?","E","R","$","R","BOSS","M","?","M","?","?","R","M","R","T","M","M","R","$","M","R","BOSS"],"build_version":"2019-01-23","purchased_purges":2,"victory":false,"max_hp_per_floor":[75,75,75,75,75,75,75,75,75,75,75,75,75,75,75,75,75,75,75,72,72,72,72,72,72,72,72,72,72,72,72,72,72,72,72,72,72,72,72,72,72,72,72,72,74,74,74,76,76,76],"card_choices":[{"not_picked":["Stack","Hologram"],"picked":"Cold Snap","floor":1},{"not_picked":["Cold Snap","Heatsinks","Force Field"],"picked":"SKIP","floor":2},{"not_picked":["Compile Driver","Loop"],"picked":"Coolheaded","floor":4},{"not_picked":["Redo","Coolheaded"],"picked":"Hologram","floor":5},{"not_picked":["Blizzard","Go for the Eyes"],"picked":"Loop","floor":7},{"not_picked":["Hyperbeam","Beam Cell"],"picked":"Conserve Battery+1","floor":10},{"not_picked":["BootSequence+1","Sweeping Beam"],"picked":"Self Repair+1","floor":11},{"not_picked":["Storm+1","Cold Snap"],"picked":"Loop+1","floor":14},{"not_picked":["Machine Learning+1","Meteor Strike+1"],"picked":"Core Surge+1","floor":16},{"not_picked":["Go for the Eyes+1","Stack+1"],"picked":"Sweeping Beam+1","floor":18},{"not_picked":["Rebound+1","Genetic Algorithm+1","Hello World+1"],"picked":"SKIP","floor":21},{"not_picked":["Turbo+1","Steam+1","Go for the Eyes+1"],"picked":"SKIP","floor":24},{"not_picked":["Beam Cell+1","Turbo+1","Gash+1"],"picked":"SKIP","floor":29},{"not_picked":["Hyperbeam+1","Buffer+1"],"picked":"Seek+1","floor":33},{"not_picked":["Streamline+1","Coolheaded+1"],"picked":"White Noise+1","floor":35},{"not_picked":["Cold Snap+1","Steam+1","Chaos+1"],"picked":"SKIP","floor":37},{"not_picked":["Finesse+1","Swift Strike+1"],"picked":"Metamorphosis+1","floor":38},{"not_picked":["Conserve Battery+1","Streamline+1","Go for the Eyes+1"],"picked":"SKIP","floor":41},{"not_picked":["Steam+1","Redo+1"],"picked":"Ball Lightning+1","floor":44},{"not_picked":["FTL+1","Barrage+1","Sweeping Beam+1"],"picked":"Singing Bowl","floor":45},{"not_picked":["Ball Lightning+1","Fusion+1","Stack+1"],"picked":"Singing Bowl","floor":48}],"player_experience":370234,"relics_obtained":[{"floor":7,"key":"Frozen Egg 2"},{"floor":9,"key":"Toxic Egg 2"},{"floor":10,"key":"Blood Vial"},{"floor":14,"key":"Molten Egg 2"},{"floor":19,"key":"Necronomicon"},{"floor":26,"key":"Pantograph"},{"floor":28,"key":"Boot"},{"floor":29,"key":"Ice Cream"},{"floor":43,"key":"Singing Bowl"}],"event_choices":[{"damage_healed":0,"gold_gain":0,"player_choice":"Success","damage_taken":3,"relics_obtained":["Dodecahedron"],"max_hp_gain":0,"max_hp_loss":0,"event_name":"Scrap Ooze","floor":3,"gold_loss":0},{"damage_healed":18,"gold_gain":0,"player_choice":"Healed and dodged fight","damage_taken":0,"max_hp_gain":0,"max_hp_loss":0,"event_name":"Mushrooms","floor":8,"gold_loss":0,"cards_obtained":["Parasite"]},{"damage_healed":0,"gold_gain":0,"player_choice":"Obtained Book","damage_taken":16,"max_hp_gain":0,"max_hp_loss":0,"event_name":"Cursed Tome","floor":19,"gold_loss":0},{"cards_removed":["Strike_B"],"damage_healed":0,"gold_gain":0,"player_choice":"Elegance","damage_taken":0,"max_hp_gain":0,"max_hp_loss":0,"event_name":"Back to Basics","floor":22,"gold_loss":0},{"damage_healed":0,"gold_gain":0,"player_choice":"Ignored","damage_taken":0,"max_hp_gain":0,"max_hp_loss":0,"event_name":"Tomb of Lord Red Mask","floor":36,"gold_loss":0},{"damage_healed":0,"gold_gain":0,"player_choice":"Memory 1","damage_taken":0,"max_hp_gain":0,"max_hp_loss":0,"event_name":"SensoryStone","floor":38,"gold_loss":0},{"damage_healed":0,"gold_gain":0,"player_choice":"Embrace Madness","damage_taken":9,"max_hp_gain":0,"max_hp_loss":0,"event_name":"Winding Halls","floor":39,"gold_loss":0,"cards_obtained":["Madness","Madness"]}],"is_beta":false,"boss_relics":[{"not_picked":["Orrery","Empty Cage"],"picked":"Sozu"},{"not_picked":["Black Star","Tiny House"],"picked":"Nuclear Battery"}],"items_purged_floors":[13,20],"is_endless":false,"potions_floor_spawned":[7,14,16,18,21,29,37,41,44],"killed_by":"Donu and Deca","ascension_level":5}