{"gold_per_floor":[210,223,373,31,50,85,97,121,159,171,195,220,232,276,288,379,391,420,432,461,490,502,514,558,570,582,594,634,662,599,179,179,253,253,270,284,119,138,138],"floor_reached":39,"playtime":2301,"items_purged":["Doubt","Strike_G"],"score":846,"play_id":"e5dd3540-9e7f-40a1-8037-b784f0a7213d","local_time":"20190220224753","is_ascension_mode":true,"campfire_choices":[{"data":"Noxious Fumes","floor":7,"key":"SMITH"},{"floor":10,"key":"REST"},{"floor":15,"key":"REST"},{"data":"Catalyst","floor":23,"key":"SMITH"},{"floor":25,"key":"REST"},{"floor":32,"key":"REST"}],"neow_cost":"NONE","seed_source_timestamp":31655151340906,"circlet_count":0,"master_deck":["AscendersBane","Defend_G","Defend_G","Defend_G","Defend_G","Defend_G","Survivor","Neutralize","Noxious Fumes+1","Poisoned Stab","Well Laid Plans","Predator","Crippling Poison","Backflip","Deflect","Crippling Poison","Malaise","Catalyst+1","Outmaneuver","Leg Sweep+1","Noxious Fumes+1","Adrenaline","Skewer+1","Envenom+1","Grand Finale+1","Calculated Gamble"],"relics":["Ring of the Snake","Sling","MawBank","Dream Catcher","NlothsMask","Happy Flower","Philosopher\u0027s Stone","Paper Crane","Pen Nib","Omamori","Pear","Astrolabe","Regal Pillow"],"potions_floor_usage":[6,10,16,28,29,33,33,38],"damage_taken":[{"damage":2,"enemies":"Jaw Worm","floor":1,"turns":7},{"damage":3,"enemies":"Small Slimes","floor":2,"turns":4},{"damage":3,"enemies":"Cultist","floor":5,"turns":4},{"damage":12,"enemies":"Lagavulin","floor":6,"turns":6},{"damage":14,"enemies":"Exordium Thugs","floor":8,"turns":4},{"damage":7,"enemies":"Blue Slaver","floor":11,"turns":5},{"damage":11,"enemies":"Exordium Wildlife","floor":12,"turns":4},{"damage":15,"enemies":"3 Sentries","floor":14,"turns":5},{"damage":10,"enemies":"Hexaghost","floor":16,"turns":9},{"damage":0,"enemies":"Chosen","floor":18,"turns":6},{"damage":3,"enemies":"Shell Parasite","floor":20,"turns":5},{"damage":10,"enemies":"Cultist and Chosen","floor":21,"turns":7},{"damage":19,"enemies":"Gremlin Leader","floor":24,"turns":6},{"damage":29,"enemies":"Slavers","floor":28,"turns":6},{"damage":14,"enemies":"Centurion and Healer","floor":29,"turns":5},{"damage":41,"enemies":"Collector","floor":33,"turns":9},{"damage":12,"enemies":"3 Darklings","floor":35,"turns":5},{"damage":0,"enemies":"3 Shapes","floor":36,"turns":4},{"damage":32,"enemies":"Transient","floor":38,"turns":5},{"damage":36,"enemies":"Sphere and 2 Shapes","floor":39,"turns":3}],"seed_played":"5510790150463667882","potions_obtained":[{"floor":1,"key":"Fruit Juice"},{"floor":5,"key":"Fire Potion"},{"floor":14,"key":"Strength Potion"},{"floor":24,"key":"GamblersBrew"},{"floor":28,"key":"Regen Potion"},{"floor":29,"key":"Dexterity Potion"},{"floor":36,"key":"Poison Potion"},{"floor":38,"key":"FearPotion"}],"is_trial":false,"path_per_floor":["M","M","?","$","M","E","R","M","T","R","M","M","?","E","R","B",null,"M","?","M","M","?","R","E","R","T","T","E","M","?","$","R","B",null,"M","M","$","M","M"],"character_chosen":"THE_SILENT","items_purchased":["Sling","Poisoned Stab","Pear","Poison Potion","Regal Pillow"],"campfire_rested":4,"item_purchase_floors":[4,4,31,31,37],"current_hp_per_floor":[57,54,54,54,51,39,39,25,25,51,44,33,33,18,39,29,61,61,61,58,48,48,48,29,50,50,50,21,22,22,32,56,15,65,53,53,53,21,0],"gold":138,"neow_bonus":"HUNDRED_GOLD","is_prod":false,"is_daily":false,"chose_seed":false,"campfire_upgraded":2,"win_rate":0,"timestamp":1550720873,"path_taken":["M","M","?","$","M","E","R","M","T","R","M","M","?","E","R","BOSS","M","?","M","?","?","R","E","R","T","?","E","?","?","$","R","BOSS","M","M","$","?","M"],"build_version":"2019-01-23","purchased_purges":2,"victory":false,"max_hp_per_floor":[66,66,66,66,66,66,66,66,66,71,71,71,71,71,71,71,71,71,71,71,71,71,71,71,71,71,71,71,71,71,81,81,81,81,81,81,81,81,81],"card_choices":[{"not_picked":["Concentrate","PiercingWail","Distraction"],"picked":"SKIP","floor":1},{"not_picked":["Blur","Footwork"],"picked":"Noxious Fumes","floor":2},{"not_picked":["Outmaneuver","Prepared"],"picked":"Well Laid Plans","floor":5},{"not_picked":["Deadly Poison","Night Terror"],"picked":"Predator","floor":6},{"not_picked":["Dash","Quick Slash"],"picked":"Crippling Poison","floor":8},{"not_picked":["Blade Dance","Setup"],"picked":"Backflip","floor":10},{"not_picked":["Quick Slash","Tactician"],"picked":"Deflect","floor":11},{"not_picked":["Slice","Dagger Throw"],"picked":"Crippling Poison","floor":12},{"not_picked":["Deflect","Quick Slash","Masterful Stab"],"picked":"SKIP","floor":14},{"not_picked":["Infinite Blades","Dash"],"picked":"Heel Hook","floor":15},{"not_picked":["Die Die Die","After Image"],"picked":"Malaise","floor":16},{"not_picked":["Bouncing Flask","Poisoned Stab","Quick Slash"],"picked":"SKIP","floor":18},{"not_picked":["Slice+1","Finisher"],"picked":"Catalyst","floor":20},{"not_picked":["Riddle With Holes","Tools of the Trade","Sucker Punch"],"picked":"SKIP","floor":21},{"not_picked":["Distraction+1","Slice","Prepared"],"picked":"SKIP","floor":24},{"not_picked":["Bane","Acrobatics"],"picked":"Leg Sweep+1","floor":28},{"not_picked":["Dodge and Roll","Bouncing Flask"],"picked":"Noxious Fumes+1","floor":29},{"not_picked":["Doppelganger","Grand Finale"],"picked":"Adrenaline","floor":33},{"not_picked":["Sucker Punch","Terror","Deadly Poison"],"picked":"SKIP","floor":35},{"not_picked":["Flying Knee+1","Slice+1","Dagger Throw"],"picked":"SKIP","floor":36},{"not_picked":["Dagger Throw+1","Slice+1"],"picked":"Calculated Gamble","floor":38}],"player_experience":541277,"relics_obtained":[{"floor":6,"key":"MawBank"},{"floor":9,"key":"Dream Catcher"},{"floor":14,"key":"Happy Flower"},{"floor":24,"key":"Pen Nib"},{"floor":28,"key":"Omamori"}],"event_choices":[{"damage_healed":0,"gold_gain":150,"player_choice":"AGREE","damage_taken":0,"max_hp_gain":0,"max_hp_loss":0,"event_name":"Liars Game","floor":3,"gold_loss":0,"cards_obtained":["Doubt"]},{"damage_healed":0,"gold_gain":0,"player_choice":"Trade","damage_taken":0,"relics_obtained":["NlothsMask"],"max_hp_gain":0,"max_hp_loss":0,"event_name":"FaceTrader","floor":13,"gold_loss":0},{"cards_removed":["Heel Hook"],"damage_healed":0,"gold_gain":0,"player_choice":"Gave Card","damage_taken":0,"relics_obtained":["Paper Crane"],"max_hp_gain":0,"max_hp_loss":0,"event_name":"WeMeetAgain","floor":19,"gold_loss":0},{"damage_healed":0,"gold_gain":0,"player_choice":"Read","damage_taken":0,"max_hp_gain":0,"max_hp_loss":0,"event_name":"The Library","floor":22,"gold_loss":0,"cards_obtained":["Outmaneuver"]},{"cards_removed":["Strike_G"],"damage_healed":0,"gold_gain":0,"player_choice":"Single Remove","damage_taken":0,"max_hp_gain":0,"max_hp_loss":0,"event_name":"Designer","floor":30,"gold_loss":75}],"is_beta":false,"boss_relics":[{"not_picked":["Empty Cage","Orrery"],"picked":"Philosopher\u0027s Stone"},{"not_picked":["Coffee Dripper","Black Star"],"picked":"Astrolabe"}],"items_purged_floors":[4,31],"is_endless":false,"potions_floor_spawned":[1,5,14,24,28,29,36,38],"killed_by":"Sphere and 2 Shapes","ascension_level":16}