{"gold_per_floor":[118,131,56,76,95,123,123,151,151,151,185,185,170],"floor_reached":13,"playtime":822,"items_purged":["Strike_R"],"score":124,"play_id":"1930787f-a186-4a6e-ac73-fa1792d6356c","local_time":"20190221203039","is_ascension_mode":true,"campfire_choices":[{"data":"Armaments","floor":7,"key":"SMITH"},{"floor":10,"key":"REST"},{"data":"Demon Form","floor":12,"key":"SMITH"}],"neow_cost":"NONE","seed_source_timestamp":573141747405191,"circlet_count":0,"master_deck":["Strike_R","Strike_R","Strike_R","Strike_R","Defend_R","Defend_R+1","Defend_R","Defend_R+1","Bash","Armaments+1","Headbutt","Juggernaut","Demon Form+1","Heavy Blade"],"relics":["Burning Blood","War Paint","Toxic Egg 2","Darkstone Periapt","Gremlin Horn","Bottled Tornado"],"potions_floor_usage":[8],"damage_taken":[{"damage":2,"enemies":"Cultist","floor":1,"turns":4},{"damage":2,"enemies":"Jaw Worm","floor":2,"turns":5},{"damage":1,"enemies":"2 Louse","floor":4,"turns":3},{"damage":7,"enemies":"Exordium Wildlife","floor":5,"turns":5},{"damage":31,"enemies":"Lagavulin","floor":6,"turns":8},{"damage":41,"enemies":"3 Sentries","floor":8,"turns":9},{"damage":32,"enemies":"Gremlin Nob","floor":11,"turns":4},{"damage":17,"enemies":"Exordium Thugs","floor":13,"turns":1}],"seed_played":"-1690973180335529971","potions_obtained":[{"floor":6,"key":"SkillPotion"}],"is_trial":false,"path_per_floor":["M","M","$","M","M","E","R","E","T","R","E","R","M"],"character_chosen":"IRONCLAD","items_purchased":[],"campfire_rested":1,"item_purchase_floors":[],"current_hp_per_floor":[80,80,80,80,79,54,54,19,19,43,17,17,0],"gold":170,"neow_bonus":"RANDOM_COMMON_RELIC","is_prod":false,"is_daily":false,"chose_seed":false,"campfire_upgraded":2,"win_rate":0,"timestamp":1550777439,"path_taken":["M","M","?","M","?","E","R","E","T","R","E","R","M"],"build_version":"2019-01-23","purchased_purges":1,"victory":false,"max_hp_per_floor":[80,80,80,80,80,80,80,80,80,80,80,80,80],"card_choices":[{"not_picked":["True Grit","Flame Barrier"],"picked":"Armaments","floor":1},{"not_picked":["Sever Soul","Sword Boomerang"],"picked":"Headbutt","floor":2},{"not_picked":["Wild Strike","True Grit","Pommel Strike"],"picked":"SKIP","floor":4},{"not_picked":["Wild Strike","Headbutt"],"picked":"Juggernaut","floor":5},{"not_picked":["Twin Strike","Heavy Blade"],"picked":"Demon Form","floor":6},{"not_picked":["Havoc+1","Searing Blow"],"picked":"Heavy Blade","floor":8},{"not_picked":["Havoc+1","Body Slam","Limit Break+1"],"picked":"SKIP","floor":11}],"player_experience":327094,"relics_obtained":[{"floor":6,"key":"Toxic Egg 2"},{"floor":8,"key":"Darkstone Periapt"},{"floor":9,"key":"Gremlin Horn"},{"floor":11,"key":"Bottled Tornado"}],"event_choices":[],"is_beta":false,"boss_relics":[],"items_purged_floors":[3],"is_endless":false,"potions_floor_spawned":[6,11],"killed_by":"Exordium Thugs","ascension_level":4}