{"gold_per_floor":[362,362,377,394,319,319,347,358,358,283,283,283,283,296,296,368,368,382,402,414,414,414,447,16,16,16,16],"floor_reached":27,"playtime":1577,"items_purged":["Normality","Strike_B"],"score":439,"play_id":"49543592-e1d4-401d-9b84-9af6cacb2b95","local_time":"20190220124459","is_ascension_mode":true,"campfire_choices":[{"data":"Barrage","floor":6,"key":"SMITH"},{"data":"Sunder","floor":11,"key":"SMITH"},{"floor":13,"key":"REST"},{"data":"Chill","floor":15,"key":"SMITH"},{"data":"Loop","floor":25,"key":"SMITH"}],"neow_cost":"CURSE","seed_source_timestamp":53007192547183,"circlet_count":0,"master_deck":["AscendersBane","Strike_B","Defend_B","Defend_B","Defend_B+1","Defend_B","Zap+1","Dualcast","Chill+1","Glacier","Barrage+1","FTL","Sunder+1","Conserve Battery","Electrodynamics","Ball Lightning","Reinforced Body+1","Ghostly","Ghostly","Ghostly","Loop+1","Blizzard"],"relics":["Cracked Core","FaceOfCleric","Vajra","Nuclear Battery","Emotion Chip","OrangePellets","The Courier"],"potions_floor_usage":[7,16,23],"damage_taken":[{"damage":10,"enemies":"Small Slimes","floor":1,"turns":3},{"damage":0,"enemies":"Cultist","floor":3,"turns":3},{"damage":3,"enemies":"2 Louse","floor":4,"turns":4},{"damage":24,"enemies":"Gremlin Nob","floor":7,"turns":4},{"damage":0,"enemies":"Looter","floor":8,"turns":2},{"damage":3,"enemies":"Large Slime","floor":14,"turns":5},{"damage":24,"enemies":"Hexaghost","floor":16,"turns":11},{"damage":22,"enemies":"Chosen","floor":18,"turns":5},{"damage":0,"enemies":"Spheric Guardian","floor":19,"turns":3},{"damage":3,"enemies":"Centurion and Healer","floor":20,"turns":5},{"damage":15,"enemies":"Book of Stabbing","floor":23,"turns":6},{"damage":23,"enemies":"Gremlin Leader","floor":27,"turns":5}],"seed_played":"-7849228014952058607","potions_obtained":[{"floor":3,"key":"SkillPotion"},{"floor":4,"key":"SteroidPotion"},{"floor":8,"key":"FairyPotion"},{"floor":18,"key":"Strength Potion"},{"floor":20,"key":"LiquidBronze"}],"is_trial":false,"path_per_floor":["M","?","M","M","$","R","E","M","T","?","R","?","R","M","R","B",null,"M","M","M","?","?","E","$","R","T","E"],"character_chosen":"DEFECT","items_purchased":["Loop","OrangePellets","Blizzard"],"campfire_rested":1,"item_purchase_floors":[24,24,24],"current_hp_per_floor":[54,54,55,53,53,53,30,31,31,31,31,8,30,28,28,5,59,38,39,37,37,37,23,23,23,23,0],"gold":16,"neow_bonus":"TWO_FIFTY_GOLD","is_prod":false,"is_daily":false,"chose_seed":false,"campfire_upgraded":4,"win_rate":0,"timestamp":1550695499,"path_taken":["M","?","?","M","$","R","E","M","T","?","R","?","R","M","R","BOSS","M","M","M","?","?","E","$","R","T","E"],"build_version":"2019-01-23","purchased_purges":2,"victory":false,"max_hp_per_floor":[71,71,72,73,73,73,74,75,75,75,75,75,75,76,76,77,77,78,79,80,40,40,41,41,41,41,41],"card_choices":[{"not_picked":["Tempest","Aggregate"],"picked":"Chill","floor":1},{"not_picked":["Compile Driver","Sweeping Beam"],"picked":"Glacier","floor":3},{"not_picked":["Undo","Stack"],"picked":"Barrage","floor":4},{"not_picked":["Hologram","Reprogram"],"picked":"FTL","floor":7},{"not_picked":["Rebound","Hologram"],"picked":"Sunder","floor":8},{"not_picked":["BootSequence","Rebound"],"picked":"Conserve Battery","floor":14},{"not_picked":["Echo Form","Machine Learning"],"picked":"Electrodynamics","floor":16},{"not_picked":["Heatsinks","Redo"],"picked":"Ball Lightning","floor":18},{"not_picked":["Streamline","Beam Cell+1","Sunder"],"picked":"SKIP","floor":19},{"not_picked":["BootSequence","Go for the Eyes"],"picked":"Reinforced Body+1","floor":20},{"not_picked":["Steam","Hyperbeam","Leap"],"picked":"SKIP","floor":23}],"player_experience":850881,"relics_obtained":[{"floor":7,"key":"Vajra"},{"floor":23,"key":"Emotion Chip"},{"floor":26,"key":"The Courier"}],"event_choices":[{"damage_healed":0,"gold_gain":0,"player_choice":"Trade","damage_taken":0,"relics_obtained":["FaceOfCleric"],"max_hp_gain":0,"max_hp_loss":0,"event_name":"FaceTrader","floor":2,"gold_loss":0},{"cards_removed":["Strike_B"],"damage_healed":0,"gold_gain":0,"player_choice":"Card Removal","damage_taken":0,"max_hp_gain":0,"max_hp_loss":0,"event_name":"The Cleric","floor":10,"gold_loss":75},{"damage_healed":0,"gold_gain":0,"player_choice":"Entered Light","damage_taken":23,"max_hp_gain":0,"max_hp_loss":0,"event_name":"Shining Light","floor":12,"gold_loss":0,"cards_upgraded":["Defend_B","Zap"]},{"damage_healed":0,"gold_gain":0,"player_choice":"Became a Ghost","damage_taken":0,"max_hp_gain":0,"max_hp_loss":40,"event_name":"Ghosts","floor":21,"gold_loss":0,"cards_obtained":["Ghostly","Ghostly","Ghostly"]},{"cards_removed":["Strike_B"],"damage_healed":0,"gold_gain":0,"player_choice":"Purged","damage_taken":0,"max_hp_gain":0,"max_hp_loss":0,"event_name":"Purifier","floor":22,"gold_loss":0}],"is_beta":false,"boss_relics":[{"not_picked":["Lizard Tail","White Beast Statue"],"picked":"Nuclear Battery"}],"items_purged_floors":[5,24],"is_endless":false,"potions_floor_spawned":[3,4,8,18,20],"killed_by":"Gremlin Leader","ascension_level":18}