{"gold_per_floor":[118,134,149,163,163,196,214,214,214,153,172,8,85,110,110,215,215,229,154,154,169,109,109,109,125,171,197,207,207,226,226],"floor_reached":31,"playtime":6786,"items_purged":["Strike_B"],"score":321,"play_id":"c30cba62-5594-454b-b1dc-0be8bebddd41","local_time":"20190222184002","is_ascension_mode":true,"campfire_choices":[{"data":"Zap","floor":8,"key":"SMITH"},{"floor":15,"key":"REST"},{"data":"Defragment","floor":23,"key":"SMITH"},{"floor":29,"key":"REST"}],"neow_cost":"NONE","seed_source_timestamp":646928114241498,"circlet_count":0,"master_deck":["Strike_B","Strike_B","Defend_B","Defend_B","Defend_B","Defend_B","Zap+1","Dualcast","Hologram+1","Cold Snap","Defragment+1","FTL","Electrodynamics","Reinforced Body","Amplify","Chill","Ball Lightning","Conserve Battery","Auto Shields+1","Core Surge","All For One","Impatience","Lockon+1","Self Repair+1","Coolheaded"],"relics":["Cracked Core","Orichalcum","Nunchaku","The Courier","Question Card","Odd Mushroom","Orrery","Frozen Egg 2","Boot","Blood Vial"],"potions_floor_usage":[11,14,16,16,27,27,28,31],"damage_taken":[{"damage":7,"enemies":"Jaw Worm","floor":1,"turns":3},{"damage":3,"enemies":"Cultist","floor":2,"turns":4},{"damage":0,"enemies":"2 Louse","floor":3,"turns":2},{"damage":4,"enemies":"2 Fungi Beasts","floor":4,"turns":4},{"damage":20,"enemies":"Gremlin Nob","floor":6,"turns":5},{"damage":4,"enemies":"Looter","floor":7,"turns":3},{"damage":0,"enemies":"Lots of Slimes","floor":11,"turns":1},{"damage":8,"enemies":"The Mushroom Lair","floor":14,"turns":3},{"damage":7,"enemies":"Hexaghost","floor":16,"turns":9},{"damage":19,"enemies":"3 Byrds","floor":18,"turns":3},{"damage":10,"enemies":"Chosen","floor":21,"turns":6},{"damage":0,"enemies":"Centurion and Healer","floor":25,"turns":7},{"damage":23,"enemies":"Slavers","floor":27,"turns":5},{"damage":16,"enemies":"Shelled Parasite and Fungi","floor":28,"turns":5},{"damage":15,"enemies":"3 Cultists","floor":30,"turns":5},{"damage":17,"enemies":"Book of Stabbing","floor":31,"turns":3}],"seed_played":"-7269092348371897653","potions_obtained":[{"floor":1,"key":"Explosive Potion"},{"floor":7,"key":"Weak Potion"},{"floor":11,"key":"AttackPotion"},{"floor":16,"key":"FearPotion"},{"floor":18,"key":"Weak Potion"},{"floor":25,"key":"Swift Potion"},{"floor":27,"key":"SkillPotion"}],"is_trial":false,"path_per_floor":["M","M","M","M","?","E","M","R","T","$","M","$","T","?","R","B",null,"M","?","?","M","$","R","?","M","T","E","M","R","M","E"],"character_chosen":"DEFECT","items_purchased":["Defragment","Electrodynamics","PowerPotion"],"campfire_rested":2,"item_purchase_floors":[10,12,12],"current_hp_per_floor":[68,65,65,61,61,41,37,37,37,37,37,37,37,29,51,44,67,48,48,48,38,38,38,38,38,38,15,1,23,10,0],"gold":226,"neow_bonus":"RANDOM_COMMON_RELIC","is_prod":false,"is_daily":false,"chose_seed":false,"campfire_upgraded":2,"win_rate":0,"timestamp":1550857202,"path_taken":["M","M","M","M","?","E","M","R","T","$","?","$","?","?","R","BOSS","M","?","?","M","$","R","?","M","T","E","?","R","M","E"],"build_version":"2019-01-23","purchased_purges":1,"victory":false,"max_hp_per_floor":[75,75,75,75,75,75,75,75,75,75,75,75,75,75,75,75,75,75,75,75,75,75,75,75,75,75,75,75,75,75,75],"card_choices":[{"not_picked":["Barrage","Redo"],"picked":"Hologram","floor":1},{"not_picked":["Stack","Sweeping Beam"],"picked":"Cold Snap","floor":2},{"not_picked":["Rebound","Streamline","Reprogram"],"picked":"SKIP","floor":3},{"not_picked":["Double Energy","Beam Cell","Sweeping Beam"],"picked":"SKIP","floor":4},{"not_picked":["Fusion","Heatsinks","Fission"],"picked":"SKIP","floor":6},{"not_picked":["Fusion","Heatsinks","Fission"],"picked":"SKIP","floor":6},{"not_picked":["Streamline","Gash","Force Field"],"picked":"SKIP","floor":7},{"not_picked":["Cold Snap","Turbo"],"picked":"FTL","floor":11},{"not_picked":["Cold Snap","Scrape","Barrage"],"picked":"Reinforced Body","floor":14},{"not_picked":["Multi-Cast","Creative AI","Meteor Strike"],"picked":"Amplify","floor":16},{"not_picked":["Conserve Battery","Auto Shields","Lockon"],"picked":"Chill","floor":17},{"not_picked":["Auto Shields","Sweeping Beam","Cold Snap"],"picked":"Ball Lightning","floor":17},{"not_picked":["Gash","Undo","Barrage"],"picked":"Conserve Battery","floor":17},{"not_picked":["Darkness+1","Streamline","Coolheaded"],"picked":"Auto Shields+1","floor":18},{"not_picked":["Hologram","Coolheaded","Cold Snap+1"],"picked":"Core Surge","floor":21},{"not_picked":["Barrage","Conserve Battery+1","Redo"],"picked":"Lockon+1","floor":25},{"not_picked":["Conserve Battery","Recycle","Redo","Rebound"],"picked":"SKIP","floor":27},{"not_picked":["BootSequence","Compile Driver+1","Hyperbeam"],"picked":"Self Repair+1","floor":28},{"not_picked":["Stack","Blizzard","Turbo+1"],"picked":"Coolheaded","floor":30}],"player_experience":355154,"relics_obtained":[{"floor":6,"key":"Nunchaku"},{"floor":9,"key":"The Courier"},{"floor":13,"key":"Question Card"},{"floor":14,"key":"Odd Mushroom"},{"floor":26,"key":"Boot"},{"floor":27,"key":"Blood Vial"}],"event_choices":[{"damage_healed":0,"gold_gain":0,"player_choice":"Upgraded","damage_taken":0,"max_hp_gain":0,"max_hp_loss":0,"event_name":"Upgrade Shrine","floor":5,"gold_loss":0,"cards_upgraded":["Hologram"]},{"damage_healed":0,"gold_gain":0,"player_choice":"Fought Mushrooms","damage_taken":0,"max_hp_gain":0,"max_hp_loss":0,"event_name":"Mushrooms","floor":14,"gold_loss":0},{"cards_removed":["Strike_B"],"damage_healed":0,"gold_gain":0,"player_choice":"Gave Gold","damage_taken":0,"max_hp_gain":0,"max_hp_loss":0,"event_name":"Beggar","floor":19,"gold_loss":75},{"damage_healed":0,"gold_gain":0,"player_choice":"Opened","damage_taken":0,"relics_obtained":["Frozen Egg 2"],"max_hp_gain":0,"max_hp_loss":0,"event_name":"The Mausoleum","floor":20,"gold_loss":0},{"damage_healed":0,"gold_gain":0,"player_choice":"2 cards matched","damage_taken":0,"max_hp_gain":0,"max_hp_loss":0,"event_name":"Match and Keep!","floor":24,"gold_loss":0,"cards_obtained":["All For One","Impatience"]}],"is_beta":false,"boss_relics":[{"not_picked":["Philosopher\u0027s Stone","Calling Bell"],"picked":"Orrery"}],"items_purged_floors":[22],"is_endless":false,"potions_floor_spawned":[1,7,11,16,18,25,27],"killed_by":"Book of Stabbing","ascension_level":5}