{"gold_per_floor":[216,235,246,10,27,27,55,55,81,114,125,136,170,183,183,278,278,290,303,218,235,119,119,147,147,147,167,190,190,190,220,220,220],"floor_reached":33,"playtime":1719,"items_purged":["Strike_B"],"score":553,"play_id":"c9c1110f-7eaa-44ff-a7c7-e083f4a8473f","local_time":"20190227183634","is_ascension_mode":true,"campfire_choices":[{"data":"Zap","floor":6,"key":"SMITH"},{"data":"Self Repair","floor":8,"key":"SMITH"},{"floor":15,"key":"REST"},{"data":"Loop","floor":23,"key":"SMITH"},{"data":"Blizzard","floor":25,"key":"SMITH"},{"data":"Barrage","floor":30,"key":"SMITH"},{"floor":32,"key":"REST"}],"neow_cost":"NONE","seed_source_timestamp":1083809477408791,"circlet_count":0,"master_deck":["AscendersBane","Strike_B","Strike_B","Strike_B","Defend_B","Defend_B","Defend_B","Defend_B","Zap+1","Dualcast","Conserve Battery","Barrage+1","Glacier","Self Repair+1","Glacier","Cold Snap","Capacitor","Capacitor","Cold Snap","Core Surge","Sweeping Beam+1","Blizzard+1","Coolheaded","Loop+1","Glacier","Coolheaded","Redo+1"],"relics":["Cracked Core","Membership Card","Ancient Tea Set","Vajra","Regal Pillow","Mercury Hourglass","Inserter","Question Card","Turnip","Toxic Egg 2","Bag of Marbles","Shuriken"],"potions_floor_usage":[7,10,13,16,24,24,27,31],"damage_taken":[{"damage":1,"enemies":"Cultist","floor":1,"turns":3},{"damage":8,"enemies":"Small Slimes","floor":2,"turns":3},{"damage":0,"enemies":"Jaw Worm","floor":3,"turns":3},{"damage":0,"enemies":"2 Fungi Beasts","floor":5,"turns":3},{"damage":35,"enemies":"Lagavulin","floor":7,"turns":9},{"damage":35,"enemies":"Gremlin Nob","floor":10,"turns":5},{"damage":8,"enemies":"Gremlin Gang","floor":11,"turns":8},{"damage":8,"enemies":"Large Slime","floor":12,"turns":6},{"damage":7,"enemies":"Lagavulin","floor":13,"turns":8},{"damage":4,"enemies":"Red Slaver","floor":14,"turns":3},{"damage":0,"enemies":"The Guardian","floor":16,"turns":11},{"damage":3,"enemies":"Shell Parasite","floor":18,"turns":7},{"damage":9,"enemies":"Spheric Guardian","floor":19,"turns":6},{"damage":16,"enemies":"3 Cultists","floor":21,"turns":6},{"damage":33,"enemies":"Slavers","floor":24,"turns":5},{"damage":15,"enemies":"Snake Plant","floor":27,"turns":6},{"damage":28,"enemies":"Book of Stabbing","floor":31,"turns":7},{"damage":80,"enemies":"Collector","floor":33,"turns":7}],"seed_played":"-6763383037438484490","potions_obtained":[{"floor":5,"key":"Regen Potion"},{"floor":7,"key":"Weak Potion"},{"floor":11,"key":"Explosive Potion"},{"floor":13,"key":"FocusPotion"},{"floor":16,"key":"Strength Potion"},{"floor":21,"key":"Energy Potion"},{"floor":24,"key":"FocusPotion"},{"floor":27,"key":"Fruit Juice"}],"is_trial":false,"path_per_floor":["M","M","M","$","M","R","E","R","T","E","M","M","E","M","R","B",null,"M","M","?","M","$","R","E","R","T","M","T","?","R","E","R","B"],"character_chosen":"DEFECT","items_purchased":["Membership Card","Self Repair","Loop","Glacier","Block Potion"],"campfire_rested":2,"item_purchase_floors":[4,4,22,22,22],"current_hp_per_floor":[67,59,59,59,59,59,46,46,46,21,23,15,18,24,61,71,74,71,72,72,66,66,66,43,43,43,43,43,43,43,25,64,0],"gold":220,"neow_bonus":"HUNDRED_GOLD","is_prod":false,"is_daily":false,"chose_seed":false,"campfire_upgraded":5,"win_rate":0,"timestamp":1551288994,"path_taken":["M","M","M","$","?","R","E","R","T","E","M","M","E","M","R","BOSS","M","M","?","M","$","R","E","R","T","M","?","?","R","E","R","BOSS"],"build_version":"2019-01-23","purchased_purges":1,"victory":false,"max_hp_per_floor":[75,75,75,75,75,75,75,75,75,75,75,75,75,75,75,75,75,75,75,75,75,75,75,75,75,75,80,80,80,80,80,80,80],"card_choices":[{"not_picked":["Steam","Barrage"],"picked":"Conserve Battery","floor":1},{"not_picked":["Gash","Conserve Battery"],"picked":"Barrage","floor":2},{"not_picked":["Rainbow","Stack"],"picked":"Glacier","floor":3},{"not_picked":["Gash","Stack","FTL"],"picked":"SKIP","floor":5},{"not_picked":["Sweeping Beam","Turbo"],"picked":"Glacier","floor":7},{"not_picked":["Steam","Meteor Strike","Scrape"],"picked":"SKIP","floor":10},{"not_picked":["Barrage","Hologram"],"picked":"Cold Snap","floor":11},{"not_picked":["Reprogram","Genetic Algorithm"],"picked":"Capacitor","floor":12},{"not_picked":["Seek","Consume"],"picked":"Capacitor","floor":13},{"not_picked":["Streamline","Rip and Tear"],"picked":"Cold Snap","floor":14},{"not_picked":["Machine Learning","Amplify"],"picked":"Core Surge","floor":16},{"not_picked":["Hologram","Leap+1"],"picked":"Sweeping Beam+1","floor":18},{"not_picked":["Go for the Eyes+1","Steam"],"picked":"Blizzard","floor":19},{"not_picked":["Scrape","Rip and Tear","Rebound"],"picked":"Coolheaded","floor":21},{"not_picked":["Ball Lightning+1","Redo","Go for the Eyes+1"],"picked":"Coolheaded","floor":24},{"not_picked":["Lockon","Rebound","Leap+1","Go for the Eyes"],"picked":"SKIP","floor":27},{"not_picked":["Go for the Eyes","Rainbow+1","Coolheaded+1"],"picked":"Redo+1","floor":31}],"player_experience":612259,"relics_obtained":[{"floor":7,"key":"Ancient Tea Set"},{"floor":9,"key":"Vajra"},{"floor":10,"key":"Regal Pillow"},{"floor":13,"key":"Mercury Hourglass"},{"floor":24,"key":"Turnip"},{"floor":26,"key":"Toxic Egg 2"},{"floor":28,"key":"Bag of Marbles"},{"floor":31,"key":"Shuriken"}],"event_choices":[{"damage_healed":0,"gold_gain":0,"player_choice":"Obtained Relic","damage_taken":0,"relics_obtained":["Question Card"],"max_hp_gain":0,"max_hp_loss":0,"event_name":"Addict","floor":20,"gold_loss":85},{"damage_healed":0,"gold_gain":0,"player_choice":"Ignored","damage_taken":0,"max_hp_gain":0,"max_hp_loss":0,"event_name":"Ghosts","floor":29,"gold_loss":0}],"is_beta":false,"boss_relics":[{"not_picked":["Eternal Feather","Snecko Eye"],"picked":"Inserter"}],"items_purged_floors":[22],"is_endless":false,"potions_floor_spawned":[5,7,11,13,16,21,24,27],"killed_by":"Collector","ascension_level":11}