{"gold_per_floor":[113,288,288,288,60,60,14,44,70,70,95,95,174,174,174,304,304,324,348,363,234,234,268,268,268,268,312,312,92,92,92,92,92],"floor_reached":33,"playtime":1959,"items_purged":["Strike_G"],"score":297,"play_id":"d5ea15dd-293c-4a13-857b-ca6decb7a2ff","local_time":"20190226211457","is_ascension_mode":true,"campfire_choices":[{"data":"Crippling Poison","floor":6,"key":"SMITH"},{"floor":10,"key":"REST"},{"floor":12,"key":"REST"},{"floor":15,"key":"REST"},{"floor":24,"key":"REST"},{"floor":32,"key":"REST"}],"neow_cost":"NONE","seed_source_timestamp":374173986753247,"circlet_count":0,"master_deck":["Defend_G+1","Defend_G+1","Defend_G+1","Defend_G+1","Defend_G+1","Strike_G+1","Strike_G+1","Strike_G+1","Strike_G+1","Survivor","Neutralize","Deadly Poison+1","Crippling Poison+1","PiercingWail","Well Laid Plans","Prepared+1","Adrenaline+1","Poisoned Stab","Deflect+1","Poisoned Stab","Crippling Poison","Terror+1","Noxious Fumes","Writhe","Noxious Fumes"],"relics":["Ring of the Snake","Boot","Toolbox","Pantograph","Whetstone","Tingsha","Singing Bowl","Golden Idol","Black Star","Juzu Bracelet","War Paint","Bottled Lightning","Meat on the Bone","Sundial","Snake Skull","Nunchaku"],"potions_floor_usage":[23,27,27,27,27,33],"damage_taken":[{"damage":1,"enemies":"Jaw Worm","floor":1,"turns":5},{"damage":9,"enemies":"Gremlin Nob","floor":8,"turns":4},{"damage":16,"enemies":"3 Sentries","floor":11,"turns":6},{"damage":35,"enemies":"The Guardian","floor":16,"turns":10},{"damage":10,"enemies":"Spheric Guardian","floor":18,"turns":3},{"damage":8,"enemies":"Shell Parasite","floor":19,"turns":4},{"damage":2,"enemies":"Snake Plant","floor":20,"turns":5},{"damage":17,"enemies":"Slavers","floor":23,"turns":6},{"damage":22,"enemies":"Gremlin Leader","floor":27,"turns":5},{"damage":80,"enemies":"Champ","floor":33,"turns":13}],"seed_played":"4740273801738441689","potions_obtained":[{"floor":1,"key":"SpeedPotion"},{"floor":8,"key":"Strength Potion"},{"floor":16,"key":"EntropicBrew"},{"floor":19,"key":"PowerPotion"}],"is_trial":false,"path_per_floor":["M","?","?","?","$","R","$","E","T","R","E","R","T","?","R","B",null,"M","M","M","$","?","E","R","?","T","E","?","$","?","?","R","B"],"character_chosen":"THE_SILENT","items_purchased":["Crippling Poison","Toolbox","PiercingWail","Poisoned Stab","Snake Skull","GhostInAJar"],"campfire_rested":5,"item_purchase_floors":[5,5,7,21,29,29],"current_hp_per_floor":[69,69,62,62,62,62,62,53,53,70,54,70,70,53,70,35,70,60,52,52,52,52,35,56,56,56,34,34,34,34,34,55,0],"gold":92,"neow_bonus":"RANDOM_COMMON_RELIC","is_prod":false,"is_daily":false,"chose_seed":false,"campfire_upgraded":1,"win_rate":0,"timestamp":1551186897,"path_taken":["M","?","?","?","$","R","?","E","T","R","E","R","?","?","R","BOSS","M","M","M","$","?","E","R","?","T","E","?","$","?","?","R","BOSS"],"build_version":"2019-01-23","purchased_purges":1,"victory":false,"max_hp_per_floor":[70,70,70,70,70,70,70,70,70,70,70,70,70,70,70,70,70,70,70,72,72,72,72,72,72,72,72,72,72,72,72,72,72],"card_choices":[{"not_picked":["Masterful Stab","Concentrate"],"picked":"Deadly Poison","floor":1},{"not_picked":["Storm of Steel","Crippling Poison"],"picked":"Well Laid Plans","floor":8},{"not_picked":["Skewer","Dagger Throw"],"picked":"Prepared","floor":11},{"not_picked":["Envenom","Wraith Form v2"],"picked":"Adrenaline","floor":16},{"not_picked":["Infinite Blades","Outmaneuver"],"picked":"Poisoned Stab","floor":18},{"not_picked":["Predator","Dodge and Roll"],"picked":"Deflect+1","floor":19},{"not_picked":["Slice","Prepared","Flying Knee"],"picked":"Singing Bowl","floor":20},{"not_picked":["Masterful Stab+1","Dagger Spray"],"picked":"Crippling Poison","floor":23},{"not_picked":["Flying Knee","Doppelganger"],"picked":"Terror+1","floor":27}],"player_experience":94830,"relics_obtained":[{"floor":8,"key":"Pantograph"},{"floor":9,"key":"Whetstone"},{"floor":11,"key":"Tingsha"},{"floor":13,"key":"Singing Bowl"},{"floor":23,"key":"Juzu Bracelet"},{"floor":23,"key":"War Paint"},{"floor":26,"key":"Bottled Lightning"},{"floor":27,"key":"Meat on the Bone"},{"floor":27,"key":"Sundial"}],"event_choices":[{"damage_healed":0,"gold_gain":175,"player_choice":"AGREE","damage_taken":0,"max_hp_gain":0,"max_hp_loss":0,"event_name":"Liars Game","floor":2,"gold_loss":0,"cards_obtained":["Doubt"]},{"cards_removed":["Doubt"],"damage_healed":0,"gold_gain":0,"player_choice":"Card Removal","damage_taken":7,"max_hp_gain":0,"max_hp_loss":0,"event_name":"Golden Wing","floor":3,"gold_loss":0},{"damage_healed":0,"gold_gain":0,"player_choice":"Grow","damage_taken":0,"max_hp_gain":0,"max_hp_loss":0,"event_name":"Living Wall","floor":4,"gold_loss":0,"cards_upgraded":["Deadly Poison"]},{"damage_healed":0,"gold_gain":0,"player_choice":"Take Damage","damage_taken":17,"relics_obtained":["Golden Idol"],"max_hp_gain":0,"max_hp_loss":0,"event_name":"Golden Idol","floor":14,"gold_loss":0},{"damage_healed":0,"gold_gain":0,"player_choice":"Simplicity","damage_taken":0,"max_hp_gain":0,"max_hp_loss":0,"event_name":"Back to Basics","floor":22,"gold_loss":0,"cards_upgraded":["Defend_G","Defend_G","Defend_G","Defend_G","Defend_G","Strike_G","Strike_G"]},{"damage_healed":0,"gold_gain":0,"player_choice":"Ignored","damage_taken":0,"max_hp_gain":0,"max_hp_loss":0,"event_name":"Vampires","floor":25,"gold_loss":0},{"damage_healed":0,"gold_gain":0,"player_choice":"Read","damage_taken":0,"max_hp_gain":0,"max_hp_loss":0,"event_name":"The Library","floor":28,"gold_loss":0,"cards_obtained":["Noxious Fumes"]},{"damage_healed":0,"gold_gain":0,"player_choice":"Opened","damage_taken":0,"relics_obtained":["Nunchaku"],"max_hp_gain":0,"max_hp_loss":0,"event_name":"The Mausoleum","floor":30,"gold_loss":0,"cards_obtained":["Writhe"]},{"damage_healed":0,"gold_gain":0,"player_choice":"Copied","damage_taken":0,"max_hp_gain":0,"max_hp_loss":0,"event_name":"Duplicator","floor":31,"gold_loss":0,"cards_obtained":["Noxious Fumes"]}],"is_beta":false,"boss_relics":[{"not_picked":["Astrolabe","Cursed Key"],"picked":"Black Star"}],"items_purged_floors":[21],"is_endless":false,"potions_floor_spawned":[1,8,16,19,20],"killed_by":"Champ","ascension_level":1}