{"gold_per_floor":[118,129,129,143,160,160,175,175,202,212,5,22,33,33,33,133,133,153,168,168,168,180,180,194,194,194,270,288,288,135,151,151,256,256,276,293,310,326,249,249,249,249,249,249,260,260,278,34,34,34],"floor_reached":50,"playtime":3024,"items_purged":["Strike_B","Strike_B","Dualcast"],"score":490,"play_id":"cffb25d3-ad7b-4235-b77e-7bd8f88ae9ad","local_time":"20190228131559","is_ascension_mode":false,"campfire_choices":[{"data":"Redo","floor":6,"key":"SMITH"},{"data":"Defragment","floor":8,"key":"SMITH"},{"data":"Undo","floor":15,"key":"SMITH"},{"data":"Buffer","floor":23,"key":"SMITH"},{"data":"Reinforced Body","floor":25,"key":"SMITH"},{"data":"Go for the Eyes","floor":29,"key":"SMITH"},{"floor":32,"key":"REST"},{"data":"Defragment","floor":40,"key":"SMITH"},{"floor":44,"key":"REST"},{"floor":46,"key":"REST"},{"data":"Multi-Cast","floor":49,"key":"SMITH"}],"neow_cost":"NONE","seed_source_timestamp":3862277792706856,"circlet_count":0,"master_deck":["Defend_B","Defend_B","Defend_B","Defend_B","Zap","Cold Snap","Defragment+1","Leap","Redo+1","Electrodynamics","Conserve Battery","Ball Lightning","Defragment+1","Undo+1","Buffer+1","Reinforced Body+1","Go for the Eyes+1","Compile Driver+1","Hologram","Leap","Biased Cognition","Leap","Doom and Gloom+1","BootSequence+1","Defragment","Multi-Cast+1","Loop"],"relics":["Cracked Core"],"potions_floor_usage":[7,7,18,22,33,38,38,45,45,50],"damage_taken":[{"damage":4,"enemies":"Jaw Worm","floor":1,"turns":3},{"damage":0,"enemies":"Small Slimes","floor":2,"turns":3},{"damage":0,"enemies":"Cultist","floor":4,"turns":3},{"damage":2,"enemies":"Blue Slaver","floor":5,"turns":4},{"damage":4,"enemies":"Gremlin Gang","floor":7,"turns":2},{"damage":3,"enemies":"3 Louse","floor":10,"turns":2},{"damage":0,"enemies":"Exordium Wildlife","floor":12,"turns":2},{"damage":6,"enemies":"Large Slime","floor":13,"turns":3},{"damage":0,"enemies":"The Guardian","floor":16,"turns":10},{"damage":5,"enemies":"3 Byrds","floor":18,"turns":3},{"damage":12,"enemies":"Spheric Guardian","floor":19,"turns":6},{"damage":0,"enemies":"Centurion and Healer","floor":22,"turns":6},{"damage":1,"enemies":"Cultist and Chosen","floor":24,"turns":6},{"damage":5,"enemies":"Snake Plant","floor":28,"turns":5},{"damage":13,"enemies":"Chosen and Byrds","floor":31,"turns":5},{"damage":29,"enemies":"Collector","floor":33,"turns":13},{"damage":18,"enemies":"3 Darklings","floor":35,"turns":5},{"damage":2,"enemies":"Orb Walker","floor":36,"turns":6},{"damage":7,"enemies":"Maw","floor":37,"turns":10},{"damage":12,"enemies":"Sphere and 2 Shapes","floor":38,"turns":4},{"damage":30,"enemies":"Spire Growth","floor":45,"turns":8},{"damage":0,"enemies":"Maw","floor":47,"turns":9},{"damage":73,"enemies":"Donu and Deca","floor":50,"turns":9}],"seed_played":"-2252805790078280331","potions_obtained":[{"floor":4,"key":"SkillPotion"},{"floor":5,"key":"Explosive Potion"},{"floor":10,"key":"SkillPotion"},{"floor":13,"key":"Strength Potion"},{"floor":18,"key":"Swift Potion"},{"floor":19,"key":"Block Potion"},{"floor":33,"key":"SpeedPotion"},{"floor":36,"key":"AttackPotion"},{"floor":38,"key":"Regen Potion"}],"is_trial":false,"path_per_floor":["M","M","?","M","M","R","M","R","T","M","$","M","M","?","R","B",null,"M","M","?","?","M","R","M","R","T","T","M","R","$","M","R","B",null,"M","M","M","M","$","R","?","?","T","R","M","R","M","$","R","B"],"character_chosen":"DEFECT","items_purchased":["Conserve Battery","Ball Lightning","Defragment","Hologram","Defragment","Loop","Block Potion"],"campfire_rested":3,"item_purchase_floors":[11,11,11,30,39,48,48],"current_hp_per_floor":[71,71,64,64,62,62,58,58,58,55,55,55,49,49,49,49,75,70,58,58,58,58,58,57,57,57,57,52,52,52,39,61,32,75,57,55,48,36,36,36,36,36,36,57,39,60,60,60,60,0],"gold":34,"neow_bonus":"THREE_CARDS","is_prod":false,"is_daily":false,"chose_seed":false,"campfire_upgraded":8,"win_rate":0,"timestamp":1551377759,"path_taken":["M","M","?","M","M","R","M","R","T","M","$","M","M","?","R","BOSS","M","M","?","?","M","R","M","R","T","?","M","R","$","?","R","BOSS","M","?","M","M","$","R","?","?","T","R","M","R","M","$","R","BOSS"],"build_version":"2019-02-06","purchased_purges":3,"victory":false,"max_hp_per_floor":[75,75,75,75,75,75,75,75,75,75,75,75,75,75,75,75,75,75,75,75,75,75,75,75,75,75,75,75,75,75,75,75,75,75,75,75,75,75,75,75,71,71,71,71,71,71,71,71,71,71],"card_choices":[{"not_picked":["Force Field","Steam"],"picked":"Cold Snap","floor":0},{"not_picked":["Stack","Force Field","Hologram"],"picked":"SKIP","floor":1},{"not_picked":["Leap","Storm"],"picked":"Defragment","floor":2},{"not_picked":["Streamline","Compile Driver"],"picked":"Leap","floor":4},{"not_picked":["Barrage","Hello World"],"picked":"Redo","floor":5},{"not_picked":["Hologram","Steam"],"picked":"Electrodynamics","floor":7},{"not_picked":["Gash","Rip and Tear","Beam Cell"],"picked":"SKIP","floor":10},{"not_picked":["Barrage","Streamline","Gash"],"picked":"SKIP","floor":12},{"not_picked":["Chill","Streamline"],"picked":"Undo","floor":13},{"not_picked":["Rainbow","Core Surge"],"picked":"Buffer","floor":16},{"not_picked":["Lockon","Steam"],"picked":"Reinforced Body","floor":18},{"not_picked":["Beam Cell","Conserve Battery"],"picked":"Go for the Eyes","floor":19},{"not_picked":["Melter","Rebound"],"picked":"Compile Driver+1","floor":22},{"not_picked":["Redo","Gash","Go for the Eyes"],"picked":"SKIP","floor":24},{"not_picked":["Sweeping Beam+1","Thunder Strike","Stack"],"picked":"SKIP","floor":28},{"not_picked":["Chaos","Barrage"],"picked":"Leap","floor":31},{"not_picked":["Multi-Cast","Hyperbeam"],"picked":"Biased Cognition","floor":33},{"not_picked":["Turbo+1","Ball Lightning"],"picked":"Leap","floor":35},{"not_picked":["Reprogram","Rebound+1","Redo"],"picked":"SKIP","floor":36},{"not_picked":["Barrage","Streamline"],"picked":"Doom and Gloom+1","floor":37},{"not_picked":["Coolheaded+1","Redo+1"],"picked":"BootSequence+1","floor":38},{"not_picked":["Ball Lightning","Leap"],"picked":"Multi-Cast","floor":45},{"not_picked":["Go for the Eyes","Storm","Doom and Gloom"],"picked":"SKIP","floor":47}],"player_experience":305077,"relics_obtained":[],"event_choices":[{"cards_removed":["Strike_B"],"damage_healed":0,"gold_gain":0,"player_choice":"Card Removal","damage_taken":7,"max_hp_gain":0,"max_hp_loss":0,"event_name":"Golden Wing","floor":3,"gold_loss":0},{"damage_healed":0,"gold_gain":0,"player_choice":"Leave","damage_taken":0,"max_hp_gain":0,"max_hp_loss":0,"event_name":"FaceTrader","floor":14,"gold_loss":0},{"damage_healed":0,"gold_gain":0,"player_choice":"Ignored","damage_taken":0,"max_hp_gain":0,"max_hp_loss":0,"event_name":"The Mausoleum","floor":20,"gold_loss":0},{"cards_removed":["Strike_B"],"damage_healed":0,"gold_gain":0,"player_choice":"Elegance","damage_taken":0,"max_hp_gain":0,"max_hp_loss":0,"event_name":"Back to Basics","floor":21,"gold_loss":0},{"damage_healed":0,"gold_gain":0,"player_choice":"Max HP","damage_taken":0,"max_hp_gain":0,"max_hp_loss":4,"event_name":"Winding Halls","floor":41,"gold_loss":0},{"damage_healed":0,"gold_gain":0,"player_choice":"Ignored","damage_taken":0,"max_hp_gain":0,"max_hp_loss":0,"event_name":"Tomb of Lord Red Mask","floor":42,"gold_loss":0}],"is_beta":true,"boss_relics":[{"not_picked":["Philosopher\u0027s Stone","Cursed Key","Inserter"]},{"not_picked":["Philosopher\u0027s Stone","Cursed Key","Inserter"]}],"items_purged_floors":[11,30,48],"is_endless":false,"potions_floor_spawned":[4,5,10,13,18,19,33,36,38],"killed_by":"Donu and Deca","ascension_level":0}