{"path_per_floor":["M","M","?","$","M","R","E","?","T","E","R","M","R","M","R","B",null,"M","?","?","M","?","R","M","M","T"],"character_chosen":"THE_SILENT","items_purchased":[],"gold_per_floor":[114,133,133,133,146,146,179,129,155,186,186,202,202,217,217,320,350,362,362,362,375,375,375,393,406,406,406],"floor_reached":27,"campfire_rested":3,"playtime":1997,"current_hp_per_floor":[62,59,59,59,59,59,40,40,40,9,32,32,32,32,55,46,82,62,57,48,5,5,23,16,19,19,0],"items_purged":[],"gold":406,"score":248,"play_id":"b072d740-176d-44a6-ba4a-5b6db8b94423","local_time":"20180430005929","is_prod":false,"is_daily":false,"chose_seed":false,"is_ascension_mode":false,"campfire_upgraded":2,"timestamp":1525064369,"path_taken":["M","M","?","$","M","R","E","?","T","E","R","M","R","M","R","BOSS","M","?","?","?","?","R","M","M","T","M"],"build_version":"2018-04-27v3","seed_source_timestamp":0,"purchased_purges":0,"victory":false,"master_deck":["Defend_G+1","Defend_G","Defend_G","Defend_G","Survivor","Neutralize","Slice+1","Blur+1","Backflip","Backstab","Dash+1","Envenom+1","Blur","Poisoned Stab","Bite","Bite","Bite","Bite","Bite"],"max_hp_per_floor":[70,70,70,70,70,70,77,77,77,77,77,77,77,77,77,77,82,82,57,62,62,62,62,62,62,62,62],"relics":["Ring of the Snake","Strawberry","Whetstone","Orichalcum","Tiny House","Pantograph"],"card_choices":[{"not_picked":["Flechettes","Cloak And Dagger"],"picked":"Slice","floor":2},{"not_picked":["Slice","Distraction"],"picked":"Blur","floor":5},{"not_picked":["Caltrops","Predator"],"picked":"Backflip","floor":7},{"not_picked":["Sucker Punch","Terror"],"picked":"Backstab","floor":10},{"not_picked":["Quick Slash","Endless Agony"],"picked":"Dash","floor":12},{"not_picked":["Night Terror","Tactician"],"picked":"Envenom","floor":16},{"not_picked":["Slice","PiercingWail"],"picked":"Blur","floor":17},{"not_picked":["Dagger Spray","Prepared"],"picked":"Poisoned Stab","floor":18}],"player_experience":74163,"potions_floor_usage":[7,10,16,24,25,25],"damage_taken":[{"damage":8,"enemies":"Jaw Worm","floor":1,"turns":11},{"damage":3,"enemies":"Cultist","floor":2,"turns":5},{"damage":0,"enemies":"2 Louse","floor":5,"turns":3},{"damage":26,"enemies":"3 Sentries","floor":7,"turns":15},{"damage":31,"enemies":"Lagavulin","floor":10,"turns":15},{"damage":0,"enemies":"2 Fungi Beasts","floor":12,"turns":3},{"damage":0,"enemies":"Large Slime","floor":14,"turns":6},{"damage":9,"enemies":"The Guardian","floor":16,"turns":18},{"damage":20,"enemies":"Spheric Guardian","floor":18,"turns":8},{"damage":65,"enemies":"3 Byrds","floor":21,"turns":11},{"damage":31,"enemies":"Slaver and Parasite","floor":24,"turns":11},{"damage":9,"enemies":"Snecko","floor":25,"turns":7},{"damage":33,"enemies":"Sentry and Sphere","floor":27,"turns":9}],"event_choices":[{"event_name":"Purifier","player_choice":"One Purge","floor":3,"damage_taken":0},{"event_name":"The Cleric","player_choice":"Card Removal","floor":8,"damage_taken":0},{"event_name":"Vampires","player_choice":"Became a vampire","floor":19,"damage_taken":0},{"event_name":"Forgotten Altar","player_choice":"Shed Blood","floor":20,"damage_taken":0},{"event_name":"Upgrade Shrine","player_choice":"Upgraded","floor":22,"damage_taken":0}],"boss_relics":[{"not_picked":["Eternal Feather","Calling Bell"],"picked":"Tiny House"}],"potions_floor_spawned":[2,5,10,14,18],"seed_played":"-3410698574706930452","killed_by":"Sentry and Sphere","ascension_level":0,"is_trial":false}