{"gold_per_floor":[113,126,142,155,170,196,196,221,247,247,262,273,273,126,126,227,227,247,258,274,288,188,188,223,256,256,256,268,143,163,13,13,117,117,134,134,144,160,170,170,185,185,209,229,229,245,18,36,36,36],"floor_reached":51,"playtime":4009,"items_purged":["Strike_R","Strike_R","Strike_R","Strike_R","Madness"],"score":637,"play_id":"fb8b0b8c-b795-46cc-a34d-96e2565f4faf","local_time":"20190217120137","is_ascension_mode":false,"campfire_choices":[{"data":"Armaments","floor":7,"key":"SMITH"},{"data":"Body Slam","floor":10,"key":"SMITH"},{"data":"Spot Weakness","floor":15,"key":"SMITH"},{"data":"Juggernaut","floor":23,"key":"SMITH"},{"data":"Metallicize","floor":27,"key":"SMITH"},{"data":"Body Slam","floor":32,"key":"SMITH"},{"data":"Limit Break","floor":40,"key":"SMITH"},{"data":"Iron Wave","floor":42,"key":"SMITH"},{"data":"Flame Barrier","floor":45,"key":"SMITH"},{"floor":49,"key":"REST"}],"neow_cost":"NONE","seed_source_timestamp":193783830596890,"circlet_count":0,"master_deck":["Strike_R+1","Defend_R","Defend_R","Defend_R","Defend_R","Bash+1","Armaments+1","Body Slam+1","Cleave","Shrug It Off","Headbutt+1","Shrug It Off","Flame Barrier+1","Iron Wave+1","Spot Weakness+1","Juggernaut+1","Pommel Strike+1","Metallicize+1","Body Slam+1","Limit Break+1"],"relics":["Burning Blood","Bag of Preparation","Whetstone","Vajra","Mark of Pain","Pen Nib","Red Mask","Pear","Busted Crown","Centennial Puzzle"],"potions_floor_usage":[6,6,16,18,24,25,33,33,50,50,50],"damage_taken":[{"damage":5,"enemies":"Jaw Worm","floor":1,"turns":5},{"damage":0,"enemies":"2 Louse","floor":2,"turns":3},{"damage":0,"enemies":"Small Slimes","floor":3,"turns":3},{"damage":15,"enemies":"Exordium Wildlife","floor":4,"turns":7},{"damage":2,"enemies":"Large Slime","floor":5,"turns":5},{"damage":11,"enemies":"Gremlin Nob","floor":6,"turns":3},{"damage":1,"enemies":"Lagavulin","floor":8,"turns":6},{"damage":0,"enemies":"3 Louse","floor":11,"turns":1},{"damage":1,"enemies":"2 Fungi Beasts","floor":12,"turns":3},{"damage":55,"enemies":"Hexaghost","floor":16,"turns":12},{"damage":0,"enemies":"Chosen","floor":18,"turns":5},{"damage":0,"enemies":"Shell Parasite","floor":19,"turns":4},{"damage":15,"enemies":"Snecko","floor":20,"turns":3},{"damage":1,"enemies":"3 Cultists","floor":21,"turns":4},{"damage":50,"enemies":"Slavers","floor":24,"turns":6},{"damage":11,"enemies":"Masked Bandits","floor":25,"turns":4},{"damage":1,"enemies":"Shelled Parasite and Fungi","floor":28,"turns":5},{"damage":7,"enemies":"Sentry and Sphere","floor":30,"turns":4},{"damage":38,"enemies":"Collector","floor":33,"turns":7},{"damage":17,"enemies":"3 Darklings","floor":35,"turns":4},{"damage":5,"enemies":"3 Shapes","floor":37,"turns":5},{"damage":12,"enemies":"Writhing Mass","floor":38,"turns":4},{"damage":10,"enemies":"Spire Growth","floor":39,"turns":4},{"damage":18,"enemies":"Maw","floor":41,"turns":7},{"damage":0,"enemies":"Transient","floor":44,"turns":5},{"damage":9,"enemies":"Jaw Worm Horde","floor":46,"turns":4},{"damage":0,"enemies":"Sphere and 2 Shapes","floor":48,"turns":3},{"damage":40,"enemies":"Awakened One","floor":50,"turns":9}],"seed_played":"7416270293369856216","potions_obtained":[{"floor":3,"key":"Energy Potion"},{"floor":4,"key":"Poison Potion"},{"floor":8,"key":"BloodPotion"},{"floor":12,"key":"Weak Potion"},{"floor":16,"key":"GamblersBrew"},{"floor":24,"key":"Weak Potion"},{"floor":28,"key":"SpeedPotion"},{"floor":30,"key":"FearPotion"},{"floor":35,"key":"AttackPotion"},{"floor":38,"key":"PowerPotion"},{"floor":39,"key":"LiquidBronze"},{"floor":48,"key":"PowerPotion"}],"is_trial":false,"path_per_floor":["M","M","M","M","M","E","R","E","T","R","M","M","?","$","R","B",null,"M","M","M","M","$","R","E","?","T","R","M","$","M","$","R","B",null,"M","?","M","M","M","R","M","R","T","M","R","M","$","M","R","B",null],"character_chosen":"IRONCLAD","items_purchased":["Spot Weakness","SkillPotion"],"campfire_rested":1,"item_purchase_floors":[14,47],"current_hp_per_floor":[80,80,80,71,75,70,70,75,75,75,80,80,80,80,80,31,80,80,80,71,76,76,76,40,35,45,45,50,50,49,49,49,17,90,79,79,80,74,70,70,58,58,58,64,64,61,61,67,90,56],"gold":36,"neow_bonus":"UPGRADE_CARD","is_prod":false,"is_daily":false,"chose_seed":false,"campfire_upgraded":9,"win_rate":0.0,"timestamp":1550401297,"path_taken":["M","M","M","M","M","E","R","E","T","R","M","M","?","$","R","BOSS","M","M","M","M","$","R","E","?","T","R","M","$","M","$","R","BOSS","M","?","M","M","M","R","M","R","T","M","R","M","$","M","R","BOSS"],"build_version":"2019-01-23","purchased_purges":5,"victory":true,"max_hp_per_floor":[80,80,80,80,80,80,80,80,80,80,80,80,80,80,80,80,80,80,80,80,80,80,80,80,80,90,90,90,90,90,90,90,90,90,90,90,90,90,90,90,90,90,90,90,90,90,90,90,90,90],"card_choices":[{"not_picked":["Twin Strike","Anger"],"picked":"Armaments","floor":1},{"not_picked":["Perfected Strike","Twin Strike"],"picked":"Body Slam","floor":2},{"not_picked":["Armaments","Heavy Blade"],"picked":"Cleave","floor":3},{"not_picked":["Rampage","Heavy Blade"],"picked":"Shrug It Off","floor":4},{"not_picked":["True Grit","Cleave"],"picked":"Headbutt","floor":5},{"not_picked":["Brutality","Rupture"],"picked":"Shrug It Off","floor":6},{"not_picked":["Burning Pact","Clash","Uppercut"],"picked":"SKIP","floor":8},{"not_picked":["Clothesline","Carnage"],"picked":"Flame Barrier","floor":11},{"not_picked":["Heavy Blade","Thunderclap"],"picked":"Iron Wave","floor":12},{"not_picked":["Double Tap","Berserk"],"picked":"Juggernaut","floor":16},{"not_picked":["Pommel Strike","Infernal Blade","Battle Trance"],"picked":"SKIP","floor":18},{"not_picked":["Blood for Blood","Headbutt","Power Through"],"picked":"SKIP","floor":19},{"not_picked":["Corruption+1","Headbutt"],"picked":"Pommel Strike+1","floor":20},{"not_picked":["Iron Wave","Combust+1","Twin Strike+1"],"picked":"SKIP","floor":21},{"not_picked":["Pommel Strike","Thunderclap"],"picked":"Metallicize","floor":24},{"not_picked":["Whirlwind","Intimidate","Clothesline"],"picked":"SKIP","floor":28},{"not_picked":["Berserk","Sword Boomerang"],"picked":"Body Slam","floor":30},{"not_picked":["Impervious","Berserk"],"picked":"Limit Break","floor":33},{"not_picked":["Shockwave"],"picked":"SKIP","floor":35},{"not_picked":[],"picked":"Madness","floor":36},{"not_picked":["Warcry"],"picked":"SKIP","floor":37},{"not_picked":["Dropkick+1"],"picked":"SKIP","floor":38},{"not_picked":["Cleave"],"picked":"SKIP","floor":39},{"not_picked":["Thunderclap"],"picked":"SKIP","floor":41},{"not_picked":["Sword Boomerang+1"],"picked":"SKIP","floor":44},{"not_picked":["Sever Soul"],"picked":"SKIP","floor":46},{"not_picked":["Shrug It Off"],"picked":"SKIP","floor":48}],"player_experience":33787,"relics_obtained":[{"floor":6,"key":"Bag of Preparation"},{"floor":8,"key":"Whetstone"},{"floor":9,"key":"Vajra"},{"floor":24,"key":"Pen Nib"},{"floor":25,"key":"Red Mask"},{"floor":26,"key":"Pear"},{"floor":43,"key":"Centennial Puzzle"}],"event_choices":[{"damage_healed":0,"gold_gain":0,"player_choice":"Ignored","damage_taken":0,"max_hp_gain":0,"max_hp_loss":0,"event_name":"Liars Game","floor":13,"gold_loss":0},{"damage_healed":0,"gold_gain":0,"player_choice":"Fought Bandits","damage_taken":0,"max_hp_gain":0,"max_hp_loss":0,"event_name":"Masked Bandits","floor":25,"gold_loss":0},{"damage_healed":0,"gold_gain":0,"player_choice":"Memory 1","damage_taken":0,"max_hp_gain":0,"max_hp_loss":0,"event_name":"SensoryStone","floor":36,"gold_loss":0}],"is_beta":false,"boss_relics":[{"not_picked":["Black Star","Astrolabe"],"picked":"Mark of Pain"},{"not_picked":["Empty Cage","Velvet Choker"],"picked":"Busted Crown"}],"items_purged_floors":[14,22,29,31,47],"is_endless":false,"potions_floor_spawned":[3,4,8,12,16,24,28,30,35,38,39,48],"ascension_level":0}