{"gold_per_floor":[115,19,19,31,106,106,140,65,65,81,31,31,42,52,52,154,154,174,134,233,253,101,101,129,129,129,129,142,162,213,229,229,326,326,340,351,44,44,58,58,68,17,44,44,44],"floor_reached":45,"playtime":2972,"items_purged":["Strike_G","Backflip"],"score":475,"play_id":"102a91a8-49ef-451e-b4a8-1cf6e4b04993","local_time":"20190228131038","is_ascension_mode":true,"campfire_choices":[{"floor":6,"key":"REST"},{"floor":12,"key":"REST"},{"floor":15,"key":"REST"},{"floor":23,"key":"REST"},{"floor":25,"key":"REST"},{"floor":27,"key":"REST"},{"floor":32,"key":"REST"},{"floor":40,"key":"REST"},{"floor":44,"key":"REST"}],"neow_cost":"NONE","seed_source_timestamp":516914167676101,"circlet_count":0,"master_deck":["Defend_G","Defend_G","Defend_G","Defend_G","Strike_G","Strike_G","Survivor","Neutralize","Deflect","Noxious Fumes","Sucker Punch","Terror","Distraction","Poisoned Stab","Deflect","Tools of the Trade","Well Laid Plans","Bouncing Flask","Dodge and Roll+1","Venomology","Backflip+1","Footwork","Parasite","Deadly Poison"],"relics":["Fusion Hammer","Strawberry","Boot","Pantograph","Busted Crown","Snake Skull","Red Mask","Question Card","Vajra","Empty Cage","Tiny Chest","Juzu Bracelet"],"potions_floor_usage":[16,28,28,33,35,36,39,39,41,41,45],"damage_taken":[{"damage":5,"enemies":"Cultist","floor":1,"turns":5},{"damage":0,"enemies":"Jaw Worm","floor":4,"turns":4},{"damage":55,"enemies":"Gremlin Nob","floor":7,"turns":5},{"damage":4,"enemies":"2 Louse","floor":10,"turns":2},{"damage":4,"enemies":"Blue Slaver","floor":13,"turns":4},{"damage":0,"enemies":"Looter","floor":14,"turns":4},{"damage":30,"enemies":"Slime Boss","floor":16,"turns":14},{"damage":25,"enemies":"3 Byrds","floor":18,"turns":6},{"damage":0,"enemies":"Chosen","floor":21,"turns":6},{"damage":63,"enemies":"Masked Bandits","floor":24,"turns":6},{"damage":10,"enemies":"Snecko","floor":28,"turns":6},{"damage":33,"enemies":"Shelled Parasite and Fungi","floor":29,"turns":4},{"damage":14,"enemies":"Centurion and Healer","floor":31,"turns":6},{"damage":32,"enemies":"Automaton","floor":33,"turns":10},{"damage":35,"enemies":"3 Darklings","floor":35,"turns":6},{"damage":10,"enemies":"3 Shapes","floor":36,"turns":5},{"damage":8,"enemies":"Spire Growth","floor":39,"turns":5},{"damage":1,"enemies":"Writhing Mass","floor":41,"turns":7},{"damage":87,"enemies":"2 Orb Walkers","floor":45,"turns":4}],"seed_played":"-6731189739020747844","potions_obtained":[{"floor":7,"key":"SpeedPotion"},{"floor":10,"key":"Dexterity Potion"},{"floor":14,"key":"Regen Potion"},{"floor":24,"key":"Strength Potion"},{"floor":29,"key":"GamblersBrew"},{"floor":31,"key":"Weak Potion"},{"floor":33,"key":"Fire Potion"},{"floor":36,"key":"GhostInAJar"}],"is_trial":false,"path_per_floor":["M","$","T","M","?","R","E","$","T","M","?","R","M","M","R","B",null,"M","$","?","M","$","R","?","R","T","R","M","M","T","M","R","B",null,"M","M","$","?","M","R","M","$","T","R","?"],"character_chosen":"THE_SILENT","items_purchased":["Noxious Fumes","Sucker Punch","Well Laid Plans","Snake Skull","Footwork","Tiny Chest","Deadly Poison"],"campfire_rested":9,"item_purchase_floors":[2,2,19,22,37,37,42],"current_hp_per_floor":[65,65,72,72,61,77,22,22,22,18,18,41,37,37,60,50,77,52,52,52,52,52,75,12,35,35,58,48,15,15,1,24,17,77,42,32,32,32,24,47,46,46,46,69,0],"gold":44,"neow_bonus":"BOSS_RELIC","is_prod":false,"is_daily":false,"chose_seed":false,"campfire_upgraded":0,"win_rate":0,"timestamp":1551330638,"path_taken":["M","$","?","?","?","R","E","$","T","M","?","R","M","M","R","BOSS","M","$","?","M","$","R","?","R","T","R","M","?","?","M","R","BOSS","M","?","$","?","M","R","?","?","T","R","?"],"build_version":"2019-01-23","purchased_purges":2,"victory":false,"max_hp_per_floor":[70,70,77,77,77,77,77,77,77,77,77,77,77,77,77,77,77,77,77,77,77,77,77,77,77,77,77,77,77,77,77,77,77,77,77,77,77,77,77,77,77,77,77,77,77],"card_choices":[{"not_picked":["Outmaneuver","Flying Knee"],"picked":"Deflect","floor":1},{"not_picked":["Expertise","Cloak And Dagger"],"picked":"Terror","floor":4},{"not_picked":["Underhanded Strike","Cloak And Dagger"],"picked":"Distraction","floor":7},{"not_picked":["Heel Hook","Slice"],"picked":"Poisoned Stab","floor":10},{"not_picked":["Storm of Steel","Cloak And Dagger"],"picked":"Deflect","floor":13},{"not_picked":["Reflex","Endless Agony"],"picked":"Backflip","floor":14},{"not_picked":["Glass Knife","Doppelganger"],"picked":"Tools of the Trade","floor":16},{"not_picked":["Acrobatics"],"picked":"SKIP","floor":18},{"not_picked":["Calculated Gamble+1"],"picked":"SKIP","floor":21},{"not_picked":["Bane+1"],"picked":"Bouncing Flask","floor":28},{"not_picked":["Skewer"],"picked":"Dodge and Roll+1","floor":29},{"not_picked":["Calculated Gamble","Dagger Spray"],"picked":"SKIP","floor":31},{"not_picked":["Die Die Die"],"picked":"Venomology","floor":33},{"not_picked":["Tactician+1"],"picked":"Backflip+1","floor":35},{"not_picked":["Acrobatics+1","Bane+1"],"picked":"SKIP","floor":36},{"not_picked":["Backflip","Prepared"],"picked":"SKIP","floor":39},{"not_picked":["Skewer+1","Backflip+1"],"picked":"SKIP","floor":41}],"player_experience":109636,"relics_obtained":[{"floor":3,"key":"Strawberry"},{"floor":7,"key":"Boot"},{"floor":9,"key":"Pantograph"},{"floor":24,"key":"Red Mask"},{"floor":26,"key":"Question Card"},{"floor":30,"key":"Vajra"},{"floor":43,"key":"Juzu Bracelet"}],"event_choices":[{"damage_healed":0,"gold_gain":75,"player_choice":"Gather Gold","damage_taken":11,"max_hp_gain":0,"max_hp_loss":0,"event_name":"World of Goop","floor":5,"gold_loss":0},{"cards_removed":["Strike_G"],"damage_healed":0,"gold_gain":0,"player_choice":"Card Removal","damage_taken":0,"max_hp_gain":0,"max_hp_loss":0,"event_name":"The Cleric","floor":11,"gold_loss":50},{"damage_healed":0,"gold_gain":99,"player_choice":"Stole From Cult","damage_taken":0,"max_hp_gain":0,"max_hp_loss":0,"event_name":"Nest","floor":20,"gold_loss":0},{"damage_healed":0,"gold_gain":0,"player_choice":"Fought Bandits","damage_taken":0,"max_hp_gain":0,"max_hp_loss":0,"event_name":"Masked Bandits","floor":24,"gold_loss":0},{"damage_healed":0,"gold_gain":0,"player_choice":"Ignored","damage_taken":0,"max_hp_gain":0,"max_hp_loss":0,"event_name":"SecretPortal","floor":38,"gold_loss":0},{"damage_healed":0,"gold_gain":0,"player_choice":"Fight","damage_taken":0,"max_hp_gain":0,"max_hp_loss":0,"event_name":"Mysterious Sphere","floor":45,"gold_loss":0}],"is_beta":false,"boss_relics":[{"not_picked":["Philosopher\u0027s Stone","Runic Dome"],"picked":"Busted Crown"},{"not_picked":["Lizard Tail","Coffee Dripper"],"picked":"Empty Cage"}],"items_purged_floors":[8,37],"is_endless":false,"potions_floor_spawned":[7,10,14,24,29,31,33,36],"killed_by":"2 Orb Walkers","ascension_level":3}