{"gold_per_floor":[117,127,140,152,164,164,194,194,271,271,271,307,307,13,13,13],"floor_reached":16,"playtime":858,"items_purged":[],"score":165,"play_id":"347f9701-dac5-4d79-93d3-ad88a1ab049d","local_time":"20181108015742","is_ascension_mode":true,"campfire_choices":[{"data":"Body Slam","floor":6,"key":"SMITH"},{"data":"Barricade","floor":8,"key":"SMITH"},{"data":"True Grit","floor":10,"key":"SMITH"},{"floor":13,"key":"REST"},{"data":"1","floor":15,"key":"LIFT"}],"neow_cost":"NONE","seed_source_timestamp":1170538019396623,"circlet_count":0,"master_deck":["AscendersBane","Strike_R","Strike_R","Strike_R","Strike_R","Strike_R","Defend_R","Defend_R","Defend_R","Defend_R","Bash","Impervious","Inflame","Wild Strike","Body Slam+1","True Grit+1","Disarm","Barricade+1"],"relics":["Burning Blood","Orichalcum","Gremlin Horn","Golden Idol","Girya","Incense Burner"],"potions_floor_usage":[7,12],"damage_taken":[{"damage":1,"enemies":"Cultist","floor":1,"turns":3},{"damage":7,"enemies":"Jaw Worm","floor":2,"turns":4},{"damage":0,"enemies":"Small Slimes","floor":3,"turns":3},{"damage":14,"enemies":"Blue Slaver","floor":4,"turns":5},{"damage":6,"enemies":"Large Slime","floor":5,"turns":7},{"damage":30,"enemies":"Lagavulin","floor":7,"turns":8},{"damage":9,"enemies":"Gremlin Nob","floor":12,"turns":4},{"damage":56,"enemies":"Slime Boss","floor":16,"turns":13}],"seed_played":"4618499995074253632","potions_obtained":[{"floor":2,"key":"SteroidPotion"},{"floor":3,"key":"Ancient Potion"},{"floor":4,"key":"GamblersBrew"}],"is_trial":false,"path_per_floor":["M","M","M","M","M","R","E","R","T","R","?","E","R","$","R","B"],"character_chosen":"IRONCLAD","items_purchased":["Incense Burner"],"campfire_rested":1,"item_purchase_floors":[14],"current_hp_per_floor":[77,76,80,72,72,72,48,48,48,48,28,25,49,49,49,0],"gold":13,"neow_bonus":"ONE_RANDOM_RARE_CARD","is_prod":false,"is_daily":false,"chose_seed":false,"campfire_upgraded":3,"win_rate":0,"timestamp":1541671062,"path_taken":["M","M","M","M","M","R","E","R","T","R","?","E","R","$","R","BOSS"],"build_version":"2018-11-07","purchased_purges":0,"victory":false,"max_hp_per_floor":[80,80,80,80,80,80,80,80,80,80,80,80,80,80,80,80],"card_choices":[{"not_picked":["Twin Strike","Pummel"],"picked":"Inflame","floor":1},{"not_picked":["Whirlwind","Flex"],"picked":"Wild Strike","floor":2},{"not_picked":["Twin Strike","Sword Boomerang"],"picked":"Body Slam","floor":3},{"not_picked":["Twin Strike","Cleave"],"picked":"True Grit","floor":4},{"not_picked":["Metallicize","Perfected Strike"],"picked":"Disarm","floor":5},{"not_picked":["Seeing Red","Bloodletting"],"picked":"Barricade","floor":7},{"not_picked":["Searing Blow","Burning Pact","Sword Boomerang"],"picked":"SKIP","floor":12}],"player_experience":633518,"relics_obtained":[{"floor":7,"key":"Orichalcum"},{"floor":9,"key":"Gremlin Horn"},{"floor":12,"key":"Girya"}],"event_choices":[{"damage_healed":0,"gold_gain":0,"player_choice":"Take Damage","damage_taken":20,"relics_obtained":["Golden Idol"],"max_hp_gain":0,"max_hp_loss":0,"event_name":"Golden Idol","floor":11,"gold_loss":0}],"is_beta":true,"boss_relics":[],"items_purged_floors":[],"is_endless":false,"potions_floor_spawned":[2,3,4],"killed_by":"Slime Boss","ascension_level":10}