{"path_per_floor":["M","?","M","?","M","R","E","R","T","M","R","$","$","M","R","B",null,"M","?","M","M","?","R","M","R","T","M","R","E","R","$","R","B",null,"M","?","M","?","?","R","M","R","T","M","$","M","R","$","R","B"],"character_chosen":"IRONCLAD","items_purchased":["Metallicize","Flame Barrier","Heavy Blade","Lantern","Shrug It Off","Finesse","Inflame","Shrug It Off","Heavy Blade"],"gold_per_floor":[119,119,134,134,152,152,186,186,212,232,232,80,2,21,21,117,117,127,307,317,331,331,331,341,341,395,410,410,435,435,22,22,126,126,145,145,164,164,164,164,174,174,174,191,65,80,80,31,31,31],"floor_reached":51,"campfire_rested":3,"playtime":2145,"current_hp_per_floor":[80,80,80,85,85,85,61,61,61,53,53,53,53,55,55,48,88,92,68,60,35,35,35,31,61,61,67,67,43,78,78,78,20,118,106,106,117,117,117,117,114,114,114,92,92,103,103,103,128,61],"items_purged":["Strike_R","Strike_R"],"gold":31,"score":740,"play_id":"359ff105-6cd7-4da2-b2cf-1de696be6c5b","local_time":"20180314034333","is_prod":false,"is_daily":false,"is_ascension_mode":false,"campfire_upgraded":10,"timestamp":1521024213,"path_taken":["M","?","M","?","M","R","E","R","T","M","R","?","$","M","R","BOSS","M","?","M","M","?","R","M","R","T","M","R","E","R","$","R","BOSS","M","?","?","?","?","R","M","R","T","M","$","M","R","?","R","BOSS"],"build_version":"2018-03-09","purchased_purges":3,"victory":true,"master_deck":["Strike_R","Defend_R","Defend_R","Defend_R","Defend_R","Bash+1","Armaments+1","Headbutt","Spot Weakness+1","Twin Strike","Battle Trance","Metallicize+1","Flame Barrier","Feed","Feed","Pummel","Metallicize+1","Shrug It Off+1","Entrench+1","Heavy Blade+1","Shrug It Off","Finesse","Impervious","Flex","Inflame+1","Pummel+1","Body Slam+1","Pommel Strike","Inflame+1","Shrug It Off","Cleave","Heavy Blade"],"max_hp_per_floor":[80,80,80,85,85,85,85,85,85,85,85,85,85,85,85,88,88,92,92,95,98,98,98,101,101,101,108,108,118,118,118,118,118,118,118,118,121,121,121,121,121,121,121,125,125,128,128,128,128,132],"relics":["Burning Blood","Mummified Hand","Bag of Preparation","Runic Cube","Blood Vial","Pear","Lantern","Philosopher\u0027s Stone","Unceasing Top"],"card_choices":[{"not_picked":["Bloodletting","Clothesline"],"picked":"Armaments"},{"not_picked":["Iron Wave","Heavy Blade"],"picked":"Headbutt"},{"not_picked":["Pommel Strike","Clash"],"picked":"Spot Weakness"},{"not_picked":["Perfected Strike","Clash"],"picked":"Twin Strike"},{"not_picked":["Feel No Pain","Burning Pact"],"picked":"Battle Trance"},{"not_picked":["Clash","Armaments"],"picked":"Feed"},{"not_picked":["Immolate","Dark Embrace"],"picked":"Feed"},{"not_picked":["Rampage","Sword Boomerang"],"picked":"Pummel"},{"not_picked":["Wild Strike","Perfected Strike"],"picked":"Metallicize"},{"not_picked":["Clash","Flex"],"picked":"Shrug It Off"},{"not_picked":["Pommel Strike","Armaments"],"picked":"Entrench"},{"not_picked":["Clothesline","Blood for Blood"],"picked":"Inflame"},{"not_picked":["Fiend Fire","Dark Embrace"],"picked":"Impervious"},{"not_picked":["Power Through","Battle Trance"],"picked":"Flex"},{"not_picked":["Clothesline","Iron Wave"],"picked":"Inflame"},{"not_picked":["Wild Strike","Sever Soul"],"picked":"Body Slam"},{"not_picked":["Havoc","Rupture"],"picked":"Pommel Strike"},{"not_picked":["Warcry","Flame Barrier"],"picked":"Cleave"}],"player_experience":239617,"potions_floor_usage":[7,18,33,33,33,50,50],"damage_taken":[{"damage":6,"enemies":"Jaw Worm","floor":1,"turns":4},{"damage":5,"enemies":"Cultist","floor":3,"turns":4},{"damage":0,"enemies":"Small Slimes","floor":5,"turns":3},{"damage":30,"enemies":"Lagavulin","floor":7,"turns":9},{"damage":14,"enemies":"Blue Slaver","floor":10,"turns":3},{"damage":4,"enemies":"Large Slime","floor":14,"turns":5},{"damage":16,"enemies":"Slime Boss","floor":16,"turns":10},{"damage":3,"enemies":"Shell Parasite","floor":18,"turns":5},{"damage":17,"enemies":"3 Byrds","floor":20,"turns":5},{"damage":34,"enemies":"Slaver and Parasite","floor":21,"turns":7},{"damage":13,"enemies":"Sentry and Sphere","floor":24,"turns":12},{"damage":9,"enemies":"Centurion and Healer","floor":27,"turns":5},{"damage":42,"enemies":"Gremlin Leader","floor":29,"turns":9},{"damage":66,"enemies":"Champ","floor":33,"turns":14},{"damage":18,"enemies":"Orb Walker","floor":35,"turns":5},{"damage":0,"enemies":"3 Shapes","floor":37,"turns":9},{"damage":11,"enemies":"Maw","floor":41,"turns":7},{"damage":34,"enemies":"4 Shapes","floor":44,"turns":11},{"damage":0,"enemies":"3 Darklings","floor":46,"turns":5},{"damage":92,"enemies":"Donu and Deca","floor":50,"turns":8}],"event_choices":[{"event_name":"The Lab","player_choice":"Got Potions","floor":2,"damage_taken":0},{"event_name":"Big Fish","player_choice":"Donut","floor":4,"damage_taken":0},{"event_name":"Knowing Skull","player_choice":"GOLD GOLD ","floor":19,"damage_taken":0},{"event_name":"The Mausoleum","player_choice":"No","floor":22,"damage_taken":0},{"event_name":"Transmorgrifier","player_choice":"Transform","floor":38,"damage_taken":0},{"event_name":"Mysterious Sphere","player_choice":"Ignore","floor":39,"damage_taken":0}],"boss_relics":[{"not_picked":["Runic Pyramid","Astrolabe"],"picked":"Runic Cube"},{"not_picked":["Eternal Feather","Velvet Choker"],"picked":"Philosopher\u0027s Stone"}],"potions_floor_spawned":[1,14,16,29,33,44,46],"seed_played":"4658331704942927740","ascension_level":0,"is_trial":false}