{"path_per_floor":["M","?","$","?","$","R","M","M","T","R","E","M","M","M","R","B",null,"M","?","$","M","M","E","M","R","T","R","M","M","$","M","R","B",null,"M","M","?","?","T","E","R","$","T","R","M","$","?","M","R","B"],"character_chosen":"THE_SILENT","items_purchased":["Finesse","Ancient Potion","Weak Potion","Grand Finale"],"gold_per_floor":[114,114,39,114,14,14,30,48,48,48,80,95,106,119,119,219,219,231,231,59,69,89,120,131,131,181,181,201,219,19,36,36,135,135,152,168,168,168,168,197,197,57,111,111,127,17,17,36,36,36],"floor_reached":51,"campfire_rested":3,"playtime":7670,"current_hp_per_floor":[54,36,36,25,25,45,43,43,43,43,36,35,35,33,33,23,56,56,56,56,55,47,9,2,22,22,22,22,15,15,4,24,21,56,35,34,50,50,50,49,59,59,59,67,67,67,67,67,67,67],"items_purged":["Parasite","Strike_G","Strike_G","Strike_G","Writhe"],"gold":36,"play_id":"181fba5e-97e1-4eeb-b252-4bfd241125b3","is_prod":false,"is_daily":false,"is_ascension_mode":true,"campfire_upgraded":6,"path_taken":["M","?","$","?","?","R","M","M","T","R","E","M","M","M","R","BOSS","M","?","$","M","?","E","M","R","T","R","M","?","?","M","R","BOSS","M","M","?","?","?","E","R","$","T","R","M","$","?","?","R","BOSS"],"build_version":"2018-02-01-PROD3","purchased_purges":8,"victory":true,"master_deck":["Defend_G","Defend_G","Defend_G","Defend_G","Defend_G","Survivor","Neutralize+1","Acrobatics","Backflip","Calculated Gamble+1","Burst+1","Heel Hook","Night Terror","Prepared","Finesse","Acrobatics+1","Outmaneuver+1","Acrobatics+1","Footwork+1","Noxious Fumes","Tactician+1","Reflex+1","Concentrate+1","Grand Finale+1","Noxious Fumes"],"max_hp_per_floor":[70,70,67,67,67,67,67,67,67,67,67,67,67,67,67,67,67,67,67,67,67,67,67,67,67,67,67,67,67,67,67,67,67,67,67,67,67,67,67,67,67,67,67,67,67,67,67,67,67,67],"relics":["Ring of the Snake","Letter Opener","Happy Flower","The Courier","Question Card","Dream Catcher","War Paint","Eternal Feather","Calipers","Tough Bandages","Anchor"],"card_choices":[{"not_picked":["Underhanded Strike","Slice"],"picked":"Acrobatics"},{"not_picked":["Slice","Cloak And Dagger"],"picked":"Deadly Poison"},{"not_picked":["Endless Agony","Outmaneuver"],"picked":"Backflip"},{"not_picked":["Footwork","Deadly Poison"],"picked":"Calculated Gamble"},{"not_picked":["Outmaneuver","All Out Attack"],"picked":"Burst"},{"not_picked":["Leg Sweep","Dagger Throw"],"picked":"Heel Hook"},{"not_picked":["Burst","Corpse Explosion"],"picked":"Night Terror"},{"not_picked":["All Out Attack","Flying Knee","Backflip"],"picked":"Prepared"},{"not_picked":["Sucker Punch","Poisoned Stab","Bane"],"picked":"Acrobatics"},{"not_picked":["Infinite Blades","Envenom","Slice"],"picked":"Outmaneuver"},{"not_picked":["Deadly Poison","Bane","Outmaneuver"],"picked":"Acrobatics"},{"not_picked":["Blur","Dodge and Roll","Concentrate"],"picked":"Footwork"},{"not_picked":["Leg Sweep","Slice","Sucker Punch"],"picked":"Noxious Fumes"},{"not_picked":["Dagger Spray","Eviscerate","Sucker Punch"],"picked":"Tactician"},{"not_picked":["Underhanded Strike","Bane","Dagger Throw"],"picked":"Reflex"},{"not_picked":["Prepared","Flechettes","Infinite Blades"],"picked":"Concentrate"}],"player_experience":648665,"potions_floor_usage":[11,12,16,16,21,22,23,24,31],"damage_taken":[{"damage":9,"enemies":"Small Slimes","floor":1,"turns":5},{"damage":2,"enemies":"Jaw Worm","floor":7,"turns":6},{"damage":0,"enemies":"2 Louse","floor":8,"turns":3},{"damage":7,"enemies":"Lagavulin","floor":11,"turns":8},{"damage":1,"enemies":"Large Slime","floor":12,"turns":7},{"damage":0,"enemies":"2 Fungi Beasts","floor":13,"turns":3},{"damage":2,"enemies":"Exordium Wildlife","floor":14,"turns":3},{"damage":10,"enemies":"The Guardian","floor":16,"turns":11},{"damage":0,"enemies":"3 Byrds","floor":18,"turns":5},{"damage":1,"enemies":"Chosen","floor":21,"turns":4},{"damage":8,"enemies":"Snecko","floor":22,"turns":5},{"damage":38,"enemies":"Gremlin Leader","floor":23,"turns":10},{"damage":7,"enemies":"Centurion and Healer","floor":24,"turns":8},{"damage":0,"enemies":"Sentry and Sphere","floor":28,"turns":3},{"damage":7,"enemies":"Snecko","floor":29,"turns":7},{"damage":11,"enemies":"3 Cultists","floor":31,"turns":6},{"damage":3,"enemies":"Champ","floor":33,"turns":8},{"damage":21,"enemies":"3 Darklings","floor":35,"turns":5},{"damage":1,"enemies":"3 Shapes","floor":36,"turns":3},{"damage":1,"enemies":"Nemesis","floor":40,"turns":10},{"damage":0,"enemies":"Maw","floor":45,"turns":4},{"damage":0,"enemies":"4 Shapes","floor":48,"turns":2},{"damage":0,"enemies":"Awakened One","floor":50,"turns":4}],"event_choices":[{"event_name":"Scrap Ooze","player_choice":"success","floor":2,"damage_taken":18},{"event_name":"World of Goop","player_choice":"Gather Gold","floor":4,"damage_taken":0},{"event_name":"Back to Basics","player_choice":"Elegance","floor":19,"damage_taken":0},{"event_name":"Winding Halls","player_choice":"Writhe","floor":37,"damage_taken":0},{"event_name":"Transmorgrifier","player_choice":"Transform","floor":47,"damage_taken":0}],"boss_relics":[{"not_picked":["Philosopher\u0027s Stone","Calling Bell"],"picked":"Question Card"},{"not_picked":["Lizard Tail","Runic Pyramid"],"picked":"Eternal Feather"}],"potions_floor_spawned":[7,8,12,14,21,22,23,31,35,40],"seed_played":"-353446660105814272","ascension_level":10,"is_trial":false}