{"gold_per_floor":[116,116,129,147,159,159,189,189,216,216,231,231,231,264,264,363,363,348,273,283,69,79,111,111,129,156,185,185,198,231,251,251,355,355,365,297,297,4,24,24,36,50,50,150,150,150,150,150,150,150],"floor_reached":51,"playtime":3092,"items_purged":["Defend_G","Decay"],"score":1061,"play_id":"014ee964-1a00-4fd9-9d4b-f7c77749a379","local_time":"20190225152729","is_ascension_mode":true,"campfire_choices":[{"data":"Neutralize","floor":6,"key":"SMITH"},{"data":"Envenom","floor":8,"key":"SMITH"},{"data":"Dash","floor":10,"key":"SMITH"},{"data":"Dagger Spray","floor":12,"key":"SMITH"},{"data":"Leg Sweep","floor":15,"key":"SMITH"},{"data":"After Image","floor":24,"key":"SMITH"},{"data":"Burst","floor":28,"key":"SMITH"},{"data":"Infinite Blades","floor":32,"key":"SMITH"},{"data":"Noxious Fumes","floor":40,"key":"SMITH"},{"data":"A Thousand Cuts","floor":47,"key":"SMITH"},{"data":"Accuracy","floor":49,"key":"SMITH"}],"neow_cost":"NONE","seed_source_timestamp":898275380896103,"circlet_count":0,"master_deck":["Defend_G","Defend_G","Defend_G","Defend_G","Survivor","Neutralize+1","Cloak And Dagger","Dash+1","Dagger Spray+1","Envenom+1","Leg Sweep+1","Burst+1","Prepared+1","Terror+1","Concentrate+1","After Image+1","PiercingWail","Dagger Spray+1","Catalyst+1","Infinite Blades+1","A Thousand Cuts+1","Infinite Blades","Accuracy+1","Noxious Fumes+1","Dark Shackles"],"relics":["Sozu","Bag of Preparation","Bronze Scales","Orichalcum","Astrolabe","Bottled Flame","Centennial Puzzle","Anchor","Question Card","Lizard Tail","Strawberry","Sundial","Calipers"],"potions_floor_usage":[],"damage_taken":[{"damage":2,"enemies":"Cultist","floor":1,"turns":5},{"damage":0,"enemies":"Jaw Worm","floor":3,"turns":5},{"damage":0,"enemies":"2 Louse","floor":4,"turns":2},{"damage":0,"enemies":"Red Slaver","floor":5,"turns":3},{"damage":7,"enemies":"3 Sentries","floor":7,"turns":9},{"damage":0,"enemies":"Looter","floor":11,"turns":3},{"damage":15,"enemies":"Gremlin Nob","floor":14,"turns":4},{"damage":0,"enemies":"The Guardian","floor":16,"turns":12},{"damage":1,"enemies":"2 Thieves","floor":18,"turns":4},{"damage":2,"enemies":"Spheric Guardian","floor":20,"turns":6},{"damage":0,"enemies":"Snecko","floor":22,"turns":8},{"damage":4,"enemies":"Slavers","floor":23,"turns":8},{"damage":0,"enemies":"Shelled Parasite and Fungi","floor":25,"turns":6},{"damage":1,"enemies":"Book of Stabbing","floor":27,"turns":7},{"damage":0,"enemies":"Snake Plant","floor":29,"turns":5},{"damage":10,"enemies":"Slavers","floor":30,"turns":5},{"damage":2,"enemies":"Snecko","floor":31,"turns":6},{"damage":14,"enemies":"Automaton","floor":33,"turns":12},{"damage":5,"enemies":"3 Shapes","floor":35,"turns":4},{"damage":0,"enemies":"3 Darklings","floor":39,"turns":5},{"damage":35,"enemies":"Sphere and 2 Shapes","floor":41,"turns":7},{"damage":2,"enemies":"Maw","floor":42,"turns":6},{"damage":0,"enemies":"Mind Bloom Boss Battle","floor":44,"turns":5},{"damage":93,"enemies":"Donu and Deca","floor":50,"turns":12}],"seed_played":"2141930699885986633","potions_obtained":[],"is_trial":false,"path_per_floor":["M","?","M","M","M","R","E","R","T","R","M","R","?","E","R","B",null,"M","?","M","$","M","E","R","M","T","E","R","M","E","M","R","B",null,"M","$","?","$","M","R","M","M","T","?","?","?","R","?","R","B",null],"character_chosen":"THE_SILENT","items_purchased":["After Image","Accuracy","Noxious Fumes","Strawberry"],"campfire_rested":0,"item_purchase_floors":[21,36,38,38],"current_hp_per_floor":[61,61,61,61,61,61,54,54,54,54,54,54,47,32,32,32,61,60,60,58,58,58,54,54,54,54,53,53,53,43,41,41,27,59,54,54,54,61,61,61,26,24,24,24,24,67,67,67,67,17],"gold":150,"neow_bonus":"BOSS_RELIC","is_prod":false,"is_daily":false,"chose_seed":false,"campfire_upgraded":11,"win_rate":0,"timestamp":1551104849,"path_taken":["M","?","M","M","M","R","E","R","T","R","M","R","?","E","R","BOSS","M","?","M","$","M","E","R","M","T","E","R","M","E","M","R","BOSS","M","$","?","$","?","R","M","M","T","?","?","?","R","?","R","BOSS"],"build_version":"2019-01-23","purchased_purges":2,"victory":true,"max_hp_per_floor":[70,70,70,70,70,70,70,70,70,70,70,70,70,70,70,70,70,70,70,70,70,70,70,70,70,70,70,70,70,70,70,70,70,70,70,70,70,77,77,77,77,77,77,77,77,67,67,67,67,67],"card_choices":[{"not_picked":["Blade Dance","Deadly Poison"],"picked":"Cloak And Dagger","floor":1},{"not_picked":["Dagger Spray","Setup"],"picked":"Dash","floor":3},{"not_picked":["Quick Slash","Eviscerate"],"picked":"Dagger Spray","floor":4},{"not_picked":["Dagger Spray","Outmaneuver","Quick Slash"],"picked":"SKIP","floor":5},{"not_picked":["Deadly Poison","Slice"],"picked":"Envenom","floor":7},{"not_picked":["Concentrate","Dash","Prepared"],"picked":"SKIP","floor":11},{"not_picked":["Dagger Throw","Sucker Punch"],"picked":"Leg Sweep","floor":14},{"not_picked":["Grand Finale","Doppelganger"],"picked":"Burst","floor":16},{"not_picked":["Poisoned Stab+1","Calculated Gamble","Quick Slash"],"picked":"SKIP","floor":18},{"not_picked":["Reflex","Deadly Poison","Deflect"],"picked":"SKIP","floor":20},{"not_picked":["Acrobatics","Deadly Poison"],"picked":"PiercingWail","floor":22},{"not_picked":["Flechettes","Phantasmal Killer","Heel Hook+1"],"picked":"SKIP","floor":23},{"not_picked":["Dagger Throw","Dodge and Roll"],"picked":"Dagger Spray+1","floor":25},{"not_picked":["Masterful Stab","Leg Sweep+1"],"picked":"Catalyst+1","floor":27},{"not_picked":["Underhanded Strike","Outmaneuver","Flying Knee"],"picked":"SKIP","floor":29},{"not_picked":["Phantasmal Killer","Heel Hook+1"],"picked":"Infinite Blades","floor":30},{"not_picked":["Sucker Punch","Dodge and Roll+1","Dagger Throw","Heel Hook"],"picked":"SKIP","floor":31},{"not_picked":["Bullet Time","Night Terror","Tools of the Trade"],"picked":"A Thousand Cuts","floor":33},{"not_picked":["Dagger Spray+1","Terror","Flying Knee+1"],"picked":"Infinite Blades","floor":35},{"not_picked":["Prepared+1","PiercingWail","Skewer","Underhanded Strike+1"],"picked":"SKIP","floor":39},{"not_picked":["Endless Agony+1","Calculated Gamble","Storm of Steel","PiercingWail+1"],"picked":"SKIP","floor":41},{"not_picked":["Flying Knee","Outmaneuver+1","Dagger Spray+1","Deflect+1"],"picked":"SKIP","floor":42},{"not_picked":["Finesse","Jack Of All Trades","Bandage Up"],"picked":"Dark Shackles","floor":45}],"player_experience":498137,"relics_obtained":[{"floor":7,"key":"Bag of Preparation"},{"floor":9,"key":"Bronze Scales"},{"floor":14,"key":"Orichalcum"},{"floor":23,"key":"Bottled Flame"},{"floor":26,"key":"Centennial Puzzle"},{"floor":27,"key":"Anchor"},{"floor":30,"key":"Question Card"},{"floor":43,"key":"Sundial"},{"floor":44,"key":"Calipers"}],"event_choices":[{"damage_healed":0,"gold_gain":0,"player_choice":"Ignored","damage_taken":0,"max_hp_gain":0,"max_hp_loss":0,"event_name":"Liars Game","floor":2,"gold_loss":0},{"cards_removed":["Strike_G"],"damage_healed":0,"gold_gain":0,"player_choice":"Card Removal","damage_taken":7,"max_hp_gain":0,"max_hp_loss":0,"event_name":"Golden Wing","floor":13,"gold_loss":0},{"cards_removed":["Strike_G"],"damage_healed":0,"gold_gain":0,"player_choice":"Gave Gold","damage_taken":0,"max_hp_gain":0,"max_hp_loss":0,"event_name":"Beggar","floor":19,"gold_loss":75},{"damage_healed":0,"gold_gain":0,"player_choice":"Cursed","damage_taken":0,"max_hp_gain":0,"max_hp_loss":0,"event_name":"Wheel of Change","floor":37,"gold_loss":0,"cards_obtained":["Decay"]},{"damage_healed":0,"gold_gain":0,"player_choice":"Fight","damage_taken":0,"max_hp_gain":0,"max_hp_loss":0,"event_name":"MindBloom","floor":44,"gold_loss":0},{"damage_healed":0,"gold_gain":0,"player_choice":"Memory 1","damage_taken":0,"max_hp_gain":0,"max_hp_loss":0,"event_name":"SensoryStone","floor":45,"gold_loss":0},{"damage_healed":67,"gold_gain":0,"player_choice":"Heal","damage_taken":0,"max_hp_gain":0,"max_hp_loss":10,"event_name":"The Moai Head","floor":46,"gold_loss":0},{"damage_healed":0,"gold_gain":0,"player_choice":"Ignored","damage_taken":0,"max_hp_gain":0,"max_hp_loss":0,"event_name":"Mysterious Sphere","floor":48,"gold_loss":0}],"is_beta":false,"boss_relics":[{"not_picked":["Snecko Eye","Pandora\u0027s Box"],"picked":"Astrolabe"},{"not_picked":["Tiny House","HoveringKite"],"picked":"Lizard Tail"}],"items_purged_floors":[21,38],"is_endless":false,"potions_floor_spawned":[5,7,16,18,29,30,31,33,41,42,44],"ascension_level":8}