{"gold_per_floor":[367,385,395,407,89,89,116,128,128,128,148,148,148],"floor_reached":13,"playtime":636,"items_purged":["Strike_R"],"score":135,"play_id":"97803145-0e4a-415c-973c-973908f6e95c","local_time":"20190227114109","is_ascension_mode":true,"campfire_choices":[{"data":"Body Slam","floor":6,"key":"SMITH"},{"data":"Metallicize","floor":10,"key":"SMITH"},{"data":"Bash","floor":12,"key":"SMITH"}],"neow_cost":"TEN_PERCENT_HP_LOSS","seed_source_timestamp":1059965555092317,"circlet_count":0,"master_deck":["AscendersBane","Strike_R","Strike_R","Strike_R","Strike_R","Defend_R","Defend_R","Defend_R","Defend_R","Bash+1","Body Slam+1","Flame Barrier","Shrug It Off","Impervious","Metallicize+1","Corruption","Double Tap","Pommel Strike"],"relics":["Burning Blood","Shuriken","Smiling Mask"],"potions_floor_usage":[7,8,13],"damage_taken":[{"damage":10,"enemies":"Small Slimes","floor":1,"turns":4},{"damage":7,"enemies":"2 Louse","floor":2,"turns":4},{"damage":7,"enemies":"Jaw Worm","floor":3,"turns":3},{"damage":10,"enemies":"2 Fungi Beasts","floor":4,"turns":5},{"damage":49,"enemies":"Gremlin Nob","floor":7,"turns":6},{"damage":11,"enemies":"Lots of Slimes","floor":8,"turns":6},{"damage":4,"enemies":"Red Slaver","floor":11,"turns":5},{"damage":17,"enemies":"Large Slime","floor":13,"turns":5}],"seed_played":"2956769727934275445","potions_obtained":[{"floor":1,"key":"Dexterity Potion"},{"floor":3,"key":"Energy Potion"},{"floor":11,"key":"SpeedPotion"}],"is_trial":false,"path_per_floor":["M","M","M","M","$","R","E","M","T","R","M","R","M"],"character_chosen":"IRONCLAD","items_purchased":["Impervious","Metallicize"],"campfire_rested":0,"item_purchase_floors":[5,5],"current_hp_per_floor":[68,67,66,62,62,62,19,14,14,14,16,16,0],"gold":148,"neow_bonus":"TWO_FIFTY_GOLD","is_prod":false,"is_daily":false,"chose_seed":false,"campfire_upgraded":3,"win_rate":0,"timestamp":1551264069,"path_taken":["M","M","M","M","$","R","E","M","T","R","M","R","M"],"build_version":"2019-01-23","purchased_purges":1,"victory":false,"max_hp_per_floor":[72,72,72,72,72,72,72,72,72,72,72,72,72],"card_choices":[{"not_picked":["Dropkick","Pummel","Intimidate"],"picked":"SKIP","floor":1},{"not_picked":["Clothesline","Entrench"],"picked":"Body Slam","floor":2},{"not_picked":["Heavy Blade","Rage"],"picked":"Flame Barrier","floor":3},{"not_picked":["Heavy Blade","Headbutt"],"picked":"Shrug It Off","floor":4},{"not_picked":["Shockwave","Warcry"],"picked":"Corruption","floor":7},{"not_picked":["Iron Wave","Fire Breathing"],"picked":"Double Tap","floor":8},{"not_picked":["Body Slam","Clothesline"],"picked":"Pommel Strike","floor":11}],"player_experience":588830,"relics_obtained":[{"floor":7,"key":"Shuriken"},{"floor":9,"key":"Smiling Mask"}],"event_choices":[],"is_beta":false,"boss_relics":[],"items_purged_floors":[5],"is_endless":false,"potions_floor_spawned":[1,3,11],"killed_by":"Large Slime","ascension_level":11}