{"path_per_floor":["M","M","M","M","M","R","E","R","T","?","E","R","E","M","R","B",null,"M","M","$","M","M","R","E","M","T","?","E","M","R","?","R","B",null,"M","M","$","M","?","R","E","R","T","R","E","M","R","?","R","B"],"character_chosen":"DEFECT","items_purchased":["Singing Bowl","Defragment","Steam Power","Defragment","Panache"],"gold_per_floor":[111,128,147,161,178,178,205,205,278,278,306,306,333,352,352,426,426,438,418,44,58,68,68,94,108,108,108,137,137,137,164,164,241,241,252,269,15,30,30,30,58,58,58,58,90,101,101,101,101,101],"floor_reached":51,"campfire_rested":2,"playtime":4490,"item_purchase_floors":[20,20,20,37,37],"current_hp_per_floor":[68,68,64,52,53,53,41,41,41,41,32,55,52,50,50,57,73,78,70,70,79,80,80,60,49,49,49,36,43,43,49,49,46,78,90,94,94,94,84,84,78,78,78,78,96,96,96,79,96,96],"items_purged":["Strike_B","Strike_B"],"gold":101,"score":1524,"play_id":"40359b75-7a3a-4df2-9310-2b173fa53e9e","local_time":"20180529153525","is_prod":false,"is_daily":false,"chose_seed":false,"is_ascension_mode":true,"campfire_upgraded":9,"win_rate":0,"timestamp":1527633325,"campfire_choices":[{"data":"Barrage","floor":6,"key":"SMITH"},{"data":"Seek","floor":8,"key":"SMITH"},{"floor":12,"key":"REST"},{"data":"Buffer","floor":15,"key":"SMITH"},{"data":"Defragment","floor":23,"key":"SMITH"},{"data":"Decay","floor":30,"key":"PURGE"},{"data":"Defragment","floor":32,"key":"SMITH"},{"data":"Mind Blast","floor":40,"key":"SMITH"},{"data":"Mind Blast","floor":42,"key":"SMITH"},{"data":"Apotheosis","floor":44,"key":"SMITH"},{"data":"Machine Learning","floor":47,"key":"SMITH"},{"floor":49,"key":"REST"}],"path_taken":["M","M","M","M","M","R","E","R","T","?","E","R","E","M","R","BOSS","M","M","$","?","M","R","E","M","T","?","E","M","R","?","R","BOSS","M","M","$","M","?","R","E","R","T","R","E","M","R","?","R","BOSS"],"build_version":"2018-05-28","seed_source_timestamp":88131343773725,"purchased_purges":2,"victory":true,"master_deck":["Strike_B","Strike_B","Defend_B","Defend_B","Defend_B","Defend_B","Zap","Dualcast","AscendersBane","Cold Snap","Cold Snap","Cold Snap","Barrage+1","Self Repair","Seek+1","Turbo","Compile Driver","Darkness","Buffer+1","Echo Form","Chill","Hologram","Force Field","Defragment+1","Steam Power","Creative AI","FTL+1","Reinforced Body","Defragment+1","All For One","Go for the Eyes+1","Defragment","Panache","Stack+1","Coolheaded+1","Apotheosis+1","Mind Blast+1","Mind Blast+1","Buffer","Injury","Steam+1","Machine Learning+1","Madness","Madness","Hologram"],"max_hp_per_floor":[78,78,78,78,78,78,78,78,78,78,78,78,78,78,78,78,78,78,78,78,80,80,80,82,86,86,86,88,88,88,88,88,88,88,90,94,94,94,94,94,94,94,94,94,96,96,96,96,96,96],"relics":["Cracked Core","Dream Catcher","Bottled Lightning","Prayer Wheel","Potion Belt","Runic Dome","Singing Bowl","The Courier","Peace Pipe","Emotion Chip","Red Mask","Cursed Key","Question Card","Juzu Bracelet","Unceasing Top"],"card_choices":[{"not_picked":["Capacitor","Steam Power"],"picked":"Cold Snap","floor":1},{"not_picked":["Turbo","Leap"],"picked":"Cold Snap","floor":2},{"not_picked":["Rebound","Leap"],"picked":"Cold Snap","floor":3},{"not_picked":["Amplify","Redo"],"picked":"Barrage","floor":4},{"not_picked":["Redo","Barrage"],"picked":"Self Repair","floor":5},{"not_picked":["Genetic Algorithm","BootSequence"],"picked":"Seek","floor":7},{"not_picked":["Redo","Multi-Cast"],"picked":"Turbo","floor":11},{"not_picked":["Streamline","Stack"],"picked":"Compile Driver","floor":12},{"not_picked":["Rip and Tear","Cold Snap"],"picked":"Darkness","floor":13},{"not_picked":["Rebound","Coolheaded"],"picked":"Buffer","floor":14},{"not_picked":["Turbo","Go for the Eyes","Undo"],"picked":"SKIP","floor":14},{"not_picked":["Meteor Strike","Rainbow"],"picked":"Echo Form","floor":16},{"not_picked":["Melter+1","Coolheaded"],"picked":"Chill","floor":18},{"not_picked":["Darkness","Rip and Tear","Ball Lightning"],"picked":"SKIP","floor":18},{"not_picked":["Rebound","Conserve Battery"],"picked":"Hologram","floor":19},{"not_picked":["Beam Cell","Cold Snap"],"picked":"Force Field","floor":19},{"not_picked":["Self Repair","Stack"],"picked":"Creative AI","floor":21},{"not_picked":["Barrage+1","Redo","Melter+1"],"picked":"Singing Bowl","floor":21},{"not_picked":["Steam","Barrage"],"picked":"FTL+1","floor":22},{"not_picked":["Double Energy","Tempest"],"picked":"Reinforced Body","floor":22},{"not_picked":["Redo+1","Steam","Rebound"],"picked":"Singing Bowl","floor":24},{"not_picked":["Cold Snap","Compile Driver","Go for the Eyes"],"picked":"Singing Bowl","floor":25},{"not_picked":["Redo","Chill","Beam Cell"],"picked":"Singing Bowl","floor":25},{"not_picked":["Fission","Force Field","Conserve Battery"],"picked":"Singing Bowl","floor":28},{"not_picked":["Hologram","Reprogram"],"picked":"Defragment","floor":31},{"not_picked":["Meteor Strike","Echo Form"],"picked":"All For One","floor":33},{"not_picked":["Turbo","Conserve Battery"],"picked":"Go for the Eyes+1","floor":35},{"not_picked":["Redo+1","Reinforced Body+1","Rebound"],"picked":"Singing Bowl","floor":35},{"not_picked":["Leap","Redo","Undo"],"picked":"Singing Bowl","floor":36},{"not_picked":["Streamline","Turbo","Recycle"],"picked":"Singing Bowl","floor":36},{"not_picked":["Go for the Eyes","Sunder"],"picked":"Stack+1","floor":38},{"not_picked":["Static Discharge","Chaos"],"picked":"Coolheaded+1","floor":38},{"not_picked":["Thinking Ahead","Deep Breath"],"picked":"Apotheosis","floor":39},{"not_picked":["Dark Shackles","Sadistic Nature"],"picked":"Mind Blast","floor":39},{"not_picked":["Jack Of All Trades","Panacea"],"picked":"Mind Blast","floor":39},{"not_picked":["Heatsinks","Hologram+1"],"picked":"Buffer","floor":41},{"not_picked":["Recycle","Darkness","Chill","Reprogram+1"],"picked":"Singing Bowl","floor":45},{"not_picked":["Go for the Eyes+1","Streamline","Storm+1"],"picked":"Steam+1","floor":46},{"not_picked":["Stack","Beam Cell+1","Go for the Eyes"],"picked":"Machine Learning","floor":46},{"not_picked":["Coolheaded","Go for the Eyes+1","Reprogram"],"picked":"Hologram","floor":49}],"player_experience":1689481,"potions_floor_usage":[4,5,11,24,28,29,50,50],"damage_taken":[{"damage":3,"enemies":"Small Slimes","floor":1,"turns":5},{"damage":0,"enemies":"2 Louse","floor":2,"turns":3},{"damage":4,"enemies":"Cultist","floor":3,"turns":3},{"damage":12,"enemies":"3 Louse","floor":4,"turns":2},{"damage":9,"enemies":"Blue Slaver","floor":5,"turns":5},{"damage":19,"enemies":"3 Sentries","floor":7,"turns":8},{"damage":16,"enemies":"Lagavulin","floor":11,"turns":7},{"damage":10,"enemies":"3 Sentries","floor":13,"turns":7},{"damage":9,"enemies":"Large Slime","floor":14,"turns":5},{"damage":0,"enemies":"Slime Boss","floor":16,"turns":7},{"damage":5,"enemies":"Shell Parasite","floor":18,"turns":7},{"damage":15,"enemies":"2 Thieves","floor":19,"turns":4},{"damage":0,"enemies":"Sentry and Sphere","floor":21,"turns":8},{"damage":10,"enemies":"Snecko","floor":22,"turns":8},{"damage":36,"enemies":"Slavers","floor":24,"turns":9},{"damage":29,"enemies":"Snake Plant","floor":25,"turns":9},{"damage":22,"enemies":"Book of Stabbing","floor":28,"turns":6},{"damage":0,"enemies":"Cultist and Chosen","floor":29,"turns":3},{"damage":8,"enemies":"Masked Bandits","floor":31,"turns":9},{"damage":17,"enemies":"Champ","floor":33,"turns":10},{"damage":0,"enemies":"Flame Bruiser 1 Orb","floor":35,"turns":8},{"damage":0,"enemies":"Orb Walker","floor":36,"turns":4},{"damage":5,"enemies":"Spire Growth","floor":38,"turns":5},{"damage":6,"enemies":"2 Orb Walkers","floor":41,"turns":3},{"damage":0,"enemies":"Nemesis","floor":45,"turns":4},{"damage":0,"enemies":"Transient","floor":46,"turns":5},{"damage":0,"enemies":"Donu and Deca","floor":50,"turns":6}],"relics_obtained":[{"floor":7,"key":"Dream Catcher"},{"floor":9,"key":"Bottled Lightning"},{"floor":11,"key":"Prayer Wheel"},{"floor":13,"key":"Potion Belt"},{"floor":24,"key":"The Courier"},{"floor":26,"key":"Peace Pipe"},{"floor":28,"key":"Emotion Chip"},{"floor":31,"key":"Red Mask"},{"floor":41,"key":"Question Card"},{"floor":43,"key":"Juzu Bracelet"},{"floor":45,"key":"Unceasing Top"}],"event_choices":[{"event_name":"Scrap Ooze","player_choice":"unsuccessful","floor":10,"damage_taken":0},{"event_name":"Forgotten Altar","player_choice":"Smashed Altar","floor":27,"damage_taken":0},{"event_name":"Masked Bandits","player_choice":"Fought over 137 gold","floor":31,"damage_taken":0},{"event_name":"SensoryStone","player_choice":"Memory 3","floor":39,"damage_taken":0},{"event_name":"Winding Halls","player_choice":"Embrace Madness","floor":48,"damage_taken":0}],"boss_relics":[{"not_picked":["Sozu","Astrolabe"],"picked":"Runic Dome"},{"not_picked":["Tiny House","Velvet Choker"],"picked":"Cursed Key"}],"items_purged_floors":[20,37],"potions_floor_spawned":[1,2,3,13,18,21,28,31,38,45,46],"seed_played":"7028351090758600519","ascension_level":15,"potions_obtained":[{"floor":1,"key":"Dexterity Potion"},{"floor":2,"key":"Explosive Potion"},{"floor":3,"key":"Regen Potion"},{"floor":13,"key":"EssenceOfSteel"},{"floor":18,"key":"LiquidBronze"},{"floor":21,"key":"SmokeBomb"},{"floor":28,"key":"Fire Potion"},{"floor":31,"key":"Dexterity Potion"},{"floor":38,"key":"GamblersBrew"},{"floor":45,"key":"Weak Potion"},{"floor":46,"key":"SneckoOil"}],"is_trial":false}