{"gold_per_floor":[113,130,145,164,182,182,196,224,224,224,254,254,265,285,285,384,384,403,403,92,108,126,126,146,146,169,169,186,200,200,230,230,334,334,351,351,363,46,57,57,70,70,145,158,173,473,0,18,18,18],"floor_reached":50,"playtime":3802,"items_purged":["Defend_B","Strike_B"],"score":618,"play_id":"6cd75f82-2c5d-4ccb-a042-d33763f55bda","local_time":"20190223132256","is_ascension_mode":true,"campfire_choices":[{"data":"Defragment","floor":6,"key":"SMITH"},{"data":"Self Repair","floor":10,"key":"SMITH"},{"data":"Zap","floor":12,"key":"SMITH"},{"floor":15,"key":"REST"},{"data":"Apotheosis","floor":23,"key":"SMITH"},{"data":"Echo Form","floor":25,"key":"SMITH"},{"data":"White Noise","floor":27,"key":"SMITH"},{"floor":32,"key":"REST"},{"data":"Chill","floor":40,"key":"SMITH"},{"floor":49,"key":"REST"}],"neow_cost":"NONE","seed_source_timestamp":717300361319792,"circlet_count":0,"master_deck":["Strike_B","Strike_B","Strike_B","Defend_B","Defend_B","Defend_B","Zap+1","Dualcast","BootSequence","Self Repair+1","Leap","Conserve Battery","Defragment+1","White Noise+1","Echo Form+1","Apotheosis+1","Capacitor","Coolheaded","White Noise+1","Ball Lightning+1","Cold Snap+1","Seek","Forethought","Chill+1","Loop","Creative AI"],"relics":["Cracked Core","Vajra","Turnip","Sundial","Tiny Chest","Sozu","Oddly Smooth Stone","Nilry\u0027s Codex","Happy Flower","Lizard Tail","DataDisk","Letter Opener","Old Coin","Red Mask"],"potions_floor_usage":[5,8,16,19],"damage_taken":[{"damage":0,"enemies":"Cultist","floor":1,"turns":3},{"damage":0,"enemies":"Small Slimes","floor":2,"turns":3},{"damage":0,"enemies":"Jaw Worm","floor":3,"turns":3},{"damage":9,"enemies":"Exordium Thugs","floor":4,"turns":5},{"damage":0,"enemies":"Lots of Slimes","floor":5,"turns":1},{"damage":3,"enemies":"Exordium Wildlife","floor":7,"turns":6},{"damage":32,"enemies":"Gremlin Nob","floor":8,"turns":4},{"damage":0,"enemies":"2 Fungi Beasts","floor":13,"turns":3},{"damage":1,"enemies":"Looter","floor":14,"turns":3},{"damage":33,"enemies":"Slime Boss","floor":16,"turns":8},{"damage":30,"enemies":"2 Thieves","floor":18,"turns":5},{"damage":0,"enemies":"3 Byrds","floor":19,"turns":2},{"damage":24,"enemies":"Cultist and Chosen","floor":21,"turns":8},{"damage":0,"enemies":"Snecko","floor":22,"turns":6},{"damage":14,"enemies":"Centurion and Healer","floor":24,"turns":8},{"damage":11,"enemies":"Sentry and Sphere","floor":28,"turns":7},{"damage":11,"enemies":"Shelled Parasite and Fungi","floor":29,"turns":4},{"damage":29,"enemies":"Slavers","floor":31,"turns":5},{"damage":11,"enemies":"Automaton","floor":33,"turns":11},{"damage":13,"enemies":"3 Shapes","floor":35,"turns":5},{"damage":0,"enemies":"Orb Walker","floor":37,"turns":3},{"damage":0,"enemies":"Maw","floor":39,"turns":8},{"damage":4,"enemies":"Spire Growth","floor":41,"turns":6},{"damage":35,"enemies":"Writhing Mass","floor":44,"turns":4},{"damage":38,"enemies":"Transient","floor":45,"turns":5},{"damage":23,"enemies":"4 Shapes","floor":48,"turns":7},{"damage":65,"enemies":"Time Eater","floor":50,"turns":5}],"seed_played":"8660853327781037048","potions_obtained":[{"floor":1,"key":"Explosive Potion"},{"floor":2,"key":"FairyPotion"},{"floor":3,"key":"AttackPotion"},{"floor":7,"key":"SmokeBomb"},{"floor":14,"key":"GamblersBrew"}],"is_trial":false,"path_per_floor":["M","M","M","M","M","R","M","E","T","R","?","R","M","M","R","B",null,"M","M","$","M","M","R","M","R","T","R","M","M","?","E","R","B",null,"M","?","M","$","M","R","M","$","T","M","M","T","?","M","R","B"],"character_chosen":"DEFECT","items_purchased":["Apotheosis","Capacitor","DataDisk","Loop"],"campfire_rested":3,"item_purchase_floors":[20,20,38,38],"current_hp_per_floor":[75,75,75,73,73,73,75,43,43,43,10,10,20,29,51,28,63,43,43,43,29,49,49,45,45,45,45,44,43,27,7,29,28,63,60,60,60,60,70,70,75,75,75,40,12,12,12,42,64,0],"gold":18,"neow_bonus":"RANDOM_COMMON_RELIC","is_prod":false,"is_daily":false,"chose_seed":false,"campfire_upgraded":7,"win_rate":0,"timestamp":1550924576,"path_taken":["M","M","M","M","?","R","M","E","T","R","?","R","M","M","R","BOSS","M","M","$","M","M","R","M","R","T","R","M","M","?","E","R","BOSS","M","?","M","?","M","R","M","$","T","?","?","?","?","M","R","BOSS"],"build_version":"2019-01-23","purchased_purges":2,"victory":false,"max_hp_per_floor":[75,75,75,75,75,75,75,75,75,75,75,75,75,75,75,75,75,75,75,75,75,75,75,75,75,75,75,75,75,75,75,75,75,75,75,75,75,75,75,75,75,75,75,75,75,75,75,75,75,75],"card_choices":[{"not_picked":["Sunder","Aggregate"],"picked":"BootSequence","floor":1},{"not_picked":["Sunder","Turbo"],"picked":"Self Repair","floor":2},{"not_picked":["Fusion","Sunder"],"picked":"Leap","floor":3},{"not_picked":["Heatsinks","Darkness"],"picked":"Conserve Battery","floor":4},{"not_picked":["BootSequence","Blizzard"],"picked":"Defragment","floor":5},{"not_picked":["Lockon","Self Repair","Rebound"],"picked":"SKIP","floor":7},{"not_picked":["Fusion","Redo","Rip and Tear"],"picked":"SKIP","floor":8},{"not_picked":["Go for the Eyes","Force Field"],"picked":"White Noise","floor":13},{"not_picked":["Leap","Redo","Barrage"],"picked":"SKIP","floor":14},{"not_picked":["Rainbow","Hyperbeam"],"picked":"Echo Form","floor":16},{"not_picked":["Fusion+1","Hologram+1","Stack"],"picked":"SKIP","floor":18},{"not_picked":["Streamline","Rebound+1"],"picked":"Coolheaded","floor":21},{"not_picked":["Rebound","Stack","Hologram"],"picked":"SKIP","floor":22},{"not_picked":["Coolheaded","Turbo+1"],"picked":"White Noise+1","floor":24},{"not_picked":["Beam Cell","Multi-Cast"],"picked":"Ball Lightning+1","floor":28},{"not_picked":["Auto Shields","Scrape"],"picked":"Cold Snap+1","floor":29},{"not_picked":["Redo","Cold Snap","Rebound"],"picked":"SKIP","floor":31},{"not_picked":["Amplify","All For One"],"picked":"Seek","floor":33},{"not_picked":["Beam Cell+1","Glacier","Melter"],"picked":"SKIP","floor":35},{"not_picked":["Deep Breath","Metamorphosis"],"picked":"Forethought","floor":36},{"not_picked":["Stack","Compile Driver+1"],"picked":"Chill","floor":37},{"not_picked":["Redo","Force Field+1","Static Discharge"],"picked":"SKIP","floor":39},{"not_picked":["Rebound+1","Stack","Auto Shields+1"],"picked":"SKIP","floor":41},{"not_picked":["Steam","Streamline+1"],"picked":"Creative AI","floor":44},{"not_picked":["Coolheaded","Barrage","Static Discharge"],"picked":"SKIP","floor":45},{"not_picked":["BootSequence","Compile Driver","Melter"],"picked":"SKIP","floor":48}],"player_experience":384908,"relics_obtained":[{"floor":8,"key":"Turnip"},{"floor":9,"key":"Sundial"},{"floor":26,"key":"Oddly Smooth Stone"},{"floor":30,"key":"Nilry\u0027s Codex"},{"floor":31,"key":"Happy Flower"},{"floor":43,"key":"Letter Opener"},{"floor":46,"key":"Old Coin"}],"event_choices":[{"damage_healed":0,"gold_gain":0,"player_choice":"Success","damage_taken":33,"relics_obtained":["Tiny Chest"],"max_hp_gain":0,"max_hp_loss":0,"event_name":"Scrap Ooze","floor":11,"gold_loss":0},{"damage_healed":0,"gold_gain":0,"player_choice":"Obtained Book","damage_taken":16,"max_hp_gain":0,"max_hp_loss":0,"event_name":"Cursed Tome","floor":30,"gold_loss":0},{"damage_healed":0,"gold_gain":0,"player_choice":"Memory 1","damage_taken":0,"max_hp_gain":0,"max_hp_loss":0,"event_name":"SensoryStone","floor":36,"gold_loss":0},{"damage_healed":0,"gold_gain":0,"player_choice":"Paid","damage_taken":0,"relics_obtained":["Red Mask"],"max_hp_gain":0,"max_hp_loss":0,"event_name":"Tomb of Lord Red Mask","floor":47,"gold_loss":473}],"is_beta":false,"boss_relics":[{"not_picked":["Fusion Hammer","FrozenCore"],"picked":"Sozu"},{"not_picked":["Pandora\u0027s Box","Tiny House"],"picked":"Lizard Tail"}],"items_purged_floors":[20,38],"is_endless":false,"potions_floor_spawned":[1,2,3,7,14,18,24,28,29,35,39],"killed_by":"Time Eater","ascension_level":5}