{"gold_per_floor":[110,110,110,129,129,163,163,188,188,153,169,169,196,216,216,312,312,324,341,357,125,40,67,67,67,141,141,41,41,56,70,70,175,175,185,185,205,27,1,1,15,29,54,54,64,75,75,94,94,94],"floor_reached":51,"playtime":2774,"items_purged":["Defend_G","Strike_G","Defend_G"],"score":1109,"play_id":"7d279087-9817-4d8c-9c89-0a78b9c4558b","local_time":"20190227230530","is_ascension_mode":true,"campfire_choices":[{"data":"Dash","floor":7,"key":"SMITH"},{"data":"Infinite Blades","floor":12,"key":"SMITH"},{"data":"Dagger Throw","floor":15,"key":"SMITH"},{"data":"Blade Dance","floor":24,"key":"SMITH"},{"data":"Infinite Blades","floor":27,"key":"SMITH"},{"data":"Backstab","floor":29,"key":"SMITH"},{"floor":32,"key":"REST"},{"data":"Noxious Fumes","floor":40,"key":"SMITH"},{"data":"Infinite Blades","floor":44,"key":"SMITH"},{"data":"Envenom","floor":47,"key":"SMITH"},{"floor":49,"key":"REST"}],"neow_cost":"NONE","seed_source_timestamp":1098877863631172,"circlet_count":0,"master_deck":["AscendersBane","Defend_G","Defend_G","Defend_G","Survivor","Neutralize+1","Dash+1","Dagger Throw+1","Backstab+1","Infinite Blades+1","Backflip","PiercingWail","PiercingWail+1","Tools of the Trade+1","Burst+1","Quick Slash","Blade Dance+1","Infinite Blades+1","Envenom+1","Noxious Fumes+1","Cloak And Dagger","Deadly Poison","Infinite Blades+1","Adrenaline","Crippling Poison"],"relics":["Ring of the Snake","NeowsBlessing","Dodecahedron","Lantern","Shuriken","Bag of Preparation","Astrolabe","Bag of Marbles","Strawberry","Boot","Bottled Lightning","Philosopher\u0027s Stone","Snake Skull"],"potions_floor_usage":[8,13,18,19,19,20,23,30,33,50,50],"damage_taken":[{"damage":0,"enemies":"2 Louse","floor":1,"turns":1},{"damage":0,"enemies":"Jaw Worm","floor":4,"turns":1},{"damage":0,"enemies":"Lagavulin","floor":6,"turns":1},{"damage":19,"enemies":"Gremlin Nob","floor":8,"turns":4},{"damage":4,"enemies":"Cultist","floor":11,"turns":3},{"damage":2,"enemies":"3 Sentries","floor":13,"turns":6},{"damage":1,"enemies":"Red Slaver","floor":14,"turns":3},{"damage":31,"enemies":"Slime Boss","floor":16,"turns":9},{"damage":11,"enemies":"Chosen","floor":18,"turns":9},{"damage":12,"enemies":"2 Thieves","floor":19,"turns":5},{"damage":0,"enemies":"Snake Plant","floor":20,"turns":5},{"damage":2,"enemies":"Slavers","floor":23,"turns":5},{"damage":0,"enemies":"Shelled Parasite and Fungi","floor":30,"turns":4},{"damage":0,"enemies":"Snecko","floor":31,"turns":4},{"damage":42,"enemies":"Automaton","floor":33,"turns":9},{"damage":2,"enemies":"Orb Walker","floor":35,"turns":4},{"damage":0,"enemies":"3 Shapes","floor":37,"turns":5},{"damage":3,"enemies":"Spire Growth","floor":41,"turns":4},{"damage":13,"enemies":"Jaw Worm Horde","floor":42,"turns":4},{"damage":9,"enemies":"Writhing Mass","floor":45,"turns":6},{"damage":16,"enemies":"Maw","floor":46,"turns":7},{"damage":0,"enemies":"Transient","floor":48,"turns":5},{"damage":45,"enemies":"Awakened One","floor":50,"turns":10}],"seed_played":"-1020800662009336280","potions_obtained":[{"floor":6,"key":"SteroidPotion"},{"floor":8,"key":"Strength Potion"},{"floor":16,"key":"Block Potion"},{"floor":19,"key":"Fire Potion"},{"floor":23,"key":"AttackPotion"},{"floor":30,"key":"Fire Potion"},{"floor":31,"key":"Regen Potion"},{"floor":41,"key":"Strength Potion"},{"floor":45,"key":"GhostInAJar"}],"is_trial":false,"path_per_floor":["M","?","?","M","?","E","R","E","T","?","M","R","E","M","R","B",null,"M","M","M","$","?","E","R","?","T","R","$","R","M","M","R","B",null,"M","?","M","$","$","R","M","M","T","R","M","M","R","M","R","B",null],"character_chosen":"THE_SILENT","items_purchased":["Bag of Marbles","Cloak And Dagger","Deadly Poison"],"campfire_rested":2,"item_purchase_floors":[21,38,39],"current_hp_per_floor":[63,68,68,68,61,61,61,42,42,60,56,56,54,53,53,22,62,51,54,54,54,61,59,59,59,59,59,59,59,59,59,82,46,73,71,92,92,92,92,92,89,76,76,76,67,51,51,51,78,33],"gold":94,"neow_bonus":"THREE_ENEMY_KILL","is_prod":false,"is_daily":false,"chose_seed":false,"campfire_upgraded":9,"win_rate":0,"timestamp":1551305130,"path_taken":["M","?","?","M","?","E","R","E","T","?","M","R","E","M","R","BOSS","M","M","M","$","?","E","R","?","T","R","$","R","M","M","R","BOSS","M","?","M","?","$","R","M","M","T","R","M","M","R","M","R","BOSS"],"build_version":"2019-01-23","purchased_purges":3,"victory":true,"max_hp_per_floor":[70,75,75,75,75,75,75,75,75,75,75,75,75,75,75,75,75,75,75,75,75,82,82,82,82,82,82,82,82,82,82,82,82,82,82,92,92,92,92,92,92,92,92,92,92,92,92,92,92,92],"card_choices":[{"not_picked":["Deflect","Blade Dance"],"picked":"Dash","floor":1},{"not_picked":["Dodge and Roll","Blade Dance"],"picked":"Dagger Throw","floor":4},{"not_picked":["Eviscerate","Quick Slash"],"picked":"Backstab","floor":6},{"not_picked":["Distraction","Bullet Time"],"picked":"Infinite Blades","floor":8},{"not_picked":["Calculated Gamble","Poisoned Stab"],"picked":"Backflip","floor":11},{"not_picked":["Backflip","Deadly Poison"],"picked":"PiercingWail","floor":13},{"not_picked":["Grand Finale","Leg Sweep","Escape Plan"],"picked":"SKIP","floor":14},{"not_picked":["Grand Finale","Phantasmal Killer"],"picked":"Venomology","floor":16},{"not_picked":["Endless Agony","Sucker Punch","Concentrate+1"],"picked":"SKIP","floor":18},{"not_picked":["Caltrops","Skewer"],"picked":"Quick Slash","floor":19},{"not_picked":["PiercingWail","Deadly Poison"],"picked":"Blade Dance","floor":20},{"not_picked":["Riddle With Holes","Skewer","Underhanded Strike"],"picked":"SKIP","floor":23},{"not_picked":["Escape Plan","Dodge and Roll","Caltrops"],"picked":"SKIP","floor":30},{"not_picked":["Unload","Bane","Quick Slash+1"],"picked":"SKIP","floor":31},{"not_picked":["Storm of Steel","Bullet Time"],"picked":"Envenom","floor":33},{"not_picked":["Deflect","Poisoned Stab+1","PiercingWail"],"picked":"SKIP","floor":35},{"not_picked":["Poisoned Stab","Underhanded Strike"],"picked":"Noxious Fumes","floor":37},{"not_picked":["Slice+1","Bouncing Flask"],"picked":"Infinite Blades","floor":41},{"not_picked":["Reflex","Slice+1","Acrobatics"],"picked":"SKIP","floor":42},{"not_picked":["Deadly Poison+1","Deflect","Dodge and Roll+1"],"picked":"SKIP","floor":45},{"not_picked":["Backflip","Predator+1"],"picked":"Adrenaline","floor":46},{"not_picked":["Expertise+1","Backflip"],"picked":"Crippling Poison","floor":48}],"player_experience":618712,"relics_obtained":[{"floor":6,"key":"Dodecahedron"},{"floor":8,"key":"Lantern"},{"floor":9,"key":"Shuriken"},{"floor":13,"key":"Bag of Preparation"},{"floor":23,"key":"Boot"},{"floor":26,"key":"Bottled Lightning"},{"floor":43,"key":"Snake Skull"}],"event_choices":[{"damage_healed":0,"gold_gain":0,"player_choice":"Donut","damage_taken":0,"max_hp_gain":5,"max_hp_loss":0,"event_name":"Big Fish","floor":2,"gold_loss":0},{"damage_healed":0,"gold_gain":0,"player_choice":"Grow","damage_taken":0,"max_hp_gain":0,"max_hp_loss":0,"event_name":"Living Wall","floor":3,"gold_loss":0,"cards_upgraded":["Neutralize"]},{"cards_removed":["Strike_G"],"damage_healed":0,"gold_gain":0,"player_choice":"Card Removal","damage_taken":7,"max_hp_gain":0,"max_hp_loss":0,"event_name":"Golden Wing","floor":5,"gold_loss":0},{"damage_healed":18,"gold_gain":0,"player_choice":"Healed","damage_taken":0,"max_hp_gain":0,"max_hp_loss":0,"event_name":"The Cleric","floor":10,"gold_loss":35},{"damage_healed":0,"gold_gain":0,"player_choice":"Obtained Relic","damage_taken":0,"relics_obtained":["Strawberry"],"max_hp_gain":0,"max_hp_loss":0,"event_name":"Addict","floor":22,"gold_loss":85},{"damage_healed":0,"gold_gain":0,"player_choice":"Read","damage_taken":0,"max_hp_gain":0,"max_hp_loss":0,"event_name":"The Library","floor":25,"gold_loss":0,"cards_obtained":["Infinite Blades"]},{"cards_removed":["Venomology"],"damage_healed":11,"gold_gain":0,"player_choice":"Offered Rare","damage_taken":0,"max_hp_gain":10,"max_hp_loss":0,"event_name":"Bonfire Elementals","floor":36,"gold_loss":0}],"is_beta":false,"boss_relics":[{"not_picked":["Ectoplasm","Snecko Eye"],"picked":"Astrolabe"},{"not_picked":["Velvet Choker","Empty Cage"],"picked":"Philosopher\u0027s Stone"}],"items_purged_floors":[21,28,38],"is_endless":false,"potions_floor_spawned":[6,8,16,19,23,30,31,41,45,48],"ascension_level":12}