{"gold_per_floor":[116,128,148,148,165,198,2,17,17,17,30,30,30,44,44,140,190,203,188,38,48,48,48,60,60],"floor_reached":25,"playtime":2312,"items_purged":["Strike_R"],"score":228,"play_id":"d753cab7-4fd2-4679-ad76-df761f69cb14","local_time":"20190218123754","is_ascension_mode":true,"campfire_choices":[{"floor":10,"key":"REST"},{"floor":12,"key":"REST"},{"data":"Evolve","floor":15,"key":"SMITH"},{"floor":23,"key":"REST"}],"neow_cost":"NONE","seed_source_timestamp":2996703824104548,"circlet_count":0,"master_deck":["Strike_R","Strike_R","Strike_R","Defend_R","Defend_R","Defend_R","Defend_R","Bash","True Grit","Twin Strike+1","Shrug It Off","Hemokinesis","Warcry","Metallicize","Battle Trance","Juggernaut","Evolve+1","Intimidate","Shockwave","Bloodletting","Iron Wave"],"relics":["Burning Blood","Pocketwatch","Paper Frog","Tiny House","MutagenicStrength"],"potions_floor_usage":[2,6,8,11,14,16,18,21,25],"damage_taken":[{"damage":13,"enemies":"Jaw Worm","floor":1,"turns":4},{"damage":4,"enemies":"Small Slimes","floor":2,"turns":4},{"damage":7,"enemies":"2 Louse","floor":3,"turns":4},{"damage":14,"enemies":"Blue Slaver","floor":5,"turns":5},{"damage":54,"enemies":"Lagavulin","floor":6,"turns":11},{"damage":5,"enemies":"3 Louse","floor":8,"turns":4},{"damage":11,"enemies":"Gremlin Gang","floor":11,"turns":6},{"damage":12,"enemies":"Exordium Wildlife","floor":14,"turns":6},{"damage":69,"enemies":"Hexaghost","floor":16,"turns":13},{"damage":7,"enemies":"Chosen","floor":18,"turns":7},{"damage":24,"enemies":"2 Thieves","floor":19,"turns":4},{"damage":48,"enemies":"Sentry and Sphere","floor":21,"turns":8},{"damage":19,"enemies":"Snecko","floor":24,"turns":5},{"damage":59,"enemies":"Cultist and Chosen","floor":25,"turns":10}],"seed_played":"5602669018764895719","potions_obtained":[{"floor":0,"key":"FairyPotion"},{"floor":0,"key":"Block Potion"},{"floor":0,"key":"Energy Potion"},{"floor":3,"key":"SneckoOil"},{"floor":11,"key":"Regen Potion"},{"floor":14,"key":"PowerPotion"},{"floor":17,"key":"Energy Potion"},{"floor":24,"key":"Explosive Potion"}],"is_trial":false,"path_per_floor":["M","M","M","?","M","E","$","M","T","R","M","R","?","M","R","B",null,"M","M","$","M","?","R","M","M"],"character_chosen":"IRONCLAD","items_purchased":["SpeedPotion","Metallicize","Battle Trance","Regen Potion"],"campfire_rested":3,"item_purchase_floors":[7,7,7,20],"current_hp_per_floor":[73,75,74,67,59,11,11,12,12,36,31,55,60,69,69,14,90,89,71,71,44,44,71,58,0],"gold":60,"neow_bonus":"THREE_SMALL_POTIONS","is_prod":false,"is_daily":false,"chose_seed":false,"campfire_upgraded":1,"win_rate":0,"timestamp":1550511474,"path_taken":["M","M","M","?","M","E","$","M","T","R","M","R","?","M","R","BOSS","M","M","$","M","?","R","M","M"],"build_version":"2019-02-06","purchased_purges":1,"victory":false,"max_hp_per_floor":[80,80,80,80,80,80,80,80,80,80,80,80,85,85,85,85,90,90,90,90,90,90,90,90,90],"card_choices":[{"not_picked":["Anger","Reckless Charge"],"picked":"True Grit","floor":1},{"not_picked":["Armaments","Dual Wield"],"picked":"Twin Strike","floor":2},{"not_picked":["Seeing Red","Armaments"],"picked":"Shrug It Off","floor":3},{"not_picked":["Armaments","Battle Trance"],"picked":"Hemokinesis","floor":5},{"not_picked":["Shrug It Off","Clash"],"picked":"Warcry","floor":6},{"not_picked":["Rage","Cleave"],"picked":"Juggernaut","floor":8},{"not_picked":["Perfected Strike","Sword Boomerang"],"picked":"Evolve","floor":11},{"not_picked":["Reckless Charge","Perfected Strike"],"picked":"Intimidate","floor":14},{"not_picked":["Combust","Warcry"],"picked":"Shockwave","floor":17},{"not_picked":["Spot Weakness","Headbutt","Clothesline"],"picked":"SKIP","floor":18},{"not_picked":["Sentinel","Second Wind"],"picked":"Bloodletting","floor":19},{"not_picked":["Headbutt","True Grit"],"picked":"Iron Wave","floor":21},{"not_picked":["Shrug It Off","Heavy Blade","Pummel+1"],"picked":"SKIP","floor":24}],"player_experience":137018,"relics_obtained":[{"floor":6,"key":"Pocketwatch"},{"floor":9,"key":"Paper Frog"}],"event_choices":[{"cards_removed":["Strike_R"],"damage_healed":0,"gold_gain":0,"player_choice":"Card Removal","damage_taken":7,"max_hp_gain":0,"max_hp_loss":0,"event_name":"Golden Wing","floor":4,"gold_loss":0},{"damage_healed":0,"gold_gain":0,"player_choice":"Donut","damage_taken":0,"max_hp_gain":5,"max_hp_loss":0,"event_name":"Big Fish","floor":13,"gold_loss":0},{"damage_healed":0,"gold_gain":0,"player_choice":"Inject Mutagens","damage_taken":0,"relics_obtained":["MutagenicStrength"],"max_hp_gain":0,"max_hp_loss":0,"event_name":"Drug Dealer","floor":22,"gold_loss":0}],"is_beta":true,"boss_relics":[{"not_picked":["Calling Bell","Runic Pyramid"],"picked":"Tiny House"}],"items_purged_floors":[20],"is_endless":false,"potions_floor_spawned":[1,3,11,14,24],"killed_by":"Cultist and Chosen","ascension_level":2}