{"gold_per_floor":[119,139,25,75,86,86,100,130,155,192,204,232,244,275,287,370,382,408,371,394,406],"floor_reached":21,"playtime":1576,"items_purged":["Strike_R"],"score":425,"play_id":"df456f7e-3322-4f2d-9b9c-579e128a5e23","local_time":"20190226194517","is_ascension_mode":true,"campfire_choices":[{"data":"Whirlwind","floor":6,"key":"SMITH"},{"data":"Corruption","floor":11,"key":"SMITH"},{"data":"Berserk","floor":13,"key":"SMITH"},{"floor":15,"key":"REST"}],"neow_cost":"NONE","seed_source_timestamp":333181640803758,"circlet_count":0,"master_deck":["AscendersBane","Strike_R","Strike_R","Strike_R","Strike_R","Defend_R","Defend_R","Defend_R","Defend_R","Bash","Berserk+1","Corruption+1","Feel No Pain","Whirlwind+1","Shrug It Off","Shrug It Off","Dark Embrace","Anger","Armaments","Shrug It Off","Barricade","True Grit","Feel No Pain"],"relics":["Burning Blood","Blood Vial","MawBank","Strawberry","Mark of Pain"],"potions_floor_usage":[5,10,16,20],"damage_taken":[{"damage":12,"enemies":"Jaw Worm","floor":1,"turns":5},{"damage":1,"enemies":"Cultist","floor":2,"turns":3},{"damage":2,"enemies":"2 Louse","floor":5,"turns":3},{"damage":15,"enemies":"Exordium Thugs","floor":7,"turns":5},{"damage":49,"enemies":"Gremlin Nob","floor":8,"turns":5},{"damage":0,"enemies":"Lagavulin","floor":10,"turns":7},{"damage":14,"enemies":"Blue Slaver","floor":12,"turns":5},{"damage":8,"enemies":"2 Fungi Beasts","floor":14,"turns":4},{"damage":9,"enemies":"Slime Boss","floor":16,"turns":8},{"damage":6,"enemies":"Chosen","floor":18,"turns":7},{"damage":28,"enemies":"2 Thieves","floor":19,"turns":5},{"damage":48,"enemies":"Sentry and Sphere","floor":20,"turns":8},{"damage":34,"enemies":"Centurion and Healer","floor":21,"turns":5}],"seed_played":"-4796410206582329600","potions_obtained":[{"floor":1,"key":"Weak Potion"},{"floor":2,"key":"Swift Potion"},{"floor":8,"key":"PowerPotion"},{"floor":12,"key":"Strength Potion"},{"floor":16,"key":"Regen Potion"},{"floor":18,"key":"Dexterity Potion"}],"is_trial":false,"path_per_floor":["M","M","$","?","M","R","M","E","T","E","R","M","R","M","R","B",null,"M","M","M","M"],"character_chosen":"IRONCLAD","items_purchased":["Whirlwind"],"campfire_rested":1,"item_purchase_floors":[3],"current_hp_per_floor":[62,67,67,67,71,71,62,19,19,34,34,28,28,28,52,51,74,76,56,31,0],"gold":406,"neow_bonus":"ONE_RANDOM_RARE_CARD","is_prod":false,"is_daily":false,"chose_seed":false,"campfire_upgraded":3,"win_rate":0,"timestamp":1551239117,"path_taken":["M","M","$","?","M","R","M","E","T","E","R","M","R","M","R","BOSS","M","M","M","?"],"build_version":"2019-01-23","purchased_purges":1,"victory":false,"max_hp_per_floor":[75,75,75,75,75,75,75,75,75,82,82,82,82,82,82,82,82,82,82,82,82],"card_choices":[{"not_picked":["Sever Soul","Shrug It Off"],"picked":"Corruption","floor":1},{"not_picked":["Body Slam","Headbutt"],"picked":"Feel No Pain","floor":2},{"not_picked":["Sword Boomerang","Seeing Red"],"picked":"Shrug It Off","floor":5},{"not_picked":["Blood for Blood","Power Through"],"picked":"Shrug It Off","floor":7},{"not_picked":["Spot Weakness","Clash"],"picked":"Dark Embrace","floor":8},{"not_picked":["Dropkick","Twin Strike"],"picked":"Anger","floor":10},{"not_picked":["Thunderclap","Dropkick"],"picked":"Armaments","floor":12},{"not_picked":["Havoc","Pommel Strike"],"picked":"Shrug It Off","floor":14},{"not_picked":["Limit Break","Reaper"],"picked":"Barricade","floor":16},{"not_picked":["Flex","Seeing Red"],"picked":"True Grit","floor":18},{"not_picked":["Wild Strike+1","Blood for Blood+1","Cleave"],"picked":"SKIP","floor":19},{"not_picked":["Searing Blow","Armaments"],"picked":"Feel No Pain","floor":20}],"player_experience":884720,"relics_obtained":[{"floor":8,"key":"Blood Vial"},{"floor":9,"key":"MawBank"},{"floor":10,"key":"Strawberry"}],"event_choices":[{"damage_healed":0,"gold_gain":50,"player_choice":"Pray","damage_taken":0,"max_hp_gain":0,"max_hp_loss":0,"event_name":"Golden Shrine","floor":4,"gold_loss":0}],"is_beta":false,"boss_relics":[{"not_picked":["Runic Cube","Tiny House"],"picked":"Mark of Pain"}],"items_purged_floors":[3],"is_endless":false,"potions_floor_spawned":[1,2,8,12,16,18],"killed_by":"Centurion and Healer","ascension_level":19}