{"path_per_floor":["M","M","$","?","?","E","M","R","T","E","M","M","E","M","R","B",null,"M","?","?","M","?","R","?","M","T","M","$","R","?","M","R","B",null,"M","?","$","?","$","R","E","?","T","R","E","?","?","$","R","B"],"character_chosen":"DEFECT","items_purchased":["Capacitor","Streamline","Block Potion","Master of Strategy","DataDisk"],"gold_per_floor":[115,134,10,10,10,41,51,51,51,78,89,108,143,153,153,257,257,274,189,189,205,205,205,205,217,271,288,37,37,37,52,52,147,147,165,165,20,20,20,20,52,52,78,78,109,0,0,0,0,0],"floor_reached":51,"campfire_rested":2,"playtime":3386,"current_hp_per_floor":[68,59,59,64,64,45,45,45,45,45,45,42,42,26,26,33,68,59,59,59,59,43,43,43,17,17,17,17,41,41,35,35,24,66,66,56,56,76,76,76,75,67,67,67,57,57,57,57,80,71],"items_purged":["Strike_B"],"gold":0,"score":1191,"play_id":"b0cf03e9-9f9f-4842-8b1a-05037af48a76","local_time":"20180428162651","is_prod":false,"is_daily":false,"chose_seed":false,"is_ascension_mode":true,"campfire_upgraded":6,"timestamp":1524958011,"path_taken":["M","?","$","?","?","E","?","R","T","E","M","M","E","M","R","BOSS","M","?","?","M","?","R","?","M","T","M","$","R","?","M","R","BOSS","M","?","$","?","?","R","E","?","T","R","E","?","?","?","R","BOSS"],"build_version":"2018-04-27v3","seed_source_timestamp":616558867159280,"purchased_purges":1,"victory":true,"master_deck":["Strike_B","Defend_B+1","Defend_B+1","Defend_B+1","Zap+1","AscendersBane","Aggregate+1","Go for the Eyes+1","Buffer+1","Defragment+1","Ball Lightning","Capacitor+1","Streamline","Flash of Steel","Coolheaded+1","Hologram+1","Capacitor","Barrage+1","Rainbow+1","Doom and Gloom","Impulse+1","Redo+1","Hello World+1","Ball Lightning+1","Master of Strategy+1","Defragment+1","Leap+1","Reboot+1","Coolheaded+1","Blind+1","Thinking Ahead+1","Bandage Up+1","Writhe","Auto Shields+1","Cold Snap"],"max_hp_per_floor":[75,75,75,80,80,80,80,80,80,80,80,80,80,80,80,80,80,80,80,80,80,80,80,80,80,80,80,80,80,80,80,80,80,80,80,80,80,80,80,80,80,80,80,80,80,80,80,80,80,80],"relics":["Astrolabe","Toxic Egg 2","Smiling Mask","War Paint","Art of War","Inserter","Juzu Bracelet","Enchiridion","Bag of Preparation","Anchor","Nuclear Battery","DataDisk","Ornamental Fan","Bronze Scales","Bottled Flame","Red Mask"],"card_choices":[{"not_picked":["Self Repair","Tempest"],"picked":"Defragment","floor":1},{"not_picked":["Recycle","Impulse"],"picked":"Ball Lightning","floor":2},{"not_picked":["Leap","FTL"],"picked":"Coolheaded","floor":6},{"not_picked":["Ball Lightning","Leap"],"picked":"Hologram","floor":7},{"not_picked":["Turbo","Aggregate"],"picked":"Capacitor","floor":10},{"not_picked":["Recycle","Rebound"],"picked":"Barrage","floor":11},{"not_picked":["Conserve Battery","Impulse"],"picked":"Rainbow","floor":12},{"not_picked":["Sweeping Beam","Thunder Strike"],"picked":"Doom and Gloom","floor":13},{"not_picked":["Capacitor","Sweeping Beam"],"picked":"Impulse","floor":14},{"not_picked":["Rainbow","All For One"],"picked":"Redo","floor":16},{"not_picked":["Melter","Turbo"],"picked":"Hello World","floor":21},{"not_picked":["Darkness","Loop"],"picked":"Ball Lightning","floor":27},{"not_picked":["Double Energy","Reprogram"],"picked":"Leap","floor":31},{"not_picked":["Thunder Strike","Multi-Cast"],"picked":"Reboot","floor":33},{"not_picked":["Scrape","Skim"],"picked":"Coolheaded","floor":35},{"not_picked":["Mind Blast","Thinking Ahead"],"picked":"Blind","floor":36},{"not_picked":["Magnetism","Jack Of All Trades"],"picked":"Thinking Ahead","floor":36},{"not_picked":["Flash of Steel","Finesse"],"picked":"Bandage Up","floor":36},{"not_picked":["Streamline","Capacitor"],"picked":"Auto Shields","floor":41},{"not_picked":["Streamline","Leap"],"picked":"Cold Snap","floor":45}],"player_experience":1289674,"potions_floor_usage":[6,12,14,16,21,25,33,33,45,45],"damage_taken":[{"damage":0,"enemies":"Cultist","floor":1,"turns":5},{"damage":9,"enemies":"Jaw Worm","floor":2,"turns":5},{"damage":19,"enemies":"3 Sentries","floor":6,"turns":7},{"damage":0,"enemies":"2 Louse","floor":7,"turns":3},{"damage":0,"enemies":"Lagavulin","floor":10,"turns":7},{"damage":0,"enemies":"2 Fungi Beasts","floor":11,"turns":4},{"damage":3,"enemies":"Exordium Thugs","floor":12,"turns":4},{"damage":0,"enemies":"Gremlin Nob","floor":13,"turns":5},{"damage":16,"enemies":"3 Louse","floor":14,"turns":3},{"damage":8,"enemies":"The Guardian","floor":16,"turns":10},{"damage":9,"enemies":"Shell Parasite","floor":18,"turns":6},{"damage":12,"enemies":"Spheric Guardian","floor":21,"turns":6},{"damage":26,"enemies":"Chosen and Byrds","floor":25,"turns":4},{"damage":0,"enemies":"Snecko","floor":27,"turns":5},{"damage":6,"enemies":"Centurion and Healer","floor":31,"turns":7},{"damage":11,"enemies":"Automaton","floor":33,"turns":11},{"damage":0,"enemies":"3 Shapes","floor":35,"turns":2},{"damage":7,"enemies":"Nemesis","floor":41,"turns":7},{"damage":16,"enemies":"2 Orb Walkers","floor":45,"turns":4},{"damage":9,"enemies":"Time Eater","floor":50,"turns":16}],"event_choices":[{"event_name":"Big Fish","player_choice":"Donut","floor":4,"damage_taken":0},{"event_name":"Match and Keep!","player_choice":"1 cards matched","floor":5,"damage_taken":0},{"event_name":"Addict","player_choice":"Obtained Relic","floor":19,"damage_taken":0},{"event_name":"Drug Dealer","player_choice":"Ignored","floor":20,"damage_taken":0},{"event_name":"Cursed Tome","player_choice":"Obtained Book","floor":22,"damage_taken":0},{"event_name":"The Mausoleum","player_choice":"Yes","floor":24,"damage_taken":0},{"event_name":"The Library","player_choice":"Read","floor":30,"damage_taken":0},{"event_name":"SensoryStone","player_choice":"Memory 3","floor":36,"damage_taken":0},{"event_name":"Winding Halls","player_choice":"Writhe","floor":38,"damage_taken":0},{"event_name":"Wheel of Change","player_choice":"Damage","floor":42,"damage_taken":0},{"event_name":"Tomb of Lord Red Mask","player_choice":"Paid","floor":46,"damage_taken":0},{"event_name":"Purifier","player_choice":"One Purge","floor":47,"damage_taken":0}],"boss_relics":[{"not_picked":["Runic Dome","Runic Pyramid"],"picked":"Inserter"},{"not_picked":["Pandora\u0027s Box","Black Star"],"picked":"Nuclear Battery"}],"potions_floor_spawned":[1,2,7,13,14,16,18,25,31,33,35],"seed_played":"-1153316470361625199","ascension_level":10,"is_trial":false}