{"gold_per_floor":[110,110,130,15,29,29,39,49,100,135,135,135,149,166,166,261,261,280,292,104,123,123],"floor_reached":22,"playtime":1333,"items_purged":["Strike_B"],"score":190,"play_id":"c57b6b59-4078-461f-864a-781931148c23","local_time":"20190215123550","is_ascension_mode":false,"campfire_choices":[{"data":"Dualcast","floor":6,"key":"SMITH"},{"data":"Defragment","floor":12,"key":"SMITH"},{"floor":15,"key":"REST"}],"neow_cost":"NONE","seed_source_timestamp":2738367090023345,"circlet_count":0,"master_deck":["Strike_B","Strike_B","Strike_B","Defend_B","Defend_B","Defend_B","Defend_B","Zap","Dualcast+1","Conserve Battery","Hologram","Hyperbeam","Coolheaded","Doom and Gloom","Defragment+1","Redo","Turbo","Fusion","Multi-Cast","Consume","Cold Snap+1","FTL+1","Electrodynamics","Compile Driver+1","Conserve Battery","Flash of Steel+1","Conserve Battery"],"relics":["Orrery","Strawberry","Molten Egg 2","Nuclear Battery"],"potions_floor_usage":[21],"damage_taken":[{"damage":3,"enemies":"Jaw Worm","floor":1,"turns":6},{"damage":0,"enemies":"Cultist","floor":3,"turns":2},{"damage":0,"enemies":"2 Louse","floor":5,"turns":1},{"damage":1,"enemies":"Blue Slaver","floor":7,"turns":5},{"damage":6,"enemies":"3 Louse","floor":8,"turns":2},{"damage":2,"enemies":"Lagavulin","floor":10,"turns":5},{"damage":5,"enemies":"Large Slime","floor":13,"turns":4},{"damage":3,"enemies":"2 Fungi Beasts","floor":14,"turns":2},{"damage":31,"enemies":"Slime Boss","floor":16,"turns":11},{"damage":15,"enemies":"Shell Parasite","floor":18,"turns":7},{"damage":6,"enemies":"3 Byrds","floor":19,"turns":3},{"damage":18,"enemies":"3 Cultists","floor":21,"turns":4},{"damage":46,"enemies":"Snake Plant","floor":22,"turns":4}],"seed_played":"-5448388715112292721","potions_obtained":[{"floor":3,"key":"LiquidBronze"},{"floor":7,"key":"Explosive Potion"},{"floor":8,"key":"FearPotion"},{"floor":21,"key":"Explosive Potion"}],"is_trial":false,"path_per_floor":["M","?","M","$","M","R","M","M","T","E","?","R","M","M","R","B",null,"M","M","$","M","M"],"character_chosen":"DEFECT","items_purchased":["Defragment","Redo","Conserve Battery","Flash of Steel+1"],"campfire_rested":1,"item_purchase_floors":[4,4,20,20],"current_hp_per_floor":[72,72,72,72,72,72,71,65,72,70,62,62,57,54,78,47,82,67,61,61,43,0],"gold":123,"neow_bonus":"BOSS_RELIC","is_prod":false,"is_daily":false,"chose_seed":false,"campfire_upgraded":2,"win_rate":0.0,"timestamp":1550252150,"path_taken":["M","?","M","$","M","R","M","M","T","E","?","R","?","M","R","BOSS","M","M","$","M","M"],"build_version":"2019-02-06","purchased_purges":1,"victory":false,"max_hp_per_floor":[75,75,75,75,75,75,75,75,82,82,82,82,82,82,82,82,82,82,82,82,82,82],"card_choices":[{"not_picked":["Beam Cell","Fusion"],"picked":"Conserve Battery","floor":0},{"not_picked":["Consume","Melter"],"picked":"Hologram","floor":0},{"not_picked":["Beam Cell","Streamline"],"picked":"Hyperbeam","floor":0},{"not_picked":["Ball Lightning","Stack"],"picked":"Coolheaded","floor":0},{"not_picked":["Cold Snap","Auto Shields"],"picked":"Doom and Gloom","floor":1},{"not_picked":["Hologram","Sunder","Beam Cell"],"picked":"SKIP","floor":3},{"not_picked":["Conserve Battery","Beam Cell"],"picked":"Turbo","floor":5},{"not_picked":["Hello World","Redo"],"picked":"Fusion","floor":7},{"not_picked":["Storm","Streamline"],"picked":"Multi-Cast","floor":8},{"not_picked":["Streamline","Recycle"],"picked":"Consume","floor":10},{"not_picked":["Defragment","Aggregate"],"picked":"Cold Snap+1","floor":13},{"not_picked":["Redo","Barrage+1"],"picked":"FTL+1","floor":14},{"not_picked":["Rainbow","Amplify"],"picked":"Electrodynamics","floor":16},{"not_picked":["Skim","Fusion"],"picked":"Compile Driver+1","floor":18},{"not_picked":["Steam","Lockon+1","Double Energy"],"picked":"SKIP","floor":19},{"not_picked":["Streamline+1","Steam+1"],"picked":"Conserve Battery","floor":21}],"player_experience":117479,"relics_obtained":[{"floor":9,"key":"Strawberry"},{"floor":10,"key":"Molten Egg 2"}],"event_choices":[{"damage_healed":0,"gold_gain":0,"player_choice":"Ignored","damage_taken":0,"max_hp_gain":0,"max_hp_loss":0,"event_name":"Golden Idol","floor":2,"gold_loss":0},{"damage_healed":0,"gold_gain":0,"player_choice":"Damaged","damage_taken":8,"max_hp_gain":0,"max_hp_loss":0,"event_name":"Wheel of Change","floor":11,"gold_loss":0}],"is_beta":true,"boss_relics":[{"not_picked":["Sozu","Snecko Eye"],"picked":"Nuclear Battery"}],"items_purged_floors":[20],"is_endless":false,"potions_floor_spawned":[3,7,8,10,19,21],"killed_by":"Snake Plant","ascension_level":0}