{"gold_per_floor":[110,122,122,47,47,47,79,94,117,145,157,196,223,270,282,294],"floor_reached":16,"playtime":706,"items_purged":["Defend_R"],"score":176,"play_id":"09ea6441-f963-491b-a558-c94a124ed995","local_time":"20190223114041","is_ascension_mode":true,"campfire_choices":[{"data":"Havoc","floor":6,"key":"SMITH"},{"data":"Battle Trance","floor":11,"key":"SMITH"},{"data":"Barricade","floor":15,"key":"SMITH"}],"neow_cost":"NONE","seed_source_timestamp":714263205612690,"circlet_count":0,"master_deck":["Strike_R","Strike_R","Strike_R","Strike_R","Strike_R+1","Defend_R","Defend_R+1","Defend_R","Bash","Havoc+1","Sentinel","Flame Barrier","Battle Trance+1","Barricade+1","Inflame"],"relics":["Burning Blood","NeowsBlessing","Dream Catcher","MawBank","Juzu Bracelet","Anchor"],"potions_floor_usage":[10,14,14,16],"damage_taken":[{"damage":0,"enemies":"Small Slimes","floor":1,"turns":1},{"damage":0,"enemies":"Jaw Worm","floor":2,"turns":1},{"damage":0,"enemies":"Lagavulin","floor":7,"turns":1},{"damage":5,"enemies":"Cultist","floor":8,"turns":4},{"damage":13,"enemies":"Gremlin Gang","floor":10,"turns":5},{"damage":3,"enemies":"2 Fungi Beasts","floor":13,"turns":3},{"damage":16,"enemies":"Gremlin Nob","floor":14,"turns":3},{"damage":68,"enemies":"Slime Boss","floor":16,"turns":11}],"seed_played":"3306819602063035731","potions_obtained":[{"floor":1,"key":"Fire Potion"},{"floor":8,"key":"Dexterity Potion"},{"floor":13,"key":"FearPotion"},{"floor":14,"key":"BloodPotion"}],"is_trial":false,"path_per_floor":["M","M","?","$","?","R","E","M","T","M","R","T","M","E","R","B"],"character_chosen":"IRONCLAD","items_purchased":[],"campfire_rested":0,"item_purchase_floors":[],"current_hp_per_floor":[78,80,64,64,69,69,75,76,76,69,69,69,72,62,62,2],"gold":294,"neow_bonus":"THREE_ENEMY_KILL","is_prod":false,"is_daily":false,"chose_seed":false,"campfire_upgraded":3,"win_rate":0,"timestamp":1550918441,"path_taken":["M","M","?","$","?","R","E","M","T","?","R","?","M","E","R","BOSS"],"build_version":"2019-01-23","purchased_purges":1,"victory":false,"max_hp_per_floor":[80,80,80,80,85,85,85,85,85,85,85,85,85,85,85,85],"card_choices":[{"not_picked":["Clash","Hemokinesis"],"picked":"Havoc","floor":1},{"not_picked":["Hemokinesis","Pummel"],"picked":"Sentinel","floor":2},{"not_picked":["Clash","Wild Strike"],"picked":"Flame Barrier","floor":7},{"not_picked":["Warcry","Thunderclap","Ghostly Armor"],"picked":"SKIP","floor":8},{"not_picked":["Thunderclap","Body Slam"],"picked":"Battle Trance","floor":10},{"not_picked":["Uppercut","Rage"],"picked":"Barricade","floor":13},{"not_picked":["Dropkick","Cleave"],"picked":"Inflame","floor":14}],"player_experience":381913,"relics_obtained":[{"floor":7,"key":"Dream Catcher"},{"floor":9,"key":"MawBank"},{"floor":12,"key":"Juzu Bracelet"},{"floor":14,"key":"Anchor"}],"event_choices":[{"damage_healed":0,"gold_gain":0,"player_choice":"Entered Light","damage_taken":16,"max_hp_gain":0,"max_hp_loss":0,"event_name":"Shining Light","floor":3,"gold_loss":0,"cards_upgraded":["Defend_R","Strike_R"]},{"damage_healed":0,"gold_gain":0,"player_choice":"Donut","damage_taken":0,"max_hp_gain":5,"max_hp_loss":0,"event_name":"Big Fish","floor":5,"gold_loss":0}],"is_beta":false,"boss_relics":[],"items_purged_floors":[4],"is_endless":false,"potions_floor_spawned":[1,8,13,14],"killed_by":"Slime Boss","ascension_level":6}