{"path_per_floor":["M","M","?","$","M","R","E","R","T","E","?","R","$","M","R","B",null,"M","$","?","?","M","R","E","$","T","R","M","E"],"character_chosen":"THE_SILENT","items_purchased":["Footwork","Predator","Prepared","After Image","Flechettes"],"gold_per_floor":[114,131,381,190,208,208,235,235,235,265,215,215,68,79,79,182,182,197,72,72,172,192,192,224,2,2,2,17,42],"floor_reached":30,"campfire_rested":1,"playtime":2756,"current_hp_per_floor":[63,63,63,63,63,63,60,60,60,47,47,47,47,47,47,18,55,44,44,44,44,32,32,20,20,20,40,40,7],"items_purged":["Regret","Strike_G","Prepared"],"gold":42,"score":411,"play_id":"1be20169-969e-411f-9b50-7af55bd68537","is_prod":false,"is_daily":false,"is_ascension_mode":true,"campfire_upgraded":5,"path_taken":["M","M","?","$","M","R","E","R","T","E","?","R","?","M","R","BOSS","M","$","?","?","M","R","E","$","T","R","?","E","M"],"build_version":"2018-02-12-BETA1","purchased_purges":3,"victory":false,"master_deck":["Defend_G","Defend_G","Defend_G","Defend_G","Defend_G","Strike_G","Strike_G","Strike_G","Survivor","Neutralize+1","Noxious Fumes+1","Backflip","Footwork","Predator+1","Escape Plan","Prepared+1","Prepared+1","Tools of the Trade","Noxious Fumes+1","Crippling Poison","Underhanded Strike+1","After Image","Flechettes","After Image"],"max_hp_per_floor":[67,67,67,67,67,67,67,67,67,67,67,67,67,67,67,67,67,67,67,67,67,67,67,67,67,67,67,67,67],"relics":["Ring of the Snake","Ninja Scroll","Sundial","Snake Skull","Snecko Eye","Centennial Puzzle","Oddly Smooth Stone","Singing Bowl"],"card_choices":[{"not_picked":["Poisoned Stab","Flechettes"],"picked":"Noxious Fumes"},{"not_picked":["Skewer","Underhanded Strike"],"picked":"Backflip"},{"not_picked":["Outmaneuver","Die Die Die"],"picked":"Escape Plan"},{"not_picked":["All Out Attack","Deadly Poison"],"picked":"Prepared"},{"not_picked":["Dodge and Roll","Bane"],"picked":"Prepared"},{"not_picked":["Unload","Night Terror"],"picked":"Tools of the Trade"},{"not_picked":["Well Laid Plans","Outmaneuver"],"picked":"Crippling Poison"},{"not_picked":["PiercingWail","Backflip"],"picked":"Underhanded Strike"},{"not_picked":["Backflip","Concentrate"],"picked":"After Image"}],"player_experience":155946,"potions_floor_usage":[7,18,24,24,24],"damage_taken":[{"damage":0,"enemies":"2 Louse","floor":1,"turns":3},{"damage":0,"enemies":"Cultist","floor":2,"turns":4},{"damage":0,"enemies":"Jaw Worm","floor":5,"turns":6},{"damage":3,"enemies":"Lagavulin","floor":7,"turns":8},{"damage":13,"enemies":"Gremlin Nob","floor":10,"turns":5},{"damage":0,"enemies":"3 Louse","floor":14,"turns":4},{"damage":29,"enemies":"Slime Boss","floor":16,"turns":10},{"damage":11,"enemies":"2 Thieves","floor":18,"turns":4},{"damage":12,"enemies":"3 Byrds","floor":22,"turns":5},{"damage":12,"enemies":"Gremlin Leader","floor":24,"turns":6},{"damage":0,"enemies":"Centurion and Healer","floor":28,"turns":5},{"damage":33,"enemies":"Book of Stabbing","floor":29,"turns":6},{"damage":9,"enemies":"Chosen and Byrds","floor":30,"turns":2}],"event_choices":[{"event_name":"Golden Shrine","player_choice":"Desecrate","floor":3,"damage_taken":0},{"event_name":"The Cleric","player_choice":"Card Removal","floor":11,"damage_taken":0},{"event_name":"Duplicator","player_choice":"One dupe","floor":20,"damage_taken":0},{"event_name":"Golden Shrine","player_choice":"Pray","floor":21,"damage_taken":0}],"boss_relics":[{"not_picked":["Astrolabe","Lizard Tail"],"picked":"Snecko Eye"}],"potions_floor_spawned":[5,10,16,18,22],"seed_played":"-917421083307764293","killed_by":"Chosen and Byrds","ascension_level":10,"is_trial":false}