{"gold_per_floor":[117,127,143,143,153,153,186,215,268,298,298,316,345,358,358,358],"floor_reached":16,"playtime":712,"items_purged":[],"score":226,"play_id":"34591fe1-2b89-468f-a569-62d6e06470f2","local_time":"20190212175904","is_ascension_mode":true,"campfire_choices":[{"data":"Iron Wave","floor":6,"key":"SMITH"},{"floor":11,"key":"REST"},{"data":"Infernal Blade","floor":15,"key":"SMITH"}],"neow_cost":"NONE","seed_source_timestamp":30146131730486,"circlet_count":0,"master_deck":["AscendersBane","Strike_R","Strike_R","Strike_R","Strike_R","Defend_R","Defend_R","Defend_R","Defend_R","Bash","Iron Wave+1","Immolate","Anger","Feed","Feel No Pain","Inflame","Infernal Blade+1","Sword Boomerang"],"relics":["Burning Blood","NeowsBlessing","Juzu Bracelet","Odd Mushroom","Tiny Chest","Dream Catcher","Boot"],"potions_floor_usage":[7,8,10,16,16],"damage_taken":[{"damage":0,"enemies":"Jaw Worm","floor":1,"turns":1},{"damage":0,"enemies":"Cultist","floor":2,"turns":1},{"damage":0,"enemies":"2 Louse","floor":3,"turns":1},{"damage":14,"enemies":"Blue Slaver","floor":5,"turns":6},{"damage":23,"enemies":"3 Sentries","floor":7,"turns":6},{"damage":0,"enemies":"The Mushroom Lair","floor":8,"turns":1},{"damage":18,"enemies":"Lagavulin","floor":10,"turns":5},{"damage":13,"enemies":"Exordium Wildlife","floor":12,"turns":3},{"damage":15,"enemies":"Gremlin Nob","floor":13,"turns":4},{"damage":7,"enemies":"3 Louse","floor":14,"turns":3},{"damage":58,"enemies":"Hexaghost","floor":16,"turns":9}],"seed_played":"3464315133256810160","potions_obtained":[{"floor":1,"key":"SkillPotion"},{"floor":5,"key":"SteroidPotion"},{"floor":7,"key":"Explosive Potion"},{"floor":10,"key":"LiquidBronze"},{"floor":13,"key":"EssenceOfSteel"},{"floor":14,"key":"Weak Potion"}],"is_trial":false,"path_per_floor":["M","M","M","?","M","R","E","?","T","E","R","M","E","M","R","B"],"character_chosen":"IRONCLAD","items_purchased":[],"campfire_rested":1,"item_purchase_floors":[],"current_hp_per_floor":[74,75,75,75,67,67,50,56,56,47,70,63,54,56,56,0],"gold":358,"neow_bonus":"THREE_ENEMY_KILL","is_prod":false,"is_daily":false,"chose_seed":false,"campfire_upgraded":2,"win_rate":0,"timestamp":1550012344,"path_taken":["M","M","M","?","?","R","E","?","T","E","R","M","E","M","R","BOSS"],"build_version":"2019-01-23","purchased_purges":0,"victory":false,"max_hp_per_floor":[75,75,75,75,75,75,75,75,75,78,78,78,78,81,81,81],"card_choices":[{"not_picked":["Infernal Blade","Heavy Blade"],"picked":"Iron Wave","floor":1},{"not_picked":["Heavy Blade","Body Slam","Sever Soul"],"picked":"SKIP","floor":2},{"not_picked":["Cleave","Clash"],"picked":"Immolate","floor":3},{"not_picked":["Seeing Red","Flex"],"picked":"Anger","floor":5},{"not_picked":["Anger","Clash"],"picked":"Feed","floor":7},{"not_picked":["Clothesline","Perfected Strike"],"picked":"Feel No Pain","floor":10},{"not_picked":["Perfected Strike","Sever Soul"],"picked":"Inflame","floor":12},{"not_picked":["Body Slam","Wild Strike"],"picked":"Infernal Blade","floor":13},{"not_picked":["Bloodletting","Iron Wave"],"picked":"Sword Boomerang","floor":14}],"player_experience":537263,"relics_obtained":[{"floor":7,"key":"Juzu Bracelet"},{"floor":8,"key":"Odd Mushroom"},{"floor":9,"key":"Tiny Chest"},{"floor":10,"key":"Dream Catcher"},{"floor":13,"key":"Boot"}],"event_choices":[{"cards_removed":["Strike_R"],"damage_healed":0,"gold_gain":0,"player_choice":"Purged","damage_taken":0,"max_hp_gain":0,"max_hp_loss":0,"event_name":"Purifier","floor":4,"gold_loss":0},{"damage_healed":0,"gold_gain":0,"player_choice":"Fought Mushrooms","damage_taken":0,"max_hp_gain":0,"max_hp_loss":0,"event_name":"Mushrooms","floor":8,"gold_loss":0}],"is_beta":false,"boss_relics":[],"items_purged_floors":[],"is_endless":false,"potions_floor_spawned":[1,5,7,10,13,14],"killed_by":"Hexaghost","ascension_level":17}