{"gold_per_floor":[112,131,149,169,185,185,199,199,199,218,218,251],"floor_reached":12,"playtime":510,"items_purged":[],"score":84,"play_id":"12a6f296-ac5f-4854-9606-79edb6a0806b","local_time":"20190227132552","is_ascension_mode":false,"campfire_choices":[{"floor":6,"key":"REST"},{"data":"True Grit","floor":8,"key":"SMITH"}],"neow_cost":"NONE","seed_source_timestamp":3779006132966179,"circlet_count":0,"master_deck":["Bash","Barricade","Brutality","Sentinel","Headbutt","Inflame","Warcry","Clothesline","Sever Soul","Pommel Strike","Cleave","Shrug It Off","True Grit+1","Feel No Pain"],"relics":["Pandora\u0027s Box","Matryoshka"],"potions_floor_usage":[12],"damage_taken":[{"damage":0,"enemies":"Cultist","floor":1,"turns":3},{"damage":3,"enemies":"Small Slimes","floor":2,"turns":3},{"damage":3,"enemies":"Jaw Worm","floor":3,"turns":3},{"damage":12,"enemies":"Looter","floor":4,"turns":3},{"damage":8,"enemies":"Exordium Wildlife","floor":5,"turns":4},{"damage":0,"enemies":"Blue Slaver","floor":7,"turns":5},{"damage":4,"enemies":"Large Slime","floor":10,"turns":6},{"damage":14,"enemies":"Gremlin Nob","floor":12,"turns":3}],"seed_played":"-7840354324595014409","potions_obtained":[{"floor":2,"key":"FairyPotion"},{"floor":3,"key":"BloodPotion"},{"floor":5,"key":"AttackPotion"}],"is_trial":false,"path_per_floor":["M","M","M","M","M","R","M","R","T","M","?","E"],"character_chosen":"IRONCLAD","items_purchased":[],"campfire_rested":1,"item_purchase_floors":[],"current_hp_per_floor":[80,77,74,62,54,78,78,78,78,74,74,60],"gold":251,"neow_bonus":"BOSS_RELIC","is_prod":false,"is_daily":false,"chose_seed":false,"campfire_upgraded":1,"win_rate":0,"timestamp":1551291952,"path_taken":["M","?","M","M","?","R","M","R","T","M","?","E"],"build_version":"2019-02-06","purchased_purges":0,"victory":false,"max_hp_per_floor":[80,80,80,80,80,80,80,80,80,80,80,80],"card_choices":[{"not_picked":["Anger","Wild Strike"],"picked":"Cleave","floor":1},{"not_picked":["Inflame","Bloodletting","Flex"],"picked":"SKIP","floor":2},{"not_picked":["Uppercut","Perfected Strike","Searing Blow"],"picked":"SKIP","floor":3},{"not_picked":["Sword Boomerang","Body Slam"],"picked":"Shrug It Off","floor":4},{"not_picked":["Double Tap","Havoc"],"picked":"True Grit","floor":5},{"not_picked":["Havoc","Clash","Spot Weakness"],"picked":"SKIP","floor":7},{"not_picked":["Thunderclap","Sever Soul"],"picked":"Feel No Pain","floor":10}],"player_experience":287794,"relics_obtained":[{"floor":9,"key":"Matryoshka"}],"event_choices":[{"damage_healed":0,"gold_gain":0,"player_choice":"Ignored","damage_taken":0,"max_hp_gain":0,"max_hp_loss":0,"event_name":"Liars Game","floor":11,"gold_loss":0}],"is_beta":true,"boss_relics":[],"items_purged_floors":[],"is_endless":false,"potions_floor_spawned":[2,3,5,12],"killed_by":"Gremlin Nob","ascension_level":0}