{"gold_per_floor":[14,33,33,44,62,92,92,72,72,99,114,114,15,0,0,98,98,108,119,34,34,53,53,26,26,26,45,45,45,45,58,58,158,158,178,278,278,37,49,49,63,92,92,92,112,112,112,125,125,125],"floor_reached":50,"playtime":2905,"items_purged":["Strike_R"],"score":608,"play_id":"d366698a-94b0-4022-bded-191f3bfa3132","local_time":"20190219125328","is_ascension_mode":true,"campfire_choices":[{"data":"Armaments","floor":7,"key":"SMITH"},{"data":"Clothesline","floor":12,"key":"SMITH"},{"floor":15,"key":"REST"},{"data":"Havoc","floor":23,"key":"SMITH"},{"data":"Rupture","floor":25,"key":"SMITH"},{"floor":28,"key":"REST"},{"floor":32,"key":"REST"},{"floor":40,"key":"REST"},{"data":"Barricade","floor":44,"key":"SMITH"},{"floor":49,"key":"REST"}],"neow_cost":"NO_GOLD","seed_source_timestamp":3083448100701831,"circlet_count":0,"master_deck":["Defend_R","Defend_R","Defend_R","Defend_R","Bash","Sword Boomerang+1","Inflame","Metallicize","Offering","Armaments+1","Clothesline+1","Pummel","Immolate","Body Slam+1","Havoc+1","Evolve","Reckless Charge","Metallicize","Shrug It Off","Rupture+1","Combust","Bite","Bite","Bite","Bite","Bite","Shrug It Off","Brutality","Madness","Madness","Barricade+1","Warcry+1","Parasite"],"relics":["Burning Blood","Oddly Smooth Stone","The Courier","Whetstone","Strawberry","Philosopher\u0027s Stone","Singing Bowl","Runic Pyramid","Thread and Needle","Bag of Marbles","Orichalcum","Dodecahedron","Pocketwatch"],"potions_floor_usage":[6,6,18,22,36,39,39,48,50],"damage_taken":[{"damage":13,"enemies":"Jaw Worm","floor":1,"turns":5},{"damage":5,"enemies":"Cultist","floor":2,"turns":5},{"damage":0,"enemies":"2 Louse","floor":4,"turns":2},{"damage":13,"enemies":"2 Fungi Beasts","floor":5,"turns":5},{"damage":20,"enemies":"Lagavulin","floor":6,"turns":6},{"damage":12,"enemies":"Gremlin Nob","floor":10,"turns":3},{"damage":6,"enemies":"Looter","floor":11,"turns":2},{"damage":7,"enemies":"The Guardian","floor":16,"turns":15},{"damage":14,"enemies":"Spheric Guardian","floor":18,"turns":4},{"damage":6,"enemies":"Chosen","floor":19,"turns":3},{"damage":17,"enemies":"3 Cultists","floor":22,"turns":5},{"damage":11,"enemies":"Snecko","floor":27,"turns":5},{"damage":28,"enemies":"Chosen and Byrds","floor":31,"turns":6},{"damage":48,"enemies":"Automaton","floor":33,"turns":10},{"damage":31,"enemies":"3 Shapes","floor":35,"turns":5},{"damage":11,"enemies":"Mind Bloom Boss Battle","floor":36,"turns":4},{"damage":34,"enemies":"3 Darklings","floor":39,"turns":5},{"damage":21,"enemies":"4 Shapes","floor":41,"turns":4},{"damage":21,"enemies":"Giant Head","floor":42,"turns":9},{"damage":43,"enemies":"Jaw Worm Horde","floor":45,"turns":4},{"damage":40,"enemies":"Writhing Mass","floor":48,"turns":8},{"damage":75,"enemies":"Time Eater","floor":50,"turns":6}],"seed_played":"5090710667131439750","potions_obtained":[{"floor":1,"key":"Weak Potion"},{"floor":5,"key":"Poison Potion"},{"floor":8,"key":"FairyPotion"},{"floor":10,"key":"Fire Potion"},{"floor":19,"key":"BloodPotion"},{"floor":31,"key":"FearPotion"},{"floor":36,"key":"BloodPotion"},{"floor":41,"key":"Ancient Potion"},{"floor":48,"key":"FearPotion"}],"is_trial":false,"path_per_floor":["M","M","?","M","M","E","R","?","T","E","M","R","$","?","R","B",null,"M","M","$","?","M","R","$","R","T","M","R","?","?","M","R","B",null,"M","?","?","$","M","R","M","E","T","R","M","?","?","M","R","B"],"character_chosen":"IRONCLAD","items_purchased":["Dexterity Potion","Evolve","Reckless Charge","Rupture","Bag of Marbles","Orichalcum"],"campfire_rested":5,"item_purchase_floors":[13,20,20,24,38,38],"current_hp_per_floor":[89,90,78,84,77,63,63,63,63,64,64,64,64,64,94,93,103,95,95,95,95,84,84,84,84,84,79,103,82,75,60,75,57,75,59,59,49,49,49,73,68,79,79,79,50,50,42,18,43,0],"gold":125,"neow_bonus":"TWENTY_PERCENT_HP_BONUS","is_prod":false,"is_daily":false,"chose_seed":false,"campfire_upgraded":5,"win_rate":0,"timestamp":1550598808,"path_taken":["M","M","?","M","M","E","R","?","T","E","?","R","$","?","R","BOSS","M","M","$","?","M","R","$","R","T","?","R","?","?","M","R","BOSS","M","?","?","$","M","R","M","E","T","R","M","?","?","?","R","BOSS"],"build_version":"2019-02-06","purchased_purges":1,"victory":false,"max_hp_per_floor":[96,96,96,96,96,96,96,96,96,103,103,103,103,103,103,103,103,103,103,103,103,103,103,103,103,103,103,103,108,75,75,75,75,75,77,79,79,79,81,81,81,83,83,83,83,83,83,85,85,85],"card_choices":[{"not_picked":["Dual Wield","Headbutt"],"picked":"Sword Boomerang","floor":1},{"not_picked":["Cleave","Sword Boomerang"],"picked":"Inflame","floor":2},{"not_picked":["Pommel Strike","Seeing Red"],"picked":"Metallicize","floor":4},{"not_picked":["Pommel Strike","Armaments"],"picked":"Offering","floor":5},{"not_picked":["Power Through","Rage"],"picked":"Armaments","floor":6},{"not_picked":["Inflame","Flex"],"picked":"Clothesline","floor":10},{"not_picked":["Armaments","Heavy Blade"],"picked":"Pummel","floor":11},{"not_picked":["Bludgeon","Dark Embrace"],"picked":"Immolate","floor":16},{"not_picked":["Twin Strike","Uppercut"],"picked":"Body Slam+1","floor":18},{"not_picked":["Perfected Strike","Carnage+1"],"picked":"Havoc","floor":19},{"not_picked":["Thunderclap","Headbutt"],"picked":"Shrug It Off","floor":22},{"not_picked":["Sword Boomerang","Clash"],"picked":"Combust","floor":27},{"not_picked":["Pommel Strike","Clothesline"],"picked":"Shrug It Off","floor":31},{"not_picked":["Feed","Berserk"],"picked":"Brutality","floor":33},{"not_picked":["Armaments+1","Iron Wave","True Grit"],"picked":"Singing Bowl","floor":35},{"not_picked":["Cleave","Armaments","Reckless Charge+1"],"picked":"Singing Bowl","floor":36},{"not_picked":["Spot Weakness+1","Thunderclap+1","Uppercut"],"picked":"Singing Bowl","floor":39},{"not_picked":["Warcry+1","Thunderclap+1"],"picked":"Barricade","floor":41},{"not_picked":["Clash","Wild Strike+1","Evolve+1"],"picked":"Singing Bowl","floor":42},{"not_picked":["Sentinel+1","Clash+1"],"picked":"Warcry+1","floor":45},{"not_picked":["Iron Wave+1","Sword Boomerang+1","Bloodletting+1"],"picked":"Singing Bowl","floor":48}],"player_experience":152350,"relics_obtained":[{"floor":6,"key":"The Courier"},{"floor":9,"key":"Whetstone"},{"floor":10,"key":"Strawberry"},{"floor":26,"key":"Singing Bowl"},{"floor":36,"key":"Thread and Needle"},{"floor":42,"key":"Dodecahedron"},{"floor":43,"key":"Pocketwatch"}],"event_choices":[{"damage_healed":0,"gold_gain":0,"player_choice":"Success","damage_taken":12,"relics_obtained":["Oddly Smooth Stone"],"max_hp_gain":0,"max_hp_loss":0,"event_name":"Scrap Ooze","floor":3,"gold_loss":0},{"damage_healed":0,"gold_gain":0,"player_choice":"Bought 1 Potion","damage_taken":0,"max_hp_gain":0,"max_hp_loss":0,"event_name":"The Woman in Blue","floor":8,"gold_loss":0},{"damage_healed":0,"gold_gain":0,"player_choice":"Left Gold","damage_taken":0,"max_hp_gain":0,"max_hp_loss":0,"event_name":"World of Goop","floor":14,"gold_loss":15},{"damage_healed":0,"gold_gain":0,"player_choice":"Copied","damage_taken":0,"max_hp_gain":0,"max_hp_loss":0,"event_name":"Duplicator","floor":21,"gold_loss":0,"cards_obtained":["Metallicize"]},{"damage_healed":0,"gold_gain":0,"player_choice":"Shed Blood","damage_taken":26,"max_hp_gain":5,"max_hp_loss":0,"event_name":"Forgotten Altar","floor":29,"gold_loss":0},{"damage_healed":0,"gold_gain":0,"player_choice":"Became a vampire","damage_taken":0,"max_hp_gain":0,"max_hp_loss":33,"event_name":"Vampires","floor":30,"gold_loss":0,"cards_obtained":["Bite","Bite","Bite","Bite","Bite"]},{"damage_healed":0,"gold_gain":0,"player_choice":"Fight","damage_taken":0,"max_hp_gain":0,"max_hp_loss":0,"event_name":"MindBloom","floor":36,"gold_loss":0},{"damage_healed":0,"gold_gain":0,"player_choice":"Embrace Madness","damage_taken":10,"max_hp_gain":0,"max_hp_loss":0,"event_name":"Winding Halls","floor":37,"gold_loss":0,"cards_obtained":["Madness","Madness"]},{"damage_healed":0,"gold_gain":0,"player_choice":"Ignored","damage_taken":0,"max_hp_gain":0,"max_hp_loss":0,"event_name":"Mysterious Sphere","floor":46,"gold_loss":0},{"damage_healed":0,"gold_gain":0,"player_choice":"Damaged","damage_taken":8,"max_hp_gain":0,"max_hp_loss":0,"event_name":"Wheel of Change","floor":47,"gold_loss":0}],"is_beta":true,"boss_relics":[{"not_picked":["Coffee Dripper","Runic Dome"],"picked":"Philosopher\u0027s Stone"},{"not_picked":["Astrolabe","Snecko Eye"],"picked":"Runic Pyramid"}],"items_purged_floors":[13],"is_endless":false,"potions_floor_spawned":[1,5,10,19,31,36,41,48],"killed_by":"Time Eater","ascension_level":2}