{"gold_per_floor":[10,20,38,53,64,64,92,92,161,187,187,197,232,252,252,327,327,343,356,356,46,62,126,126,157,157,157,174,191,191,224,224,299,299,326,338,300,320,44,44,44,44,44,44,56,72,72,72,72,72,72,72,6,6],"floor_reached":54,"playtime":4916,"items_purged":["Decay","Regret"],"score":1194,"play_id":"2074b53a-7098-48cd-8828-6b163b399f08","local_time":"20190106233833","is_ascension_mode":true,"campfire_choices":[{"data":"Bash","floor":6.0,"key":"SMITH"},{"floor":8.0,"key":"REST"},{"data":"Inflame","floor":15.0,"key":"SMITH"},{"data":"Disarm","floor":24.0,"key":"SMITH"},{"data":"Corruption","floor":27.0,"key":"SMITH"},{"floor":32.0,"key":"REST"},{"data":"True Grit","floor":40,"key":"SMITH"},{"data":"Uppercut","floor":42,"key":"SMITH"},{"data":"Disarm","floor":44,"key":"SMITH"},{"floor":49,"key":"RECALL"},{"floor":52,"key":"REST"}],"neow_cost":"NO_GOLD","seed_source_timestamp":0,"circlet_count":0,"master_deck":["AscendersBane","Strike_R+1","Strike_R+1","Strike_R+1","Strike_R+1","Strike_R+1","Defend_R+1","Defend_R+1","Defend_R+1","Defend_R+1","Bash+1","Shrug It Off","True Grit+1","Corruption+1","Iron Wave+1","Shrug It Off","Inflame+1","Disarm+1","Clothesline","Fiend Fire","Anger","Uppercut+1","Disarm+1","Iron Wave","Shockwave","Battle Trance","Offering","Parasite","Clumsy","True Grit","Disarm+1","Demon Form","Warcry+1","Dark Shackles"],"special_seed":0,"relics":["Burning Blood","Gambling Chip","Whetstone","Kunai","Odd Mushroom","Du-Vu Doll","Velvet Choker","Blood Vial","Tiny Chest","WingedGreaves","Question Card","Smiling Mask","Calling Bell","MawBank","The Courier","Torii","Vajra","HandDrill","Red Skull"],"potions_floor_usage":[46],"damage_taken":[{"damage":3.0,"enemies":"Jaw Worm","floor":1.0,"turns":5.0},{"damage":7.0,"enemies":"Small Slimes","floor":2.0,"turns":4.0},{"damage":3.0,"enemies":"Cultist","floor":3.0,"turns":4.0},{"damage":6.0,"enemies":"2 Fungi Beasts","floor":4.0,"turns":5.0},{"damage":1.0,"enemies":"Red Slaver","floor":5.0,"turns":6.0},{"damage":48.0,"enemies":"Lagavulin","floor":7.0,"turns":9.0},{"damage":19.0,"enemies":"The Mushroom Lair","floor":10.0,"turns":5.0},{"damage":10.0,"enemies":"Looter","floor":12.0,"turns":4.0},{"damage":24.0,"enemies":"Gremlin Nob","floor":13.0,"turns":4.0},{"damage":0.0,"enemies":"Exordium Wildlife","floor":14.0,"turns":4.0},{"damage":7.0,"enemies":"Slime Boss","floor":16.0,"turns":8.0},{"damage":8.0,"enemies":"Chosen","floor":18.0,"turns":4.0},{"damage":7.0,"enemies":"3 Byrds","floor":19.0,"turns":4.0},{"damage":14.0,"enemies":"Shelled Parasite and Fungi","floor":22.0,"turns":7.0},{"damage":18.0,"enemies":"Gremlin Leader","floor":23.0,"turns":7.0},{"damage":18.0,"enemies":"Book of Stabbing","floor":25.0,"turns":6.0},{"damage":9.0,"enemies":"Cultist and Chosen","floor":28.0,"turns":6.0},{"damage":5.0,"enemies":"Snecko","floor":29.0,"turns":5.0},{"damage":3.0,"enemies":"Gremlin Leader","floor":31.0,"turns":8.0},{"damage":60.0,"enemies":"Automaton","floor":33.0,"turns":11.0},{"damage":35.0,"enemies":"3 Darklings","floor":35.0,"turns":7.0},{"damage":0,"enemies":"3 Shapes","floor":38,"turns":3},{"damage":13,"enemies":"Transient","floor":45,"turns":5},{"damage":8,"enemies":"Maw","floor":46,"turns":7},{"damage":47,"enemies":"Time Eater","floor":50,"turns":12},{"damage":84,"enemies":"Shield and Spear","floor":54,"turns":6}],"seed_played":"497754198181393221","potions_obtained":[{"floor":2.0,"key":"Swift Potion"},{"floor":4.0,"key":"Ancient Potion"},{"floor":10.0,"key":"Weak Potion"},{"floor":13.0,"key":"Poison Potion"},{"floor":16.0,"key":"LiquidBronze"},{"floor":18.0,"key":"Explosive Potion"},{"floor":23.0,"key":"PowerPotion"},{"floor":31.0,"key":"Swift Potion"},{"floor":33.0,"key":"PowerPotion"},{"floor":35.0,"key":"SkillPotion"}],"is_trial":false,"path_per_floor":["M","M","M","M","M","R","E","R","T","?","?","M","E","M","R","B",null,"M","M","?","$","M","E","R","E","T","R","M","M","?","E","R","B",null,"M","?","$","M","$","R","?","R","T","R","M","M","T","?","R","B",null,"R","$","E"],"character_chosen":"IRONCLAD","items_purchased":["Blood Vial","Disarm","Vajra","HandDrill","Dark Shackles"],"campfire_rested":3,"item_purchase_floors":[21,21,39,39,53],"current_hp_per_floor":[71,70,73,73,75,75,33,55,55,42,85,81,63,69,69,68,81,79,78,78,78,72,62,62,52,52,52,51,54,54,59,84,31,72,45,45,45,53,53,53,53,53,53,53,48,48,48,48,48,9,63,81,81,0],"gold":6,"neow_bonus":"ONE_RARE_RELIC","is_prod":false,"is_daily":false,"chose_seed":false,"campfire_upgraded":7,"win_rate":0,"timestamp":1546846713,"path_taken":["M","M","M","M","M","R","E","R","T","?","?","M","E","?","R","BOSS","M","M","?","$","M","E","R","E","T","R","M","?","?","E","R","BOSS","M","?","$","M","$","R","?","R","T","R","?","M","?","?","R","BOSS","R","$","E"],"build_version":"2019-01-03v4","purchased_purges":2,"victory":false,"max_hp_per_floor":[75,75,75,75,75,75,75,75,75,75,85,85,85,85,85,85,85,85,85,85,85,85,85,85,85,85,85,85,85,85,85,85,85,85,85,85,85,85,85,85,85,85,85,85,85,85,85,81,81,81,81,81,81,81],"card_choices":[{"not_picked":["Cleave","Heavy Blade"],"picked":"Shrug It Off","floor":1.0},{"not_picked":["Burning Pact","Body Slam"],"picked":"True Grit","floor":2.0},{"not_picked":["Heavy Blade","Sentinel"],"picked":"Corruption","floor":3.0},{"not_picked":["Infernal Blade","Rupture"],"picked":"Iron Wave","floor":4.0},{"not_picked":["Thunderclap","Warcry"],"picked":"Shrug It Off","floor":5.0},{"not_picked":["Heavy Blade","Flex"],"picked":"Inflame","floor":7.0},{"not_picked":["Armaments","Bloodletting"],"picked":"Impervious","floor":10.0},{"not_picked":["Searing Blow","Pommel Strike"],"picked":"Disarm","floor":12.0},{"not_picked":["Dropkick","Flex"],"picked":"Whirlwind","floor":13.0},{"not_picked":["Body Slam","Shrug It Off"],"picked":"Clothesline","floor":14.0},{"not_picked":["Juggernaut","Dark Embrace"],"picked":"Fiend Fire","floor":16.0},{"not_picked":["Corruption","Warcry"],"picked":"Anger","floor":18.0},{"not_picked":["Rampage","Heavy Blade"],"picked":"Uppercut","floor":19.0},{"not_picked":["Flex","Cleave"],"picked":"Iron Wave","floor":22.0},{"not_picked":["Combust","Evolve"],"picked":"Shockwave","floor":23.0},{"not_picked":["Pommel Strike","Burning Pact+1","Sentinel"],"picked":"SKIP","floor":25.0},{"not_picked":["Dual Wield","Sword Boomerang","Searing Blow"],"picked":"Battle Trance","floor":28.0},{"not_picked":["Entrench","Corruption","Warcry","Havoc"],"picked":"SKIP","floor":29.0},{"not_picked":["Cleave","Evolve","Dual Wield","Wild Strike"],"picked":"SKIP","floor":31.0},{"not_picked":["Fiend Fire","Immolate","Impervious"],"picked":"Offering","floor":33.0},{"not_picked":["Flex","Heavy Blade+1","Clash"],"picked":"True Grit","floor":35.0},{"not_picked":["Sword Boomerang","Rupture","Heavy Blade","Wild Strike+1"],"picked":"SKIP","floor":38},{"not_picked":["Sword Boomerang","Anger","Spot Weakness"],"picked":"Demon Form","floor":45},{"not_picked":["Spot Weakness","Cleave","Rage"],"picked":"Warcry+1","floor":46}],"player_experience":696295,"relics_obtained":[{"floor":7.0,"key":"Whetstone"},{"floor":9.0,"key":"Kunai"},{"floor":10.0,"key":"Odd Mushroom"},{"floor":13.0,"key":"Du-Vu Doll"},{"floor":23.0,"key":"Tiny Chest"},{"floor":25.0,"key":"WingedGreaves"},{"floor":26.0,"key":"Question Card"},{"floor":31.0,"key":"Smiling Mask"},{"floor":34.0,"key":"MawBank"},{"floor":34.0,"key":"The Courier"},{"floor":34.0,"key":"Torii"},{"floor":47,"key":"Red Skull"}],"event_choices":[{"damage_healed":0.0,"max_hp_gain":0.0,"max_hp_loss":0.0,"gold_gain":0.0,"event_name":"Mushrooms","player_choice":"Fought Mushrooms","floor":10.0,"gold_loss":0.0,"damage_taken":0.0},{"cards_removed":["Impervious"],"damage_healed":33.0,"max_hp_gain":10.0,"max_hp_loss":0.0,"gold_gain":0.0,"event_name":"Bonfire Elementals","player_choice":"Offered Rare","floor":11.0,"gold_loss":0.0,"damage_taken":0.0},{"damage_healed":0.0,"max_hp_gain":0.0,"max_hp_loss":0.0,"gold_gain":0.0,"event_name":"Wheel of Change","player_choice":"Cursed","floor":20.0,"gold_loss":0.0,"damage_taken":0.0,"cards_obtained":["Decay"]},{"damage_healed":0.0,"max_hp_gain":0.0,"max_hp_loss":0.0,"gold_gain":0.0,"event_name":"Back to Basics","player_choice":"Simplicity","floor":30.0,"gold_loss":0.0,"damage_taken":0.0,"cards_upgraded":["Strike_R","Strike_R","Strike_R","Strike_R","Defend_R","Defend_R","Defend_R","Defend_R"]},{"cards_removed":["Whirlwind"],"damage_healed":0.0,"max_hp_gain":0.0,"max_hp_loss":0.0,"gold_gain":0.0,"event_name":"Falling","player_choice":"Removed Attack","floor":36.0,"gold_loss":0.0,"damage_taken":0.0},{"damage_healed":0,"gold_gain":0,"player_choice":"Copied","damage_taken":0,"max_hp_gain":0,"max_hp_loss":0,"event_name":"Duplicator","floor":41,"gold_loss":0,"cards_obtained":["Disarm"]},{"damage_healed":0,"gold_gain":0,"player_choice":"Max HP","damage_taken":0,"max_hp_gain":0,"max_hp_loss":4,"event_name":"Winding Halls","floor":48,"gold_loss":0}],"is_beta":true,"boss_relics":[{"not_picked":["Tiny House","Black Star"],"picked":"Velvet Choker"},{"not_picked":["Black Blood","Fusion Hammer"],"picked":"Calling Bell"}],"items_purged_floors":[21,37],"is_endless":false,"potions_floor_spawned":[2,4,10,13,16,18,23,31,33,35],"killed_by":"Shield and Spear","ascension_level":15}