{"gold_per_floor":[362,0,20,30,42,42,68,68,68,83,8,28,28,38,38,136,136,155,166,180,255,270,270,287,287,360,379,379,379,340,360,360,459,459,471,371,382,382,394,424,438,438,438,5,24,37,48,48,48,48],"floor_reached":51,"playtime":5332,"items_purged":["Strike_B","Strike_B"],"score":694,"play_id":"774b6cb1-d29b-402f-b8ce-f643f189eb66","local_time":"20190218214328","is_ascension_mode":true,"campfire_choices":[{"data":"Defragment","floor":6,"key":"SMITH"},{"data":"Zap","floor":8,"key":"SMITH"},{"data":"Self Repair","floor":13,"key":"SMITH"},{"floor":15,"key":"REST"},{"data":"Gash","floor":23,"key":"SMITH"},{"data":"Gash","floor":25,"key":"SMITH"},{"data":"Blizzard","floor":32,"key":"SMITH"},{"floor":42,"key":"REST"},{"floor":49,"key":"REST"}],"neow_cost":"PERCENT_DAMAGE","seed_source_timestamp":313785951919134,"circlet_count":0,"master_deck":["Strike_B","Strike_B","Defend_B","Defend_B","Defend_B","Zap+1","Dualcast","Gash+1","Gash+1","Coolheaded+1","Cold Snap","Defragment+1","Auto Shields+1","Conserve Battery+1","Gash+1","Self Repair+1","Glacier+1","Machine Learning","Coolheaded+1","Fission+1","Lockon+1","Hello World","Chaos+1","Blizzard+1","Echo Form","Gash+1","Force Field+1","Parasite","Panache","Stack+1","Coolheaded+1","All For One"],"relics":["Cracked Core","Toxic Egg 2","Ginger","Pocketwatch","Sozu","Pear","MutagenicStrength","Philosopher\u0027s Stone","Letter Opener","Bottled Tornado","HandDrill"],"potions_floor_usage":[16,33,33],"damage_taken":[{"damage":1,"enemies":"Jaw Worm","floor":1,"turns":3},{"damage":6,"enemies":"Cultist","floor":3,"turns":3},{"damage":0,"enemies":"Small Slimes","floor":4,"turns":3},{"damage":1,"enemies":"Blue Slaver","floor":5,"turns":3},{"damage":4,"enemies":"Lagavulin","floor":7,"turns":8},{"damage":1,"enemies":"Lots of Slimes","floor":10,"turns":4},{"damage":0,"enemies":"Exordium Wildlife","floor":12,"turns":4},{"damage":0,"enemies":"2 Fungi Beasts","floor":14,"turns":3},{"damage":23,"enemies":"Hexaghost","floor":16,"turns":11},{"damage":1,"enemies":"Shell Parasite","floor":18,"turns":6},{"damage":0,"enemies":"3 Byrds","floor":19,"turns":6},{"damage":9,"enemies":"Snake Plant","floor":20,"turns":5},{"damage":0,"enemies":"Centurion and Healer","floor":22,"turns":9},{"damage":0,"enemies":"Snecko","floor":24,"turns":6},{"damage":9,"enemies":"Shelled Parasite and Fungi","floor":27,"turns":7},{"damage":11,"enemies":"Snake Plant","floor":31,"turns":5},{"damage":24,"enemies":"Collector","floor":33,"turns":9},{"damage":11,"enemies":"Orb Walker","floor":35,"turns":4},{"damage":0,"enemies":"3 Darklings","floor":37,"turns":7},{"damage":33,"enemies":"Jaw Worm Horde","floor":39,"turns":5},{"damage":52,"enemies":"Nemesis","floor":40,"turns":7},{"damage":17,"enemies":"Writhing Mass","floor":41,"turns":7},{"damage":3,"enemies":"Spire Growth","floor":45,"turns":5},{"damage":0,"enemies":"Maw","floor":46,"turns":6},{"damage":3,"enemies":"Transient","floor":47,"turns":5},{"damage":12,"enemies":"Donu and Deca","floor":50,"turns":10}],"seed_played":"-8134319044650060877","potions_obtained":[{"floor":3,"key":"SmokeBomb"},{"floor":5,"key":"Fire Potion"},{"floor":7,"key":"Regen Potion"},{"floor":14,"key":"EntropicBrew"}],"is_trial":false,"path_per_floor":["M","$","M","M","M","R","E","R","T","M","$","M","R","M","R","B",null,"M","M","M","?","M","R","M","R","T","M","?","?","$","M","R","B",null,"M","$","M","?","M","E","M","R","T","$","M","M","M","?","R","B",null],"character_chosen":"DEFECT","items_purchased":["Gash","Toxic Egg 2","Coolheaded+1","Chaos+1","Panache","HandDrill","Stack+1"],"campfire_rested":3,"item_purchase_floors":[2,2,2,30,44,44,44],"current_hp_per_floor":[53,53,47,47,46,46,42,42,42,41,41,41,41,51,73,75,75,75,75,75,68,75,75,75,75,85,85,85,85,85,84,84,70,85,84,84,85,85,62,20,13,38,38,38,55,65,72,72,85,83],"gold":48,"neow_bonus":"TWO_FIFTY_GOLD","is_prod":false,"is_daily":false,"chose_seed":false,"campfire_upgraded":6,"win_rate":0,"timestamp":1550522608,"path_taken":["M","$","M","M","M","R","E","R","T","M","$","M","R","M","R","BOSS","M","M","M","?","M","R","?","R","T","M","?","?","$","M","R","BOSS","M","?","?","?","M","E","M","R","T","$","M","M","M","?","R","BOSS"],"build_version":"2019-01-23","purchased_purges":2,"victory":true,"max_hp_per_floor":[75,75,75,75,75,75,75,75,75,75,75,75,75,75,75,75,75,75,75,75,75,75,75,75,75,85,85,85,85,85,85,85,85,85,85,85,85,85,85,85,85,85,85,85,85,85,85,85,85,85],"card_choices":[{"not_picked":["Hologram","Stack"],"picked":"Gash","floor":1},{"not_picked":["Hologram+1","Steam+1"],"picked":"Cold Snap","floor":3},{"not_picked":["Go for the Eyes","Coolheaded+1"],"picked":"Defragment","floor":4},{"not_picked":["Hologram+1","Blizzard"],"picked":"Auto Shields+1","floor":5},{"not_picked":["Leap+1","Electrodynamics"],"picked":"Conserve Battery+1","floor":7},{"not_picked":["Redo+1","BootSequence+1"],"picked":"Gash","floor":10},{"not_picked":["Static Discharge","Rip and Tear"],"picked":"Self Repair","floor":12},{"not_picked":["Barrage","Consume+1"],"picked":"Glacier+1","floor":14},{"not_picked":["Hyperbeam","Amplify+1"],"picked":"Machine Learning","floor":16},{"not_picked":["Steam+1","Beam Cell","Leap+1"],"picked":"SKIP","floor":18},{"not_picked":["Steam Power+1","Reinforced Body+1"],"picked":"Coolheaded+1","floor":19},{"not_picked":["Streamline","Beam Cell","Scrape"],"picked":"SKIP","floor":20},{"not_picked":["Ball Lightning+1","Compile Driver"],"picked":"Fission+1","floor":22},{"not_picked":["Stack+1","Sweeping Beam"],"picked":"Lockon+1","floor":24},{"not_picked":["Hologram+1","Darkness+1"],"picked":"Hello World","floor":27},{"not_picked":["Darkness+1","Steam Power+1"],"picked":"Blizzard","floor":31},{"not_picked":["Multi-Cast+1","Electrodynamics"],"picked":"Echo Form","floor":33},{"not_picked":["Compile Driver","Lockon+1","Conserve Battery+1"],"picked":"SKIP","floor":35},{"not_picked":["Barrage","Beam Cell"],"picked":"Gash+1","floor":37},{"not_picked":["Barrage+1","Streamline+1","Genetic Algorithm+1"],"picked":"SKIP","floor":39},{"not_picked":["Leap+1","Undo+1"],"picked":"Force Field+1","floor":40},{"not_picked":["Amplify+1","Steam+1","Reinforced Body+1"],"picked":"SKIP","floor":41},{"not_picked":["Leap+1","Compile Driver+1"],"picked":"Coolheaded+1","floor":45},{"not_picked":["Sunder+1","Cold Snap"],"picked":"All For One","floor":46},{"not_picked":["Hello World+1","Rebound+1","Steam+1"],"picked":"SKIP","floor":47}],"player_experience":95809,"relics_obtained":[{"floor":7,"key":"Ginger"},{"floor":9,"key":"Pocketwatch"},{"floor":26,"key":"Pear"},{"floor":40,"key":"Letter Opener"},{"floor":43,"key":"Bottled Tornado"}],"event_choices":[{"damage_healed":0,"gold_gain":75,"player_choice":"Touch","damage_taken":7,"max_hp_gain":0,"max_hp_loss":0,"event_name":"FaceTrader","floor":21,"gold_loss":0},{"damage_healed":0,"gold_gain":0,"player_choice":"Inject Mutagens","damage_taken":0,"relics_obtained":["MutagenicStrength"],"max_hp_gain":0,"max_hp_loss":0,"event_name":"Drug Dealer","floor":28,"gold_loss":0},{"damage_healed":0,"gold_gain":0,"player_choice":"Forge","damage_taken":0,"max_hp_gain":0,"max_hp_loss":0,"event_name":"Accursed Blacksmith","floor":29,"gold_loss":0,"cards_upgraded":["Gash"]},{"damage_healed":0,"gold_gain":0,"player_choice":"Ignored","damage_taken":0,"max_hp_gain":0,"max_hp_loss":0,"event_name":"Tomb of Lord Red Mask","floor":38,"gold_loss":0},{"cards_removed":["Defend_B"],"damage_healed":0,"gold_gain":0,"player_choice":"Removed Skill","damage_taken":0,"max_hp_gain":0,"max_hp_loss":0,"event_name":"Falling","floor":48,"gold_loss":0}],"is_beta":false,"boss_relics":[{"not_picked":["Lizard Tail","Runic Dome"],"picked":"Sozu"},{"not_picked":["Astrolabe","Fusion Hammer"],"picked":"Philosopher\u0027s Stone"}],"items_purged_floors":[11,36],"is_endless":false,"potions_floor_spawned":[3,5,7,14,22,24,31,33,37,39,41,45],"ascension_level":1}