{"gold_per_floor":[117,117,192,210,60,90,90,119,168,168,168,203,215,21,21,122,122,47,47,59,9,21,21,21,21,21,33,33],"floor_reached":28,"playtime":1881,"items_purged":["Strike_R","Clash+1"],"score":334,"play_id":"66d5cead-93f5-430b-9dff-3b71924a56cf","local_time":"20190223171012","is_ascension_mode":true,"campfire_choices":[{"data":"Battle Trance","floor":7,"key":"SMITH"},{"data":"Barricade","floor":10,"key":"SMITH"},{"data":"Armaments","floor":15,"key":"SMITH"},{"data":"Juggernaut","floor":23,"key":"SMITH"},{"data":"Shockwave","floor":25,"key":"SMITH"}],"neow_cost":"NONE","seed_source_timestamp":732856680068176,"circlet_count":0,"master_deck":["Strike_R","Defend_R","Defend_R","Defend_R","Defend_R","Bash","Clothesline","Reaper","Battle Trance+1","Barricade+1","True Grit","Shrug It Off","Armaments+1","Juggernaut+1","Pommel Strike+1","Metallicize+1","Shockwave+1","Evolve"],"relics":["Burning Blood","NeowsBlessing","Dream Catcher","Smiling Mask","Bottled Flame","Bag of Marbles","The Courier","Happy Flower","Astrolabe","MutagenicStrength","Ornamental Fan"],"potions_floor_usage":[16,16,16,28],"damage_taken":[{"damage":0,"enemies":"Small Slimes","floor":1,"turns":1},{"damage":0,"enemies":"2 Louse","floor":4,"turns":1},{"damage":0,"enemies":"Lagavulin","floor":6,"turns":1},{"damage":34,"enemies":"Gremlin Nob","floor":8,"turns":5},{"damage":42,"enemies":"Lagavulin","floor":12,"turns":9},{"damage":4,"enemies":"Jaw Worm","floor":13,"turns":3},{"damage":8,"enemies":"The Guardian","floor":16,"turns":13},{"damage":26,"enemies":"2 Thieves","floor":18,"turns":5},{"damage":31,"enemies":"3 Byrds","floor":20,"turns":7},{"damage":4,"enemies":"Cultist and Chosen","floor":22,"turns":9},{"damage":16,"enemies":"Centurion and Healer","floor":27,"turns":11},{"damage":66,"enemies":"3 Cultists","floor":28,"turns":5}],"seed_played":"-4929335424239912369","potions_obtained":[{"floor":6,"key":"BloodPotion"},{"floor":8,"key":"SpeedPotion"},{"floor":12,"key":"Dexterity Potion"},{"floor":13,"key":"Strength Potion"},{"floor":16,"key":"GamblersBrew"},{"floor":22,"key":"FairyPotion"},{"floor":27,"key":"Fire Potion"}],"is_trial":false,"path_per_floor":["M","?","?","M","$","E","R","E","T","R","?","E","M","$","R","B",null,"M","?","M","$","M","R","?","R","T","M","M"],"character_chosen":"IRONCLAD","items_purchased":["Reaper","Happy Flower","Armaments"],"campfire_rested":0,"item_purchase_floors":[5,14,14],"current_hp_per_floor":[78,75,64,70,70,77,77,55,55,55,80,44,46,46,46,52,73,53,45,26,26,33,33,33,33,33,37,0],"gold":33,"neow_bonus":"THREE_ENEMY_KILL","is_prod":false,"is_daily":false,"chose_seed":false,"campfire_upgraded":5,"win_rate":0,"timestamp":1550938212,"path_taken":["M","?","?","M","$","E","R","E","T","R","?","E","M","?","R","BOSS","M","?","M","$","?","R","?","R","T","M","M"],"build_version":"2019-01-23","purchased_purges":2,"victory":false,"max_hp_per_floor":[80,80,80,80,80,80,80,80,80,80,80,80,80,80,80,80,80,80,80,80,80,80,80,80,80,80,80,80],"card_choices":[{"not_picked":["Flex","Rupture","Warcry"],"picked":"SKIP","floor":1},{"not_picked":["Clash","Flex"],"picked":"Clothesline","floor":4},{"not_picked":["Combust","Intimidate"],"picked":"Battle Trance","floor":6},{"not_picked":["Evolve","Twin Strike"],"picked":"Barricade","floor":8},{"not_picked":["Anger","Pommel Strike"],"picked":"True Grit","floor":12},{"not_picked":["Sever Soul","Pommel Strike"],"picked":"Shrug It Off","floor":13},{"not_picked":["Double Tap","Barricade"],"picked":"Juggernaut","floor":16},{"not_picked":["Sword Boomerang+1","Anger","Battle Trance"],"picked":"SKIP","floor":18},{"not_picked":["Ghostly Armor","Fire Breathing"],"picked":"Shockwave","floor":20},{"not_picked":["Twin Strike+1","Shrug It Off","Second Wind"],"picked":"SKIP","floor":22},{"not_picked":["Fire Breathing","Perfected Strike"],"picked":"Evolve","floor":27}],"player_experience":397636,"relics_obtained":[{"floor":6,"key":"Smiling Mask"},{"floor":8,"key":"Bottled Flame"},{"floor":9,"key":"Bag of Marbles"},{"floor":12,"key":"The Courier"},{"floor":26,"key":"Ornamental Fan"}],"event_choices":[{"damage_healed":0,"gold_gain":0,"player_choice":"Success","damage_taken":3,"relics_obtained":["Dream Catcher"],"max_hp_gain":0,"max_hp_loss":0,"event_name":"Scrap Ooze","floor":2,"gold_loss":0},{"damage_healed":0,"gold_gain":75,"player_choice":"Gather Gold","damage_taken":11,"max_hp_gain":0,"max_hp_loss":0,"event_name":"World of Goop","floor":3,"gold_loss":0},{"damage_healed":26,"gold_gain":0,"player_choice":"Banana","damage_taken":0,"max_hp_gain":0,"max_hp_loss":0,"event_name":"Big Fish","floor":11,"gold_loss":0},{"damage_healed":0,"gold_gain":0,"player_choice":"","damage_taken":8,"max_hp_gain":0,"max_hp_loss":0,"event_name":"Knowing Skull","floor":19,"potions_obtained":[],"gold_loss":0,"cards_obtained":[]},{"damage_healed":0,"gold_gain":0,"player_choice":"Inject Mutagens","damage_taken":0,"relics_obtained":["MutagenicStrength"],"max_hp_gain":0,"max_hp_loss":0,"event_name":"Drug Dealer","floor":24,"gold_loss":0}],"is_beta":false,"boss_relics":[{"not_picked":["Lizard Tail","Runic Dome"],"picked":"Astrolabe"}],"items_purged_floors":[14,21],"is_endless":false,"potions_floor_spawned":[6,8,12,13,16,22,27],"killed_by":"3 Cultists","ascension_level":6}