{"gold_per_floor":[111,125,135,111,111,111,141,141,165,181,211,226,238,291,291,392,392,411,61,61,79,29,29,59,71,124,124,153,168,182,198,198,302,302,314,314,56,56,26,26,59,76,76,76,76,76,76,96,96,96],"floor_reached":50,"playtime":3321,"items_purged":["Strike_G","Strike_G","Doubt"],"score":700,"play_id":"649249d8-8742-4948-9c86-5553f2fd7b33","local_time":"20190221204047","is_ascension_mode":true,"campfire_choices":[{"data":"Dagger Spray","floor":6,"key":"SMITH"},{"floor":8,"key":"REST"},{"floor":15,"key":"REST"},{"floor":23,"key":"REST"},{"floor":27,"key":"REST"},{"floor":32,"key":"REST"},{"floor":40,"key":"REST"},{"data":"Envenom","floor":45,"key":"SMITH"},{"floor":46,"key":"REST"},{"floor":49,"key":"REST"}],"neow_cost":"NONE","seed_source_timestamp":3283873313667073,"circlet_count":0,"master_deck":["Defend_G","Defend_G","Defend_G","Defend_G","Defend_G","Strike_G","Strike_G+1","Strike_G+1","Survivor","Neutralize","Prepared","Dagger Spray+1","Slice","Deflect","Deadly Poison","Caltrops","Sucker Punch","Glass Knife","Cloak And Dagger","Cloak And Dagger","Caltrops","PiercingWail","Cloak And Dagger+1","Prepared+1","Leg Sweep","Footwork","Finisher","Well Laid Plans","Noxious Fumes","Envenom+1","Decay","Doubt","Dagger Spray+1","Backstab+1","Cloak And Dagger+1","Thinking Ahead"],"relics":["Ring of the Serpent","Art of War","Whetstone","Matryoshka","Dream Catcher","Smiling Mask","TwistedFunnel","MutagenicStrength","Ancient Tea Set","Blue Candle","Snake Skull","Bottled Lightning","Calling Bell","Bronze Scales","Dodecahedron","WingedGreaves","ClockworkSouvenir","Bottled Flame","Meat on the Bone"],"potions_floor_usage":[11,12,16,24,25,30,33,33,50,50,50],"damage_taken":[{"damage":1,"enemies":"Cultist","floor":1,"turns":4},{"damage":7,"enemies":"Jaw Worm","floor":2,"turns":8},{"damage":1,"enemies":"Small Slimes","floor":3,"turns":3},{"damage":14,"enemies":"3 Sentries","floor":7,"turns":7},{"damage":0,"enemies":"Looter","floor":10,"turns":3},{"damage":16,"enemies":"Gremlin Nob","floor":11,"turns":3},{"damage":13,"enemies":"Exordium Thugs","floor":12,"turns":5},{"damage":5,"enemies":"Exordium Wildlife","floor":13,"turns":5},{"damage":53,"enemies":"Hexaghost","floor":16,"turns":13},{"damage":19,"enemies":"Spheric Guardian","floor":18,"turns":4},{"damage":9,"enemies":"Chosen","floor":21,"turns":4},{"damage":24,"enemies":"Book of Stabbing","floor":24,"turns":5},{"damage":13,"enemies":"Snecko","floor":25,"turns":5},{"damage":2,"enemies":"Gremlin Leader","floor":28,"turns":7},{"damage":3,"enemies":"Chosen and Byrds","floor":29,"turns":5},{"damage":9,"enemies":"Snake Plant","floor":30,"turns":4},{"damage":0,"enemies":"Shelled Parasite and Fungi","floor":31,"turns":7},{"damage":27,"enemies":"Automaton","floor":33,"turns":12},{"damage":13,"enemies":"3 Shapes","floor":35,"turns":5},{"damage":25,"enemies":"Reptomancer","floor":41,"turns":9},{"damage":4,"enemies":"Orb Walker","floor":42,"turns":4},{"damage":10,"enemies":"Maw","floor":48,"turns":7},{"damage":79,"enemies":"Donu and Deca","floor":50,"turns":10}],"seed_played":"5393154215335589582","potions_obtained":[{"floor":2,"key":"Dexterity Potion"},{"floor":3,"key":"FearPotion"},{"floor":11,"key":"Energy Potion"},{"floor":12,"key":"Fruit Juice"},{"floor":24,"key":"Swift Potion"},{"floor":28,"key":"PowerPotion"},{"floor":30,"key":"Swift Potion"},{"floor":31,"key":"PowerPotion"},{"floor":35,"key":"Block Potion"},{"floor":39,"key":"Poison Potion"},{"floor":39,"key":"PowerPotion"},{"floor":41,"key":"Dexterity Potion"}],"is_trial":false,"path_per_floor":["M","M","M","$","?","R","E","R","T","M","E","M","M","T","R","B",null,"M","$","?","M","$","R","E","M","T","R","E","M","M","M","R","B",null,"M","?","$","?","?","R","E","M","T","?","R","R","?","M","R","B"],"character_chosen":"THE_SILENT","items_purchased":["Slice","TwistedFunnel","Cloak And Dagger","Caltrops","ClockworkSouvenir"],"campfire_rested":8,"item_purchase_floors":[4,19,19,19,37],"current_hp_per_floor":[69,62,61,61,61,61,47,68,68,68,52,44,39,39,61,8,58,39,39,39,30,30,52,28,15,15,37,35,32,23,23,45,18,61,48,48,48,48,48,70,45,41,41,41,41,63,63,53,75,0],"gold":96,"neow_bonus":"THREE_CARDS","is_prod":false,"is_daily":false,"chose_seed":false,"campfire_upgraded":2,"win_rate":0,"timestamp":1550799647,"path_taken":["M","M","M","?","?","R","E","R","T","M","E","?","M","?","R","BOSS","M","$","?","M","?","R","E","M","T","R","E","?","M","?","R","BOSS","M","?","$","?","?","R","E","?","T","?","R","R","?","M","R","BOSS"],"build_version":"2019-02-06","purchased_purges":3,"victory":false,"max_hp_per_floor":[70,70,70,70,70,70,70,70,70,70,70,75,75,75,75,75,75,75,75,75,75,75,75,75,75,75,75,75,75,75,75,75,75,75,75,75,75,75,75,75,75,75,75,75,75,75,75,75,75,75],"card_choices":[{"not_picked":["Eviscerate","Terror"],"picked":"Prepared","floor":0},{"not_picked":["Flying Knee","Backflip","Well Laid Plans"],"picked":"SKIP","floor":1},{"not_picked":["Blade Dance","Flying Knee"],"picked":"Escape Plan","floor":2},{"not_picked":["PiercingWail","Well Laid Plans"],"picked":"Dagger Spray","floor":3},{"not_picked":["Phantasmal Killer","Prepared"],"picked":"Deflect","floor":7},{"not_picked":["Dagger Throw","Flying Knee","Blur"],"picked":"SKIP","floor":10},{"not_picked":["Tactician","Dagger Spray","Predator"],"picked":"SKIP","floor":11},{"not_picked":["Quick Slash","Endless Agony"],"picked":"Deadly Poison","floor":12},{"not_picked":["Prepared","Dodge and Roll"],"picked":"Caltrops","floor":13},{"not_picked":["Endless Agony","Bane"],"picked":"Sucker Punch","floor":15},{"not_picked":["Envenom","Burst"],"picked":"Glass Knife","floor":16},{"not_picked":["Blur","Slice"],"picked":"Cloak And Dagger","floor":18},{"not_picked":["Dodge and Roll","Dagger Throw"],"picked":"PiercingWail","floor":21},{"not_picked":["Dagger Spray","Flying Knee+1"],"picked":"Cloak And Dagger+1","floor":23},{"not_picked":["Endless Agony","Blur"],"picked":"Prepared+1","floor":24},{"not_picked":["Bane","Riddle With Holes","PiercingWail+1"],"picked":"SKIP","floor":25},{"not_picked":["Deflect+1","Slice+1"],"picked":"Leg Sweep","floor":27},{"not_picked":["Concentrate","Underhanded Strike"],"picked":"Footwork","floor":28},{"not_picked":["Escape Plan","Backflip"],"picked":"Finisher","floor":29},{"not_picked":["Sucker Punch","Deadly Poison"],"picked":"Well Laid Plans","floor":30},{"not_picked":["Doppelganger","Flying Knee+1","Caltrops"],"picked":"SKIP","floor":31},{"not_picked":["Sucker Punch","Expertise+1"],"picked":"Noxious Fumes","floor":32},{"not_picked":["Die Die Die","A Thousand Cuts"],"picked":"Envenom","floor":33},{"not_picked":["All Out Attack+1","Outmaneuver","Reflex+1"],"picked":"SKIP","floor":35},{"not_picked":["Acrobatics+1","Deflect"],"picked":"Dagger Spray+1","floor":40},{"not_picked":["Sucker Punch","Bullet Time","Distraction"],"picked":"SKIP","floor":41},{"not_picked":["Setup","Deadly Poison+1"],"picked":"Backstab+1","floor":42},{"not_picked":["Dodge and Roll+1","Noxious Fumes"],"picked":"Cloak And Dagger+1","floor":46},{"not_picked":["Dramatic Entrance","Mind Blast"],"picked":"Thinking Ahead","floor":47},{"not_picked":["Dagger Spray","Quick Slash+1","PiercingWail"],"picked":"SKIP","floor":48}],"player_experience":193236,"relics_obtained":[{"floor":7,"key":"Art of War"},{"floor":9,"key":"Whetstone"},{"floor":11,"key":"Matryoshka"},{"floor":14,"key":"Dream Catcher"},{"floor":14,"key":"Smiling Mask"},{"floor":24,"key":"Ancient Tea Set"},{"floor":26,"key":"Blue Candle"},{"floor":26,"key":"Snake Skull"},{"floor":28,"key":"Bottled Lightning"},{"floor":34,"key":"Bronze Scales"},{"floor":34,"key":"Dodecahedron"},{"floor":34,"key":"WingedGreaves"},{"floor":41,"key":"Bottled Flame"},{"floor":43,"key":"Meat on the Bone"}],"event_choices":[{"damage_healed":0,"gold_gain":0,"player_choice":"Ignored","damage_taken":0,"max_hp_gain":0,"max_hp_loss":0,"event_name":"Liars Game","floor":5,"gold_loss":0},{"damage_healed":0,"gold_gain":0,"player_choice":"Inject Mutagens","damage_taken":0,"relics_obtained":["MutagenicStrength"],"max_hp_gain":0,"max_hp_loss":0,"event_name":"Drug Dealer","floor":20,"gold_loss":0},{"damage_healed":0,"gold_gain":0,"player_choice":"Ignored","damage_taken":0,"max_hp_gain":0,"max_hp_loss":0,"event_name":"Tomb of Lord Red Mask","floor":36,"gold_loss":0},{"cards_removed":["Escape Plan"],"damage_healed":0,"gold_gain":0,"player_choice":"Removed Skill","damage_taken":0,"max_hp_gain":0,"max_hp_loss":0,"event_name":"Falling","floor":38,"gold_loss":0},{"damage_healed":0,"gold_gain":0,"player_choice":"Bought 2 Potions","damage_taken":0,"max_hp_gain":0,"max_hp_loss":0,"event_name":"The Woman in Blue","floor":39,"gold_loss":0},{"damage_healed":0,"gold_gain":0,"player_choice":"Ignored","damage_taken":0,"max_hp_gain":0,"max_hp_loss":0,"event_name":"Mysterious Sphere","floor":44,"gold_loss":0},{"damage_healed":0,"gold_gain":0,"player_choice":"Memory 1","damage_taken":0,"max_hp_gain":0,"max_hp_loss":0,"event_name":"SensoryStone","floor":47,"gold_loss":0}],"is_beta":true,"boss_relics":[{"not_picked":["Velvet Choker","Snecko Eye"],"picked":"Ring of the Serpent"},{"not_picked":["Pandora\u0027s Box","Coffee Dripper"],"picked":"Calling Bell"}],"items_purged_floors":[19,22,37],"is_endless":false,"potions_floor_spawned":[2,3,11,12,24,28,30,31,35,41],"killed_by":"Donu and Deca","ascension_level":5}