{"gold_per_floor":[114,127,146,1,12,45,45,71,71,71,71],"floor_reached":11,"playtime":413,"items_purged":["Strike_B"],"score":125,"play_id":"ec0f3dc1-cbcb-4496-bc83-a397b281ece7","local_time":"20190226145859","is_ascension_mode":true,"campfire_choices":[{"data":"Self Repair","floor":7,"key":"SMITH"},{"data":"Zap","floor":10,"key":"SMITH"}],"neow_cost":"NONE","seed_source_timestamp":985659487076485,"circlet_count":0,"master_deck":["AscendersBane","Strike_B","Strike_B","Strike_B","Defend_B","Defend_B","Defend_B","Defend_B","Zap+1","Dualcast","Loop","Coolheaded","Self Repair+1","Ball Lightning","Coolheaded","Ball Lightning","Seek"],"relics":["Cracked Core","Smiling Mask","Unceasing Top","Bag of Preparation","Pen Nib"],"potions_floor_usage":[6],"damage_taken":[{"damage":2,"enemies":"2 Louse","floor":1,"turns":2},{"damage":7,"enemies":"Jaw Worm","floor":2,"turns":3},{"damage":1,"enemies":"Cultist","floor":3,"turns":4},{"damage":8,"enemies":"Exordium Wildlife","floor":5,"turns":5},{"damage":29,"enemies":"Lagavulin","floor":6,"turns":6},{"damage":20,"enemies":"Gremlin Nob","floor":8,"turns":4},{"damage":18,"enemies":"3 Sentries","floor":11,"turns":4}],"seed_played":"2359407081583952148","potions_obtained":[{"floor":5,"key":"AttackPotion"}],"is_trial":false,"path_per_floor":["M","M","M","$","M","E","R","E","T","R","E"],"character_chosen":"DEFECT","items_purchased":["Self Repair","Ball Lightning"],"campfire_rested":0,"item_purchase_floors":[4,4],"current_hp_per_floor":[66,59,58,58,50,28,28,18,18,18,0],"gold":71,"neow_bonus":"RANDOM_COMMON_RELIC","is_prod":false,"is_daily":false,"chose_seed":false,"campfire_upgraded":2,"win_rate":0,"timestamp":1551189539,"path_taken":["M","M","M","$","M","E","R","E","T","R","E"],"build_version":"2019-01-23","purchased_purges":1,"victory":false,"max_hp_per_floor":[75,75,75,75,75,75,75,75,75,75,75],"card_choices":[{"not_picked":["Gash","Stack","Hologram"],"picked":"SKIP","floor":1},{"not_picked":["Aggregate","Stack"],"picked":"Loop","floor":2},{"not_picked":["Heatsinks","Turbo"],"picked":"Coolheaded","floor":3},{"not_picked":["Steam","Gash"],"picked":"Coolheaded","floor":5},{"not_picked":["Reboot","Stack"],"picked":"Ball Lightning","floor":6},{"not_picked":["Gash","Hello World"],"picked":"Seek","floor":8}],"player_experience":551553,"relics_obtained":[{"floor":6,"key":"Unceasing Top"},{"floor":8,"key":"Bag of Preparation"},{"floor":9,"key":"Pen Nib"}],"event_choices":[],"is_beta":false,"boss_relics":[],"items_purged_floors":[4],"is_endless":false,"potions_floor_spawned":[5],"killed_by":"3 Sentries","ascension_level":10}