{"gold_per_floor":[114,133,133,145,158,158,158,185,212,231,246,246],"floor_reached":12,"playtime":518,"items_purged":[],"score":156,"play_id":"2be19d1d-d79b-48df-ae15-2c156ccb0254","local_time":"20190213215756","is_ascension_mode":true,"campfire_choices":[{"data":"Sunder","floor":7.0,"key":"SMITH"}],"neow_cost":"NONE","seed_source_timestamp":24236958222773,"circlet_count":0,"master_deck":["AscendersBane","Strike_B","Strike_B","Strike_B","Strike_B","Defend_B","Defend_B","Defend_B","Defend_B","Zap","Dualcast","Seek","Sunder+1","Sweeping Beam","Cold Snap","Go for the Eyes","FTL"],"special_seed":0,"relics":["Cracked Core","Bronze Scales"],"potions_floor_usage":[12],"damage_taken":[{"damage":0.0,"enemies":"Small Slimes","floor":1.0,"turns":3.0},{"damage":7.0,"enemies":"2 Louse","floor":2.0,"turns":2.0},{"damage":2.0,"enemies":"Jaw Worm","floor":4.0,"turns":3.0},{"damage":2.0,"enemies":"Looter","floor":5.0,"turns":3.0},{"damage":13.0,"enemies":"3 Sentries","floor":8.0,"turns":7.0},{"damage":7,"enemies":"Red Slaver","floor":10,"turns":3},{"damage":28,"enemies":"Exordium Thugs","floor":11,"turns":4},{"damage":10,"enemies":"Exordium Wildlife","floor":12,"turns":1}],"seed_played":"3264513426098783645","potions_obtained":[{"floor":2.0,"key":"SpeedPotion"},{"floor":4.0,"key":"Block Potion"},{"floor":10,"key":"Strength Potion"}],"is_trial":false,"path_per_floor":["M","M","?","M","M","?","R","E","T","M","M","M"],"character_chosen":"DEFECT","items_purchased":[],"campfire_rested":0,"item_purchase_floors":[],"current_hp_per_floor":[64,57,57,55,53,53,53,40,40,33,5,0],"gold":246,"neow_bonus":"ONE_RANDOM_RARE_CARD","is_prod":false,"is_daily":false,"chose_seed":false,"campfire_upgraded":1,"win_rate":0,"timestamp":1550113076,"path_taken":["M","M","?","M","M","?","R","E","T","M","M","M"],"build_version":"2019-01-23","purchased_purges":0,"victory":false,"max_hp_per_floor":[71,71,71,71,71,71,71,71,71,71,71,71],"card_choices":[{"not_picked":["Steam","FTL","Storm"],"picked":"SKIP","floor":1.0},{"not_picked":["Conserve Battery","Redo"],"picked":"Sunder","floor":2.0},{"not_picked":["Gash","Storm"],"picked":"Sweeping Beam","floor":4.0},{"not_picked":["Capacitor","Compile Driver"],"picked":"Cold Snap","floor":5.0},{"not_picked":["Coolheaded","Reboot"],"picked":"Go for the Eyes","floor":8.0},{"not_picked":["Rebound","Hologram"],"picked":"FTL","floor":10},{"not_picked":["Go for the Eyes","Skim","Reprogram"],"picked":"SKIP","floor":11},{"not_picked":["Go for the Eyes","Skim","Reprogram"],"picked":"SKIP","floor":11}],"player_experience":540759,"relics_obtained":[{"floor":8.0,"key":"Bronze Scales"}],"event_choices":[{"damage_healed":0.0,"max_hp_gain":0.0,"max_hp_loss":0.0,"gold_gain":0.0,"event_name":"Shining Light","player_choice":"Ignored","floor":3.0,"gold_loss":0.0,"damage_taken":0.0},{"damage_healed":0.0,"max_hp_gain":0.0,"max_hp_loss":0.0,"gold_gain":0.0,"event_name":"Liars Game","player_choice":"Ignored","floor":6.0,"gold_loss":0.0,"damage_taken":0.0}],"is_beta":false,"boss_relics":[],"items_purged_floors":[],"is_endless":false,"potions_floor_spawned":[2,4,10],"killed_by":"Exordium Wildlife","ascension_level":18}