{"gold_per_floor":[19,19,40,54,69,69,107,107,131,131,167,167,167,167,167,290,290,305,319,319,45,45],"floor_reached":22,"playtime":916,"items_purged":["Parasite"],"score":298,"play_id":"850eb5f3-d75d-4e90-be45-336c83f8a597","local_time":"20190227185159","is_ascension_mode":true,"campfire_choices":[{"data":"Defragment","floor":6,"key":"SMITH"},{"floor":10,"key":"REST"},{"data":"Chill","floor":12,"key":"SMITH"},{"floor":15,"key":"REST"}],"neow_cost":"NO_GOLD","seed_source_timestamp":1085537791509072,"circlet_count":0,"master_deck":["AscendersBane","Strike_B","Strike_B","Strike_B","Defend_B","Defend_B","Defend_B","Defend_B","Zap","Dualcast","Echo Form","Chill+1","White Noise","Defragment+1","Conserve Battery","Genetic Algorithm","Seek","Blind","Glacier"],"relics":["Cracked Core","Golden Idol","Juzu Bracelet","Smiling Mask","Lantern","Sozu","Orichalcum"],"potions_floor_usage":[7,11,11],"damage_taken":[{"damage":4,"enemies":"Small Slimes","floor":1,"turns":4},{"damage":12,"enemies":"2 Louse","floor":3,"turns":3},{"damage":8,"enemies":"Cultist","floor":4,"turns":4},{"damage":12,"enemies":"Blue Slaver","floor":5,"turns":3},{"damage":28,"enemies":"Lagavulin","floor":7,"turns":7},{"damage":17,"enemies":"Gremlin Nob","floor":11,"turns":4},{"damage":25,"enemies":"Slime Boss","floor":16,"turns":9},{"damage":8,"enemies":"Shell Parasite","floor":18,"turns":7},{"damage":12,"enemies":"Spheric Guardian","floor":19,"turns":6},{"damage":46,"enemies":"Cultist and Chosen","floor":22,"turns":10}],"seed_played":"8186275780573888523","potions_obtained":[{"floor":1,"key":"LiquidBronze"},{"floor":3,"key":"PowerPotion"},{"floor":7,"key":"Swift Potion"}],"is_trial":false,"path_per_floor":["M","?","M","M","M","R","E","?","T","R","E","R","?","?","R","B",null,"M","M","?","$","M"],"character_chosen":"DEFECT","items_purchased":["Glacier","Orichalcum"],"campfire_rested":2,"item_purchase_floors":[21,21],"current_hp_per_floor":[64,64,52,44,32,32,4,4,4,24,7,7,7,24,44,19,57,49,37,37,37,0],"gold":45,"neow_bonus":"THREE_RARE_CARDS","is_prod":false,"is_daily":false,"chose_seed":false,"campfire_upgraded":2,"win_rate":0,"timestamp":1551289919,"path_taken":["M","?","M","M","M","R","E","?","T","R","E","R","?","?","R","BOSS","M","M","?","$","M"],"build_version":"2019-01-23","purchased_purges":1,"victory":false,"max_hp_per_floor":[75,69,69,69,69,69,69,69,69,69,69,69,69,69,69,69,69,69,69,69,66,66],"card_choices":[{"not_picked":["Machine Learning","Multi-Cast"],"picked":"Echo Form","floor":0},{"not_picked":["Recycle","Leap"],"picked":"Chill","floor":1},{"not_picked":["Skim","Streamline","Recycle"],"picked":"SKIP","floor":3},{"not_picked":["Static Discharge","Chaos"],"picked":"White Noise","floor":4},{"not_picked":["White Noise","Hologram"],"picked":"Defragment","floor":5},{"not_picked":["Fission","Sweeping Beam"],"picked":"Conserve Battery","floor":7},{"not_picked":["FTL","Rip and Tear","Double Energy"],"picked":"SKIP","floor":11},{"not_picked":["Rainbow","All For One"],"picked":"Seek","floor":16},{"not_picked":["Barrage","Rebound","Stack"],"picked":"SKIP","floor":18},{"not_picked":["Reprogram","Redo","Chaos"],"picked":"SKIP","floor":19}],"player_experience":613978,"relics_obtained":[{"floor":7,"key":"Juzu Bracelet"},{"floor":9,"key":"Smiling Mask"},{"floor":11,"key":"Lantern"}],"event_choices":[{"damage_healed":0,"gold_gain":0,"player_choice":"Lose Max HP","damage_taken":0,"relics_obtained":["Golden Idol"],"max_hp_gain":0,"max_hp_loss":6,"event_name":"Golden Idol","floor":2,"gold_loss":0},{"damage_healed":0,"gold_gain":0,"cards_transformed":["Strike_B"],"player_choice":"Transformed","damage_taken":0,"max_hp_gain":0,"max_hp_loss":0,"event_name":"Transmorgrifier","floor":8,"gold_loss":0,"cards_obtained":["Genetic Algorithm"]},{"damage_healed":0,"gold_gain":0,"player_choice":"Ignored","damage_taken":0,"max_hp_gain":0,"max_hp_loss":0,"event_name":"Liars Game","floor":13,"gold_loss":0},{"damage_healed":17,"gold_gain":0,"player_choice":"Healed and dodged fight","damage_taken":0,"max_hp_gain":0,"max_hp_loss":0,"event_name":"Mushrooms","floor":14,"gold_loss":0,"cards_obtained":["Parasite"]},{"damage_healed":0,"gold_gain":0,"player_choice":"1 cards matched","damage_taken":0,"max_hp_gain":0,"max_hp_loss":0,"event_name":"Match and Keep!","floor":20,"gold_loss":0,"cards_obtained":["Blind"]}],"is_beta":false,"boss_relics":[{"not_picked":["Nuclear Battery","Eternal Feather"],"picked":"Sozu"}],"items_purged_floors":[21],"is_endless":false,"potions_floor_spawned":[1,3,4,7,18],"killed_by":"Cultist and Chosen","ascension_level":11}