{"gold_per_floor":[118,118,118,118,131,159,159,171,248,248,248,26,39,374,374,472,472,486,505,420,52,0,0,11,11,11,22,22,22],"floor_reached":29,"playtime":1024,"items_purged":["Strike_B","Strike_B"],"score":384,"play_id":"678fa15a-8ecd-42f1-9c76-87aa663957b2","local_time":"20190226145158","is_ascension_mode":true,"campfire_choices":[{"data":"White Noise","floor":7,"key":"SMITH"},{"data":"Defragment","floor":10,"key":"SMITH"},{"data":"Zap","floor":15,"key":"SMITH"},{"data":"Creative AI","floor":23,"key":"SMITH"},{"floor":25,"key":"REST"}],"neow_cost":"NONE","seed_source_timestamp":984626926669759,"circlet_count":0,"master_deck":["AscendersBane","Strike_B","Strike_B","Defend_B","Defend_B","Defend_B","Zap+1","Dualcast","Coolheaded","White Noise+1","Defragment+1","Barrage","Buffer","Darkness","Capacitor+1","Ball Lightning","Creative AI+1","Chill"],"relics":["Cracked Core","NeowsBlessing","Bag of Preparation","Bottled Tornado","Dodecahedron","Lantern","Old Coin","Philosopher\u0027s Stone","Centennial Puzzle","Art of War","Cables"],"potions_floor_usage":[14,16],"damage_taken":[{"damage":0,"enemies":"Jaw Worm","floor":1,"turns":1},{"damage":0,"enemies":"2 Louse","floor":5,"turns":1},{"damage":0,"enemies":"Gremlin Nob","floor":6,"turns":1},{"damage":0,"enemies":"Cultist","floor":8,"turns":4},{"damage":18,"enemies":"Exordium Thugs","floor":13,"turns":4},{"damage":4,"enemies":"Lagavulin","floor":14,"turns":6},{"damage":4,"enemies":"The Guardian","floor":16,"turns":9},{"damage":17,"enemies":"3 Byrds","floor":18,"turns":6},{"damage":22,"enemies":"2 Thieves","floor":19,"turns":3},{"damage":23,"enemies":"Centurion and Healer","floor":24,"turns":8},{"damage":28,"enemies":"3 Cultists","floor":27,"turns":4},{"damage":12,"enemies":"Sentry and Sphere","floor":29,"turns":3}],"seed_played":"-3159816542276220644","potions_obtained":[{"floor":4,"key":"FairyPotion"},{"floor":4,"key":"Ancient Potion"},{"floor":4,"key":"Energy Potion"},{"floor":6,"key":"FocusPotion"},{"floor":13,"key":"Fire Potion"},{"floor":14,"key":"SteroidPotion"},{"floor":27,"key":"Poison Potion"}],"is_trial":false,"path_per_floor":["M","?","?","?","M","E","R","M","T","R","T","$","M","E","R","B",null,"M","M","?","$","?","R","M","R","T","M","$","M"],"character_chosen":"DEFECT","items_purchased":["Lantern","Ball Lightning","Art of War","Creative AI"],"campfire_rested":1,"item_purchase_floors":[12,21,21,21],"current_hp_per_floor":[68,68,61,61,61,61,61,61,61,61,61,61,43,39,39,35,65,48,26,26,26,26,26,3,25,25,7,7,0],"gold":22,"neow_bonus":"THREE_ENEMY_KILL","is_prod":false,"is_daily":false,"chose_seed":false,"campfire_upgraded":4,"win_rate":0,"timestamp":1551189118,"path_taken":["M","?","?","?","?","E","R","M","T","R","?","$","M","E","R","BOSS","M","M","?","$","?","R","M","R","T","M","$","?"],"build_version":"2019-01-23","purchased_purges":2,"victory":false,"max_hp_per_floor":[75,75,75,75,75,75,75,75,75,75,75,75,75,75,75,75,75,75,75,75,75,75,75,75,75,75,75,75,75],"card_choices":[{"not_picked":["Rebound","Reprogram"],"picked":"Coolheaded","floor":1},{"not_picked":["BootSequence","Turbo"],"picked":"White Noise","floor":5},{"not_picked":["Reprogram","Rebound","Redo"],"picked":"SKIP","floor":6},{"not_picked":["Undo","Beam Cell"],"picked":"Defragment","floor":8},{"not_picked":["Hyperbeam","Streamline","Stack"],"picked":"SKIP","floor":13},{"not_picked":["Coolheaded","Sweeping Beam"],"picked":"Barrage","floor":14},{"not_picked":["Hyperbeam","Meteor Strike"],"picked":"Buffer","floor":16},{"not_picked":["Auto Shields","Compile Driver"],"picked":"Darkness","floor":18},{"not_picked":["Steam","Coolheaded"],"picked":"Capacitor+1","floor":19},{"not_picked":["Tempest","Stack","Redo+1"],"picked":"SKIP","floor":24},{"not_picked":["Machine Learning","Rebound"],"picked":"Chill","floor":27}],"player_experience":550529,"relics_obtained":[{"floor":6,"key":"Bag of Preparation"},{"floor":9,"key":"Bottled Tornado"},{"floor":11,"key":"Dodecahedron"},{"floor":14,"key":"Old Coin"},{"floor":26,"key":"Cables"}],"event_choices":[{"damage_healed":0,"gold_gain":0,"player_choice":"Ignored","damage_taken":0,"max_hp_gain":0,"max_hp_loss":0,"event_name":"Liars Game","floor":2,"gold_loss":0},{"cards_removed":["Defend_B"],"damage_healed":0,"gold_gain":0,"player_choice":"Card Removal","damage_taken":7,"max_hp_gain":0,"max_hp_loss":0,"event_name":"Golden Wing","floor":3,"gold_loss":0},{"damage_healed":0,"gold_gain":0,"player_choice":"Got Potions","damage_taken":0,"max_hp_gain":0,"max_hp_loss":0,"event_name":"Lab","floor":4,"gold_loss":0},{"damage_healed":0,"gold_gain":0,"player_choice":"Obtained Relic","damage_taken":0,"relics_obtained":["Centennial Puzzle"],"max_hp_gain":0,"max_hp_loss":0,"event_name":"Addict","floor":20,"gold_loss":85},{"damage_healed":0,"gold_gain":0,"player_choice":"Paid Fearfully","damage_taken":0,"max_hp_gain":0,"max_hp_loss":0,"event_name":"Masked Bandits","floor":22,"gold_loss":52}],"is_beta":false,"boss_relics":[{"not_picked":["Busted Crown","Empty Cage"],"picked":"Philosopher\u0027s Stone"}],"items_purged_floors":[12,21],"is_endless":false,"potions_floor_spawned":[6,13,14,27],"killed_by":"Sentry and Sphere","ascension_level":10}