{"path_per_floor":["M","?","M","M","$","R","M","E","T","M","R","?","R","M","R","B",null,"M","M","?","M","M","R","?","$","T","E","R","?","R","$","R","B",null,"M","?","$","M","?","E","M","$","T","M","$","E","?","M","R"],"character_chosen":"DEFECT","items_purchased":["AttackPotion","Gash","Doom and Gloom","Loop","Leap","Strawberry","Fission"],"gold_per_floor":[112,187,202,222,23,23,37,71,97,112,112,176,176,192,192,268,268,287,302,302,313,330,330,255,75,75,101,101,133,133,35,35,113,113,132,382,257,277,277,308,318,165,165,185,34,67,67,83,83,83],"floor_reached":50,"campfire_rested":1,"playtime":5059,"item_purchase_floors":[5,5,25,31,31,42,45],"current_hp_per_floor":[67,56,50,38,38,38,27,12,12,11,34,30,30,30,30,26,65,61,61,54,54,51,51,51,51,51,51,51,54,54,54,54,51,53,54,54,54,54,44,49,54,61,61,61,61,61,61,61,61,0],"items_purged":["Defend_B","Bite","Regret"],"gold":83,"score":1073,"play_id":"9e0afe6d-a3aa-431e-83d2-64b532846864","local_time":"20180526163253","is_prod":false,"is_daily":false,"chose_seed":false,"is_ascension_mode":true,"campfire_upgraded":8,"win_rate":0,"timestamp":1527377573,"campfire_choices":[{"data":"Zap","floor":6,"key":"SMITH"},{"floor":11,"key":"REST"},{"data":"Defragment","floor":13,"key":"SMITH"},{"data":"Gash","floor":15,"key":"SMITH"},{"data":"Seek","floor":23,"key":"SMITH"},{"data":"Hologram","floor":28,"key":"SMITH"},{"data":"Go for the Eyes","floor":30,"key":"SMITH"},{"data":"Loop","floor":32,"key":"SMITH"},{"data":"Hologram","floor":49,"key":"SMITH"}],"path_taken":["M","?","M","M","$","R","M","E","T","M","R","?","R","?","R","BOSS","M","M","?","M","M","R","?","$","T","E","R","?","R","$","R","BOSS","M","?","$","M","?","E","M","$","T","M","$","E","?","M","R","BOSS"],"build_version":"2018-05-25","seed_source_timestamp":7899776944579,"purchased_purges":3,"victory":false,"master_deck":["Defend_B","Defend_B","Defend_B","Zap+1","Dualcast","AscendersBane","Leap","Leap","Leap","Gash+1","Melter","Barrage","FTL","Defragment+1","BootSequence","Seek+1","Coolheaded","Stack+1","Bite","Bite","Bite","Go for the Eyes+1","Compile Driver+1","Doom and Gloom","Hologram+1","Redo","Loop+1","Leap","Machine Learning","Leap","Recycle","Steam","Coolheaded+1","Capacitor+1","Madness","Madness","Hologram+1","Skim","Compile Driver","Fission","Cold Snap+1","Buffer"],"max_hp_per_floor":[78,78,78,78,78,78,78,78,78,78,78,78,78,78,78,78,78,78,78,54,54,54,54,54,54,54,54,54,54,54,54,54,54,54,54,54,54,54,54,54,54,61,61,61,61,61,61,61,61,61],"relics":["Cracked Core","Bag of Preparation","DataDisk","Bag of Marbles","Velvet Choker","Blood Vial","Dodecahedron","Red Mask","Orrery","Calipers","Strawberry","Oddly Smooth Stone","Dream Catcher"],"card_choices":[{"not_picked":["Steam","Chill"],"picked":"Leap","floor":1},{"not_picked":["Aggregate","Reinforced Body"],"picked":"Leap","floor":3},{"not_picked":["Turbo","Tempest"],"picked":"Leap","floor":4},{"not_picked":["Heatsinks","Genetic Algorithm"],"picked":"Melter","floor":7},{"not_picked":["Stack","Undo"],"picked":"Barrage","floor":8},{"not_picked":["Force Field","Redo"],"picked":"FTL","floor":10},{"not_picked":["Coolheaded","Sweeping Beam"],"picked":"Defragment","floor":12},{"not_picked":["Double Energy","Stack"],"picked":"BootSequence","floor":14},{"not_picked":["Buffer","Creative AI"],"picked":"Seek","floor":16},{"not_picked":["Streamline","Turbo"],"picked":"Coolheaded","floor":18},{"not_picked":["Force Field","Turbo"],"picked":"Stack+1","floor":19},{"not_picked":["BootSequence+1","Rip and Tear"],"picked":"Go for the Eyes","floor":21},{"not_picked":["Streamline","Multi-Cast"],"picked":"Compile Driver+1","floor":22},{"not_picked":["Genetic Algorithm","Static Discharge"],"picked":"Hologram","floor":27},{"not_picked":["FTL","Hello World+1"],"picked":"Redo","floor":29},{"not_picked":["Biased Cognition","All For One"],"picked":"Machine Learning","floor":33},{"not_picked":["Tempest","Fusion"],"picked":"Leap","floor":34},{"not_picked":["Steam","Streamline"],"picked":"Recycle","floor":34},{"not_picked":["Force Field+1","Beam Cell"],"picked":"Steam","floor":34},{"not_picked":["Double Energy","Undo"],"picked":"Coolheaded+1","floor":35},{"not_picked":["Redo","Fusion"],"picked":"Capacitor+1","floor":38},{"not_picked":["Sunder","Fusion+1"],"picked":"Hologram","floor":40},{"not_picked":["Beam Cell","Redo"],"picked":"Skim","floor":41},{"not_picked":["Genetic Algorithm+1","Fusion+1"],"picked":"Compile Driver","floor":44},{"not_picked":["Steam","Hologram"],"picked":"Cold Snap+1","floor":46},{"not_picked":["Ball Lightning+1","Genetic Algorithm"],"picked":"Buffer","floor":48}],"player_experience":1632742,"potions_floor_usage":[8,12,14,27,27,40,44,44,46,50,50,50,50,50,50,50],"damage_taken":[{"damage":4,"enemies":"Jaw Worm","floor":1,"turns":3},{"damage":6,"enemies":"2 Louse","floor":3,"turns":3},{"damage":12,"enemies":"Small Slimes","floor":4,"turns":5},{"damage":11,"enemies":"Blue Slaver","floor":7,"turns":4},{"damage":15,"enemies":"Lagavulin","floor":8,"turns":6},{"damage":1,"enemies":"3 Louse","floor":10,"turns":4},{"damage":4,"enemies":"3 Sentries","floor":12,"turns":6},{"damage":0,"enemies":"Lots of Slimes","floor":14,"turns":1},{"damage":4,"enemies":"The Guardian","floor":16,"turns":12},{"damage":4,"enemies":"2 Thieves","floor":18,"turns":4},{"damage":0,"enemies":"Spheric Guardian","floor":19,"turns":1},{"damage":4,"enemies":"Snake Plant","floor":21,"turns":4},{"damage":19,"enemies":"Slaver and Parasite","floor":22,"turns":11},{"damage":11,"enemies":"Gremlin Leader","floor":27,"turns":8},{"damage":2,"enemies":"Masked Bandits","floor":29,"turns":4},{"damage":3,"enemies":"Champ","floor":33,"turns":8},{"damage":10,"enemies":"Flame Bruiser 1 Orb","floor":35,"turns":8},{"damage":0,"enemies":"Orb Walker","floor":38,"turns":3},{"damage":7,"enemies":"Nemesis","floor":40,"turns":9},{"damage":8,"enemies":"Spire Growth","floor":41,"turns":12},{"damage":0,"enemies":"Transient","floor":44,"turns":5},{"damage":0,"enemies":"Giant Head","floor":46,"turns":17},{"damage":0,"enemies":"Flame Bruiser 2 Orb","floor":48,"turns":8},{"damage":64,"enemies":"Awakened One","floor":50,"turns":4}],"relics_obtained":[{"floor":8,"key":"Bag of Preparation"},{"floor":9,"key":"DataDisk"},{"floor":26,"key":"Blood Vial"},{"floor":27,"key":"Dodecahedron"},{"floor":29,"key":"Red Mask"},{"floor":40,"key":"Calipers"},{"floor":43,"key":"Oddly Smooth Stone"},{"floor":46,"key":"Dream Catcher"}],"event_choices":[{"event_name":"World of Goop","player_choice":"Gather Gold","floor":2,"damage_taken":0},{"event_name":"Dead Adventurer","player_choice":"Searched \u00273\u0027 times","floor":12,"damage_taken":0},{"event_name":"Vampires","player_choice":"Became a vampire","floor":20,"damage_taken":0},{"event_name":"Beggar","player_choice":"Gave Gold","floor":24,"damage_taken":0},{"event_name":"Masked Bandits","player_choice":"Fought over 101 gold","floor":29,"damage_taken":0},{"event_name":"Golden Shrine","player_choice":"Desecrate","floor":36,"damage_taken":0},{"event_name":"Winding Halls","player_choice":"Embrace Madness","floor":39,"damage_taken":0},{"event_name":"Mysterious Sphere","player_choice":"Ignore","floor":47,"damage_taken":0}],"boss_relics":[{"not_picked":["White Beast Statue","Runic Pyramid"],"picked":"Velvet Choker"},{"not_picked":["Snecko Eye","Black Star"],"picked":"Orrery"}],"items_purged_floors":[5,25,37],"potions_floor_spawned":[8,12,14,16,19,29,33,38,41,44],"seed_played":"-6758033982874063673","killed_by":"Awakened One","ascension_level":15,"potions_obtained":[{"floor":8,"key":"Strength Potion"},{"floor":12,"key":"Explosive Potion"},{"floor":14,"key":"Block Potion"},{"floor":16,"key":"FocusPotion"},{"floor":19,"key":"SpeedPotion"},{"floor":29,"key":"EntropicBrew"},{"floor":33,"key":"Strength Potion"},{"floor":41,"key":"Explosive Potion"},{"floor":44,"key":"EssenceOfSteel"}],"is_trial":false}