{"gold_per_floor":[110,110,120,140,164,164,178,195,221,17,17,52,66,81,81,180,180,191,40,59,73,88,88,123,123,123,123,143,43,68,80,80,183,183,194,211,10,10,10,10,29,29,81,93,125,137,249,271,283,295],"floor_reached":50,"playtime":2888,"items_purged":["Strike_R","Strike_R","Strike_R"],"score":858,"play_id":"72bd0ff8-438b-4ce8-9bed-ca4d47c7f324","local_time":"20190228112539","is_ascension_mode":true,"campfire_choices":[{"data":"Inflame","floor":6.0,"key":"SMITH"},{"data":"Corruption","floor":11.0,"key":"SMITH"},{"data":"Offering","floor":15.0,"key":"SMITH"},{"data":"Feel No Pain","floor":23.0,"key":"SMITH"},{"data":"Shockwave","floor":25.0,"key":"SMITH"},{"floor":32,"key":"REST"},{"floor":40,"key":"REST"},{"data":"Whirlwind","floor":42,"key":"SMITH"},{"data":"Demon Form","floor":46,"key":"SMITH"},{"floor":49,"key":"REST"}],"neow_cost":"NONE","seed_source_timestamp":1142883263760006,"circlet_count":0,"master_deck":["AscendersBane","Strike_R","Strike_R","Defend_R","Defend_R","Defend_R+1","Defend_R","Bash","Offering+1","Inflame+1","Corruption+1","Shrug It Off","True Grit+1","Demon Form+1","Headbutt","Cleave","Double Tap","Whirlwind+1","Feel No Pain+1","Fiend Fire","Pommel Strike","Warcry","Shockwave+1","Shrug It Off","Havoc+1","Offering","Warcry+1","Fiend Fire","Warcry+1","Trip+1"],"special_seed":0,"relics":["Burning Blood","Oddly Smooth Stone","War Paint","Happy Flower","PreservedInsect","Orrery","Letter Opener","Toxic Egg 2","Meat on the Bone","Snecko Eye","MawBank","Girya"],"potions_floor_usage":[31,33,35,50,50],"damage_taken":[{"damage":12.0,"enemies":"2 Louse","floor":1.0,"turns":3.0},{"damage":15.0,"enemies":"Jaw Worm","floor":3.0,"turns":3.0},{"damage":7.0,"enemies":"Cultist","floor":4.0,"turns":3.0},{"damage":20.0,"enemies":"Lots of Slimes","floor":7.0,"turns":6.0},{"damage":7.0,"enemies":"Exordium Wildlife","floor":8.0,"turns":4.0},{"damage":6.0,"enemies":"Gremlin Nob","floor":12.0,"turns":3.0},{"damage":3.0,"enemies":"2 Fungi Beasts","floor":13.0,"turns":5.0},{"damage":6.0,"enemies":"Large Slime","floor":14.0,"turns":5.0},{"damage":25.0,"enemies":"Slime Boss","floor":16.0,"turns":6.0},{"damage":11.0,"enemies":"Spheric Guardian","floor":18.0,"turns":4.0},{"damage":20.0,"enemies":"Chosen","floor":20.0,"turns":5.0},{"damage":16.0,"enemies":"Snake Plant","floor":21.0,"turns":6.0},{"damage":9.0,"enemies":"Snecko","floor":22.0,"turns":5.0},{"damage":6.0,"enemies":"Gremlin Leader","floor":24.0,"turns":5.0},{"damage":12.0,"enemies":"Cultist and Chosen","floor":28.0,"turns":3.0},{"damage":18,"enemies":"Book of Stabbing","floor":30,"turns":4},{"damage":2,"enemies":"3 Cultists","floor":31,"turns":3},{"damage":53,"enemies":"Automaton","floor":33,"turns":11},{"damage":23,"enemies":"Orb Walker","floor":35,"turns":6},{"damage":55,"enemies":"3 Shapes","floor":36,"turns":5},{"damage":12,"enemies":"3 Darklings","floor":41,"turns":2},{"damage":12,"enemies":"Jaw Worm Horde","floor":45,"turns":1},{"damage":18,"enemies":"Mind Bloom Boss Battle","floor":47,"turns":6},{"damage":6,"enemies":"Maw","floor":48,"turns":6},{"damage":103,"enemies":"Donu and Deca","floor":50,"turns":11}],"seed_played":"-7717047911476315280","potions_obtained":[{"floor":3.0,"key":"Fruit Juice"},{"floor":4.0,"key":"Weak Potion"},{"floor":12.0,"key":"BloodPotion"},{"floor":20.0,"key":"Explosive Potion"},{"floor":21.0,"key":"Poison Potion"},{"floor":28.0,"key":"Poison Potion"},{"floor":33,"key":"SpeedPotion"},{"floor":36,"key":"Ancient Potion"},{"floor":48,"key":"AttackPotion"}],"is_trial":false,"path_per_floor":["M","?","M","M","T","R","M","M","T","$","R","E","M","M","R","B",null,"M","$","M","M","M","R","E","R","T","?","M","$","E","M","R","B",null,"M","M","$","?","$","R","M","R","T","?","M","R","?","M","R","B"],"character_chosen":"IRONCLAD","items_purchased":["Happy Flower","AttackPotion","Shockwave","BloodPotion"],"campfire_rested":3,"item_purchase_floors":[10,10,19,37],"current_hp_per_floor":[66,71,67,66,66,66,52,51,51,51,51,51,54,54,54,35,76,71,71,66,56,53,53,53,53,53,44,38,38,26,42,69,34,76,59,22,22,22,22,49,55,55,55,55,61,61,61,61,88,0],"gold":295,"neow_bonus":"ONE_RANDOM_RARE_CARD","is_prod":false,"is_daily":false,"chose_seed":false,"campfire_upgraded":7,"win_rate":0,"timestamp":1551349539,"path_taken":["M","?","M","M","?","R","M","M","T","$","R","E","M","M","R","BOSS","M","$","M","M","M","R","E","R","T","?","M","$","E","M","R","BOSS","M","M","$","?","$","R","?","R","T","?","M","R","?","M","R","BOSS"],"build_version":"2019-01-23","purchased_purges":3,"victory":false,"max_hp_per_floor":[80,85,90,90,90,90,90,90,90,90,90,90,90,90,90,90,90,90,90,90,90,90,90,90,90,90,90,90,90,90,90,90,90,90,90,90,90,90,90,90,90,90,90,90,90,90,90,90,90,90],"card_choices":[{"not_picked":["Warcry","Heavy Blade"],"picked":"Inflame","floor":1.0},{"not_picked":["Armaments","Wild Strike"],"picked":"Corruption","floor":3.0},{"not_picked":["Wild Strike","Havoc","Fire Breathing"],"picked":"SKIP","floor":4.0},{"not_picked":["Hemokinesis","Clash"],"picked":"Shrug It Off","floor":7.0},{"not_picked":["Wild Strike","Disarm"],"picked":"True Grit","floor":8.0},{"not_picked":["Heavy Blade","Flex"],"picked":"Demon Form","floor":12.0},{"not_picked":["Rupture","Wild Strike"],"picked":"Headbutt","floor":13.0},{"not_picked":["Anger","True Grit"],"picked":"Cleave","floor":14.0},{"not_picked":["Bludgeon","Berserk"],"picked":"Double Tap","floor":16.0},{"not_picked":["Sword Boomerang","Perfected Strike"],"picked":"Whirlwind","floor":17.0},{"not_picked":["Evolve","Pommel Strike"],"picked":"Feel No Pain","floor":17.0},{"not_picked":["Evolve","Twin Strike"],"picked":"Fiend Fire","floor":17.0},{"not_picked":["Carnage","Warcry"],"picked":"Pommel Strike","floor":17.0},{"not_picked":["Thunderclap","Twin Strike"],"picked":"Warcry","floor":17.0},{"not_picked":["Carnage","Iron Wave","Headbutt"],"picked":"SKIP","floor":18.0},{"not_picked":["Thunderclap","Clash"],"picked":"Shrug It Off","floor":20.0},{"not_picked":["Pommel Strike","Clash"],"picked":"Havoc+1","floor":21.0},{"not_picked":["Rupture","Pommel Strike+1","Pummel"],"picked":"SKIP","floor":22.0},{"not_picked":["True Grit","Rage"],"picked":"Offering","floor":24.0},{"not_picked":["Wild Strike","Perfected Strike","Flex+1"],"picked":"SKIP","floor":28.0},{"not_picked":["Blood for Blood","Perfected Strike","Twin Strike"],"picked":"SKIP","floor":30},{"not_picked":["Headbutt","Heavy Blade"],"picked":"Warcry+1","floor":31},{"not_picked":["Immolate","Demon Form"],"picked":"Fiend Fire","floor":33},{"not_picked":["Clothesline","Rage+1","Anger+1"],"picked":"SKIP","floor":35},{"not_picked":["Clothesline","Warcry+1","Flex+1"],"picked":"SKIP","floor":36},{"not_picked":["Whirlwind+1","Clash"],"picked":"Warcry+1","floor":41},{"not_picked":["Secret Technique+1","Good Instincts+1"],"picked":"Trip+1","floor":44},{"not_picked":["Cleave+1","Iron Wave","True Grit+1"],"picked":"SKIP","floor":45},{"not_picked":["Searing Blow","Headbutt","Anger"],"picked":"SKIP","floor":48}],"player_experience":633289,"relics_obtained":[{"floor":5.0,"key":"Oddly Smooth Stone"},{"floor":9.0,"key":"War Paint"},{"floor":12.0,"key":"PreservedInsect"},{"floor":24.0,"key":"Letter Opener"},{"floor":26.0,"key":"Toxic Egg 2"},{"floor":30,"key":"Meat on the Bone"},{"floor":43,"key":"MawBank"},{"floor":47,"key":"Girya"}],"event_choices":[{"damage_healed":0.0,"max_hp_gain":5.0,"max_hp_loss":0.0,"gold_gain":0.0,"event_name":"Big Fish","player_choice":"Donut","floor":2.0,"gold_loss":0.0,"damage_taken":0.0},{"damage_healed":0.0,"max_hp_gain":0.0,"max_hp_loss":0.0,"gold_gain":0.0,"event_name":"Knowing Skull","player_choice":"","floor":27.0,"potions_obtained":[],"gold_loss":0.0,"damage_taken":9.0,"cards_obtained":[]},{"damage_healed":0,"gold_gain":0,"player_choice":"Leave","damage_taken":0,"max_hp_gain":0,"max_hp_loss":0,"event_name":"FaceTrader","floor":38,"gold_loss":0},{"damage_healed":0,"gold_gain":0,"player_choice":"Memory 1","damage_taken":0,"max_hp_gain":0,"max_hp_loss":0,"event_name":"SensoryStone","floor":44,"gold_loss":0},{"damage_healed":0,"gold_gain":0,"player_choice":"Fight","damage_taken":0,"max_hp_gain":0,"max_hp_loss":0,"event_name":"MindBloom","floor":47,"gold_loss":0}],"is_beta":false,"boss_relics":[{"not_picked":["White Beast Statue","Busted Crown"],"picked":"Orrery"},{"not_picked":["Calling Bell","Pandora\u0027s Box"],"picked":"Snecko Eye"}],"items_purged_floors":[19,29,37],"is_endless":false,"potions_floor_spawned":[3,4,12,13,14,20,21,28,33,36,48],"killed_by":"Donu and Deca","ascension_level":12}