{"path_per_floor":["M","?","$","M","M","E","R","?","T","M","R","E","?","M","R","B",null,"M","$","?","M","?","R","E","R","T","M","M","?","M","M","R","B",null,"M","?","?","$","M","E","R","M","T","?","M","T","M","$","R","B"],"character_chosen":"DEFECT","items_purchased":["Symbiotic Virus"],"gold_per_floor":[116,116,41,66,81,149,149,99,146,170,170,209,209,232,232,351,351,351,3,3,3,3,3,3,3,3,3,3,0,0,0,0,0,0,0,0,0,0,0,0,0,0,0,0,0,0,0,0,0,0],"floor_reached":51,"campfire_rested":1,"playtime":5108,"current_hp_per_floor":[66,66,66,58,60,54,54,54,54,56,56,53,58,56,56,14,59,71,71,71,54,54,54,40,40,40,74,68,68,70,72,72,43,66,41,41,74,74,73,44,44,61,61,84,59,59,63,63,84,51],"items_purged":["Dualcast","Strike_B"],"gold":0,"score":1076,"play_id":"362b2c74-a2d1-4227-a6ee-5a0a545b9dd2","local_time":"20180429022600","is_prod":false,"is_daily":false,"chose_seed":false,"is_ascension_mode":true,"campfire_upgraded":7,"timestamp":1524993960,"path_taken":["M","?","$","M","M","E","R","?","T","?","R","E","?","M","R","BOSS","M","$","?","M","?","R","E","R","T","M","M","?","?","M","R","BOSS","M","?","?","?","M","E","R","?","T","?","M","?","?","$","R","BOSS"],"build_version":"2018-04-27v3","seed_source_timestamp":650800319220491,"purchased_purges":2,"victory":true,"master_deck":["Defend_B+1","Defend_B+1","Defend_B+1","Zap+1","AscendersBane","Cold Snap","Biased Cognition+1","Glacier+1","Streamline+1","Cold Snap","Capacitor+1","Creative AI","Leap+1","Streamline+1","Genetic Algorithm+1","Loop+1","Streamline+1","All For One+1","Axe Kick+1","Darkness+1","Gash","Flash of Steel","Capacitor+1","Impulse","Leap","Glacier"],"max_hp_per_floor":[75,69,69,69,69,69,69,69,69,69,69,69,74,74,74,74,74,74,74,74,74,74,74,74,74,74,74,74,74,74,74,74,74,74,74,74,74,74,74,74,74,74,74,84,84,84,84,84,84,84],"relics":["Cracked Core","Blood Vial","Bloody Idol","Tiny Chest","Happy Flower","Meat on the Bone","Ectoplasm","Symbiotic Virus","War Paint","Centennial Puzzle","Astrolabe","Bird Faced Urn","Gremlin Horn","Bottled Lightning","Ancient Tea Set"],"card_choices":[{"not_picked":["Sweeping Beam","Blizzard"],"picked":"Cold Snap","floor":1},{"not_picked":["Axe Kick","Stack"],"picked":"Biased Cognition","floor":5},{"not_picked":["Coolheaded","Rip and Tear"],"picked":"Glacier","floor":6},{"not_picked":["Darkness","Hologram"],"picked":"Streamline","floor":10},{"not_picked":["Self Repair","Chill"],"picked":"Cold Snap","floor":12},{"not_picked":["Ball Lightning","Axe Kick"],"picked":"Capacitor","floor":14},{"not_picked":["Nova","Echo Form"],"picked":"Creative AI","floor":16},{"not_picked":["Genetic Algorithm","Hologram"],"picked":"Leap","floor":18},{"not_picked":["Barrage","Self Repair"],"picked":"Streamline","floor":21},{"not_picked":["Barrage","Storm"],"picked":"Genetic Algorithm","floor":24},{"not_picked":["Beam Cell","Aggregate"],"picked":"Loop","floor":28},{"not_picked":["Stack","Scrape"],"picked":"Streamline","floor":31},{"not_picked":["Rebound","Leap"],"picked":"Gash","floor":35},{"not_picked":["Enlightenment","Swift Strike"],"picked":"Flash of Steel","floor":36},{"not_picked":["Axe Kick","Tempest"],"picked":"Capacitor","floor":39},{"not_picked":["Cold Snap","Reinforced Body"],"picked":"Impulse","floor":40},{"not_picked":["Ball Lightning","Doom and Gloom"],"picked":"Amplify","floor":42},{"not_picked":["Ball Lightning","Sunder"],"picked":"Leap","floor":45},{"not_picked":["Blaster","Stack"],"picked":"Glacier","floor":47}],"player_experience":1301747,"potions_floor_usage":[6,12,16,24,40,40,50,50,50],"damage_taken":[{"damage":4,"enemies":"Jaw Worm","floor":1,"turns":4},{"damage":10,"enemies":"2 Louse","floor":4,"turns":2},{"damage":0,"enemies":"Cultist","floor":5,"turns":4},{"damage":8,"enemies":"Gremlin Nob","floor":6,"turns":3},{"damage":0,"enemies":"3 Louse","floor":10,"turns":4},{"damage":5,"enemies":"Lagavulin","floor":12,"turns":6},{"damage":4,"enemies":"Exordium Thugs","floor":14,"turns":6},{"damage":56,"enemies":"Slime Boss","floor":16,"turns":13},{"damage":14,"enemies":"Spheric Guardian","floor":18,"turns":34},{"damage":19,"enemies":"3 Byrds","floor":21,"turns":4},{"damage":28,"enemies":"Gremlin Leader","floor":24,"turns":9},{"damage":13,"enemies":"Centurion and Healer","floor":27,"turns":26},{"damage":6,"enemies":"Snake Plant","floor":28,"turns":6},{"damage":0,"enemies":"Chosen and Byrds","floor":30,"turns":6},{"damage":0,"enemies":"Centurion and Healer","floor":31,"turns":6},{"damage":31,"enemies":"Collector","floor":33,"turns":13},{"damage":27,"enemies":"3 Darklings","floor":35,"turns":6},{"damage":13,"enemies":"Mysterious Sphere","floor":37,"turns":40},{"damage":11,"enemies":"3 Shapes","floor":39,"turns":6},{"damage":40,"enemies":"2 Orb Walkers","floor":40,"turns":7},{"damage":3,"enemies":"Sphere and 2 Shapes","floor":42,"turns":10},{"damage":37,"enemies":"Maw","floor":45,"turns":7},{"damage":4,"enemies":"4 Shapes","floor":47,"turns":4},{"damage":63,"enemies":"Awakened One","floor":50,"turns":19}],"event_choices":[{"event_name":"Golden Idol","player_choice":"Lose Max HP","floor":2,"damage_taken":0},{"event_name":"The Cleric","player_choice":"Card Removal","floor":8,"damage_taken":0},{"event_name":"Big Fish","player_choice":"Donut","floor":13,"damage_taken":0},{"event_name":"Forgotten Altar","player_choice":"Gave Idol","floor":20,"damage_taken":0},{"event_name":"Back to Basics","player_choice":"Simplicity","floor":22,"damage_taken":0},{"event_name":"Masked Bandits","player_choice":"Paid Bandits 3 gold","floor":29,"damage_taken":0},{"event_name":"SensoryStone","player_choice":"Memory 1","floor":36,"damage_taken":0},{"event_name":"Mysterious Sphere","player_choice":"Fight","floor":37,"damage_taken":0},{"event_name":"Bonfire Elementals","player_choice":"RARE","floor":44,"damage_taken":0}],"boss_relics":[{"not_picked":["Pandora\u0027s Box","Runic Dome"],"picked":"Ectoplasm"},{"not_picked":["White Beast Statue","Nuclear Battery"],"picked":"Astrolabe"}],"potions_floor_spawned":[5,6,12,16,21,27,30,31,37,39,40,45],"seed_played":"7739990148847347866","ascension_level":12,"is_trial":false}