{"gold_per_floor":[112,129,142,159,170,170,195,205,229,229,229,253,253,6,6,135,135,149,34,34],"floor_reached":20,"playtime":841,"items_purged":["Strike_R"],"score":255,"play_id":"a36de6b7-2169-4d58-a24a-6c003b6e571d","local_time":"20190226104247","is_ascension_mode":true,"campfire_choices":[{"data":"Armaments","floor":6,"key":"SMITH"},{"data":"Metallicize","floor":11,"key":"SMITH"},{"data":"Uppercut","floor":13,"key":"SMITH"},{"data":"Cleave","floor":15,"key":"SMITH"}],"neow_cost":"NONE","seed_source_timestamp":969856664394104,"circlet_count":0,"master_deck":["Strike_R","Strike_R","Strike_R","Strike_R","Defend_R","Defend_R","Defend_R","Defend_R","Bash+1","Armaments+1","Uppercut+1","Carnage","Metallicize+1","Impervious","Cleave+1","Barricade","Metallicize","Shockwave"],"relics":["Burning Blood","Sundial","Bronze Scales","Golden Idol","Paper Frog","Black Star"],"potions_floor_usage":[7,16,20],"damage_taken":[{"damage":11,"enemies":"Jaw Worm","floor":1,"turns":5},{"damage":2,"enemies":"2 Louse","floor":2,"turns":4},{"damage":1,"enemies":"Small Slimes","floor":3,"turns":4},{"damage":5,"enemies":"2 Fungi Beasts","floor":4,"turns":4},{"damage":9,"enemies":"3 Louse","floor":5,"turns":4},{"damage":30,"enemies":"Lagavulin","floor":7,"turns":9},{"damage":16,"enemies":"Exordium Thugs","floor":8,"turns":6},{"damage":8,"enemies":"Gremlin Gang","floor":12,"turns":6},{"damage":28,"enemies":"Slime Boss","floor":16,"turns":13},{"damage":37,"enemies":"Spheric Guardian","floor":18,"turns":6},{"damage":31,"enemies":"Colosseum Slavers","floor":20,"turns":4}],"seed_played":"-2543450253953024646","potions_obtained":[{"floor":1,"key":"GamblersBrew"},{"floor":5,"key":"Dexterity Potion"},{"floor":16,"key":"Poison Potion"}],"is_trial":false,"path_per_floor":["M","M","M","M","M","R","E","M","T","?","R","M","R","$","R","B",null,"M","$","?"],"character_chosen":"IRONCLAD","items_purchased":["Paper Frog","Shockwave"],"campfire_rested":0,"item_purchase_floors":[14,19],"current_hp_per_floor":[67,71,76,77,74,74,50,40,40,40,40,38,38,38,38,16,60,29,29,0],"gold":34,"neow_bonus":"UPGRADE_CARD","is_prod":false,"is_daily":false,"chose_seed":false,"campfire_upgraded":4,"win_rate":0,"timestamp":1551174167,"path_taken":["M","M","M","M","M","R","E","M","T","?","R","M","R","$","R","BOSS","M","$","?"],"build_version":"2019-01-23","purchased_purges":1,"victory":false,"max_hp_per_floor":[80,80,80,80,80,80,80,80,80,74,74,74,74,74,74,74,74,74,74,74],"card_choices":[{"not_picked":["Flex","Twin Strike"],"picked":"Armaments","floor":1},{"not_picked":["Armaments","Anger"],"picked":"Uppercut","floor":2},{"not_picked":["Flex","Clash","Sword Boomerang"],"picked":"SKIP","floor":3},{"not_picked":["Second Wind","Anger"],"picked":"Carnage","floor":4},{"not_picked":["Iron Wave","Flex"],"picked":"Metallicize","floor":5},{"not_picked":["Clash","Entrench"],"picked":"Impervious","floor":7},{"not_picked":["Sever Soul","Burning Pact","Warcry"],"picked":"SKIP","floor":8},{"not_picked":["Headbutt","Anger"],"picked":"Cleave","floor":12},{"not_picked":["Impervious","Bludgeon"],"picked":"Barricade","floor":16},{"not_picked":["Evolve","Searing Blow"],"picked":"Metallicize","floor":18}],"player_experience":537888,"relics_obtained":[{"floor":7,"key":"Sundial"},{"floor":9,"key":"Bronze Scales"}],"event_choices":[{"damage_healed":0,"gold_gain":0,"player_choice":"Lose Max HP","damage_taken":0,"relics_obtained":["Golden Idol"],"max_hp_gain":0,"max_hp_loss":6,"event_name":"Golden Idol","floor":10,"gold_loss":0},{"damage_healed":0,"gold_gain":0,"player_choice":"Fight","damage_taken":0,"max_hp_gain":0,"max_hp_loss":0,"event_name":"Colosseum","floor":20,"gold_loss":0}],"is_beta":false,"boss_relics":[{"not_picked":["Busted Crown","Runic Dome"],"picked":"Black Star"}],"items_purged_floors":[19],"is_endless":false,"potions_floor_spawned":[1,5,16],"killed_by":"Colosseum Slavers","ascension_level":9}