{"path_per_floor":["M","M","?","?","M","R","E","R","T","R","M","M","E","M","R","B",null,"M","M","$","?","M","R","M","E","T","E","R","E","$","?","R","B",null,"M","?","M","M","?","R","?","?","T","M","R","?","$","M","R","B"],"character_chosen":"THE_SILENT","items_purchased":[],"gold_per_floor":[117,130,130,130,145,145,170,170,170,170,180,194,222,237,237,341,341,341,341,266,266,266,266,266,266,266,266,266,266,166,166,166,166,166,166,166,166,166,166,166,0,0,0,0,0,0,0,0,0,0],"floor_reached":51,"campfire_rested":3,"playtime":6043,"current_hp_per_floor":[63,59,52,52,52,52,46,46,46,46,46,42,31,27,63,54,66,66,64,64,64,62,62,56,52,52,42,42,29,29,29,65,43,63,63,28,40,47,37,37,37,37,37,38,38,38,38,40,74,45],"items_purged":["Strike_G","Strike_G"],"gold":0,"play_id":"a83090e5-c36d-4221-b962-a746f72edda5","is_prod":false,"is_daily":false,"is_ascension_mode":true,"campfire_upgraded":6,"path_taken":["M","M","?","?","M","R","E","R","T","R","?","M","E","M","R","BOSS","M","M","$","?","M","R","M","E","T","E","R","E","$","?","R","BOSS","M","?","M","M","?","R","?","?","T","M","R","?","?","?","R","BOSS"],"build_version":"2018-02-01-PROD3","purchased_purges":2,"victory":true,"master_deck":["Defend_G","Defend_G","Defend_G","Defend_G","Survivor","Neutralize+1","Poisoned Stab","Deadly Poison+1","Footwork+1","PiercingWail","After Image","Footwork","Blur","Acrobatics+1","Noxious Fumes+1","Catalyst+1","Tactician","Acrobatics+1","Malaise","Well Laid Plans","Calculated Gamble+1","Acrobatics+1","Outmaneuver+1","Madness","Madness","Injury"],"max_hp_per_floor":[70,70,70,70,70,70,70,70,70,70,70,70,70,70,70,70,70,70,70,70,70,70,70,70,70,70,70,70,70,70,70,70,70,70,70,70,70,70,70,70,70,70,70,72,72,72,72,74,74,74],"relics":["Ring of the Snake","Orichalcum","Regal Pillow","Whetstone","Mercury Hourglass","Ectoplasm","Old Coin","Meat on the Bone","Ginger","Thread and Needle","Shovel","Red Mask","Singing Bowl","The Courier"],"card_choices":[{"not_picked":["Finisher","Corpse Explosion"],"picked":"Poisoned Stab"},{"not_picked":["Deflect","Underhanded Strike"],"picked":"Deadly Poison"},{"not_picked":["Underhanded Strike","PiercingWail"],"picked":"Footwork"},{"not_picked":["Flechettes","Slice"],"picked":"PiercingWail"},{"not_picked":["Sucker Punch","Catalyst"],"picked":"After Image"},{"not_picked":["Distraction","Deflect"],"picked":"Footwork"},{"not_picked":["Prepared","Unload"],"picked":"Blur"},{"not_picked":["Deadly Poison","Sucker Punch"],"picked":"Acrobatics"},{"not_picked":["Endless Agony","Flying Knee"],"picked":"Noxious Fumes"},{"not_picked":["Flechettes","Prepared"],"picked":"Catalyst"},{"not_picked":["Quick Slash","Cloak And Dagger"],"picked":"Tactician"},{"not_picked":["Quick Slash","Underhanded Strike"],"picked":"Acrobatics"},{"not_picked":["Deflect","Cloak And Dagger"],"picked":"Well Laid Plans"},{"not_picked":["Sucker Punch","Deflect"],"picked":"Calculated Gamble"},{"not_picked":["PiercingWail","Unload"],"picked":"Acrobatics"},{"not_picked":["PiercingWail","Backstab"],"picked":"Outmaneuver"}],"player_experience":523160,"potions_floor_usage":[7,7,13,13,25,25,27,36,50,50],"damage_taken":[{"damage":0,"enemies":"Cultist","floor":1,"turns":4},{"damage":4,"enemies":"Small Slimes","floor":2,"turns":4},{"damage":0,"enemies":"Jaw Worm","floor":5,"turns":4},{"damage":6,"enemies":"3 Sentries","floor":7,"turns":7},{"damage":0,"enemies":"2 Fungi Beasts","floor":11,"turns":3},{"damage":4,"enemies":"Gremlin Gang","floor":12,"turns":6},{"damage":11,"enemies":"Gremlin Nob","floor":13,"turns":5},{"damage":4,"enemies":"Lots of Slimes","floor":14,"turns":3},{"damage":9,"enemies":"Hexaghost","floor":16,"turns":11},{"damage":0,"enemies":"Shell Parasite","floor":18,"turns":7},{"damage":2,"enemies":"3 Byrds","floor":19,"turns":5},{"damage":2,"enemies":"Centurion and Healer","floor":22,"turns":8},{"damage":6,"enemies":"Snake Plant","floor":24,"turns":5},{"damage":19,"enemies":"Slavers","floor":25,"turns":5},{"damage":10,"enemies":"Gremlin Leader","floor":27,"turns":6},{"damage":25,"enemies":"Slavers","floor":29,"turns":6},{"damage":22,"enemies":"Collector","floor":33,"turns":9},{"damage":0,"enemies":"Orb Walker","floor":35,"turns":5},{"damage":62,"enemies":"Mysterious Sphere","floor":36,"turns":6},{"damage":0,"enemies":"3 Shapes","floor":37,"turns":5},{"damage":5,"enemies":"Maw","floor":38,"turns":7},{"damage":1,"enemies":"Sphere and 2 Shapes","floor":44,"turns":5},{"damage":0,"enemies":"3 Darklings","floor":48,"turns":8},{"damage":41,"enemies":"Time Eater","floor":50,"turns":12}],"event_choices":[{"event_name":"Scrap Ooze","player_choice":"success","floor":3,"damage_taken":7},{"event_name":"Purifier","player_choice":"One Purge","floor":4,"damage_taken":0},{"event_name":"Back to Basics","player_choice":"Elegance","floor":21,"damage_taken":0},{"event_name":"Transmorgrifier","player_choice":"Transform","floor":31,"damage_taken":0},{"event_name":"Mysterious Sphere","player_choice":"Fight","floor":36,"damage_taken":0},{"event_name":"Winding Halls","player_choice":"Embrace Madness","floor":39,"damage_taken":0},{"event_name":"Tomb of Lord Red Mask","player_choice":"Paid","floor":41,"damage_taken":0},{"event_name":"Accursed Blacksmith","player_choice":"Forge","floor":42,"damage_taken":0}],"boss_relics":[{"not_picked":["White Beast Statue","Eternal Feather"],"picked":"Ectoplasm"},{"not_picked":["Snecko Eye","Philosopher\u0027s Stone","Pandora\u0027s Box"]}],"potions_floor_spawned":[1,7,11,18,19,24,33,37,44],"seed_played":"2978555406712003211","ascension_level":9,"is_trial":false}