{"path_per_floor":["M","?","M","M","M","R","M","R","T","R","M","E","?","?","R","B",null,"M","M","M","M","$","R","E","R","T","E","R","M","E","M","R","B",null,"M","?","$","?","M","R","E","?","T","R","M","?","R","M","R","B"],"character_chosen":"DEFECT","items_purchased":["Fire Potion","Dexterity Potion","Cold Snap","Coolheaded","Sweeping Beam","Defragment","Cables"],"gold_per_floor":[119,119,133,153,169,169,183,183,208,208,226,265,415,415,415,511,511,526,541,564,585,289,289,329,329,329,365,365,384,418,434,434,532,532,551,521,84,84,105,105,144,144,144,144,157,457,457,470,470,470],"floor_reached":51,"campfire_rested":8,"playtime":3855,"item_purchase_floors":[22,22,22,22,22,37,37],"current_hp_per_floor":[64,64,64,64,64,64,62,62,62,62,58,46,46,51,51,21,57,49,38,17,3,3,23,21,41,41,30,51,55,60,61,87,16,70,78,78,78,90,51,78,62,54,54,82,70,70,96,90,100,16],"items_purged":["Doubt","Strike_B"],"gold":470,"score":1252,"play_id":"409f0412-c019-4b4f-8a03-c6b5cefb40bd","local_time":"20180609154534","is_prod":false,"is_daily":false,"chose_seed":false,"is_ascension_mode":true,"campfire_upgraded":4,"win_rate":0,"timestamp":1528584334,"campfire_choices":[{"data":"White Noise","floor":6,"key":"SMITH"},{"data":"Ball Lightning","floor":8,"key":"SMITH"},{"data":"Conserve Battery","floor":10,"key":"SMITH"},{"data":"Dualcast","floor":15,"key":"SMITH"},{"floor":23,"key":"REST"},{"floor":25,"key":"REST"},{"floor":28,"key":"REST"},{"floor":32,"key":"REST"},{"floor":40,"key":"REST"},{"floor":44,"key":"REST"},{"floor":47,"key":"REST"},{"floor":49,"key":"REST"}],"path_taken":["M","?","?","M","M","R","M","R","T","R","M","E","?","?","R","BOSS","M","M","M","M","$","R","E","R","T","E","R","M","E","M","R","BOSS","M","?","$","?","M","R","E","?","T","R","M","?","R","M","R","BOSS"],"build_version":"2018-06-08","seed_source_timestamp":272068344605666,"purchased_purges":2,"victory":true,"master_deck":["Strike_B","Strike_B","Strike_B","Defend_B","Defend_B","Defend_B","Defend_B","Zap+1","Dualcast+1","AscendersBane","Cold Snap","Conserve Battery+1","Ball Lightning+1","White Noise+1","Compile Driver","Seek","Reinforced Body","Chill","Steam Power+1","Cold Snap","Coolheaded","Sweeping Beam","Ball Lightning+1","Machine Learning","Leap+1","Defragment","Writhe","Go for the Eyes","Echo Form","Apotheosis","Master of Strategy","Glacier","Creative AI"],"max_hp_per_floor":[71,64,64,64,64,64,64,64,64,64,64,64,64,69,69,69,69,69,69,69,69,69,69,69,69,69,71,71,75,84,88,88,88,88,90,90,90,90,92,92,92,94,94,94,96,96,96,100,100,100],"relics":["Cracked Core","Golden Idol","DataDisk","Juzu Bracelet","Runic Dome","Oddly Smooth Stone","Prayer Wheel","Singing Bowl","Strawberry","Lizard Tail","Cables","Centennial Puzzle","Bag of Preparation","Old Coin"],"card_choices":[{"not_picked":["Compile Driver","Conserve Battery"],"picked":"Cold Snap","floor":1},{"not_picked":["Turbo","Redo"],"picked":"Conserve Battery","floor":3},{"not_picked":["Doom and Gloom","Coolheaded"],"picked":"Ball Lightning","floor":4},{"not_picked":["Hello World","Rebound"],"picked":"White Noise","floor":5},{"not_picked":["Amplify","Tempest","Conserve Battery"],"picked":"SKIP","floor":7},{"not_picked":["Amplify","Tempest","Conserve Battery"],"picked":"SKIP","floor":7},{"not_picked":["White Noise","Steam"],"picked":"Compile Driver","floor":11},{"not_picked":["Rebound","Fission","Ball Lightning"],"picked":"SKIP","floor":12},{"not_picked":["Rainbow","Thunder Strike"],"picked":"Seek","floor":16},{"not_picked":["Scrape","Stack+1"],"picked":"Reinforced Body","floor":18},{"not_picked":["Turbo","Redo","Aggregate"],"picked":"SKIP","floor":19},{"not_picked":["Turbo","Beam Cell"],"picked":"Chill","floor":20},{"not_picked":["BootSequence","Rip and Tear+1"],"picked":"Steam Power+1","floor":21},{"not_picked":["Cold Snap","Reboot"],"picked":"Ball Lightning+1","floor":24},{"not_picked":["Static Discharge","Barrage","Leap"],"picked":"Singing Bowl","floor":27},{"not_picked":["Tempest","Beam Cell","Steam Power"],"picked":"Singing Bowl","floor":29},{"not_picked":["Chill","Turbo","Gash"],"picked":"Singing Bowl","floor":29},{"not_picked":["Leap","Turbo","Amplify"],"picked":"Singing Bowl","floor":30},{"not_picked":["Cold Snap","Rebound","Doom and Gloom"],"picked":"Singing Bowl","floor":31},{"not_picked":["Aggregate","Beam Cell","Go for the Eyes"],"picked":"Singing Bowl","floor":31},{"not_picked":["Biased Cognition","Meteor Strike"],"picked":"Machine Learning","floor":33},{"not_picked":["Cold Snap","Stack","Steam"],"picked":"Singing Bowl","floor":35},{"not_picked":["Steam Power","Barrage"],"picked":"Leap+1","floor":35},{"not_picked":["Ball Lightning","Reinforced Body","Storm"],"picked":"Singing Bowl","floor":39},{"not_picked":["Turbo","Coolheaded"],"picked":"Go for the Eyes","floor":39},{"not_picked":["Compile Driver","Rebound"],"picked":"Echo Form","floor":41},{"not_picked":["Jack Of All Trades","Good Instincts"],"picked":"Apotheosis","floor":42},{"not_picked":["Jack Of All Trades","Panache","Bandage Up"],"picked":"Singing Bowl","floor":42},{"not_picked":["Good Instincts","Mind Blast"],"picked":"Master of Strategy","floor":42},{"not_picked":["Rebound+1","Turbo"],"picked":"Glacier","floor":45},{"not_picked":["Redo","Steam Power","Chill+1"],"picked":"Singing Bowl","floor":45},{"not_picked":["Static Discharge","Aggregate"],"picked":"Creative AI","floor":46},{"not_picked":["Redo+1","Rebound+1","Tempest+1"],"picked":"Singing Bowl","floor":48},{"not_picked":["Darkness","Ball Lightning+1","Turbo+1"],"picked":"Singing Bowl","floor":48}],"player_experience":1860351,"potions_floor_usage":[12,20,24,24,27,31,33,35,35,50,50,50,50],"damage_taken":[{"damage":0,"enemies":"2 Louse","floor":1,"turns":2},{"damage":0,"enemies":"Small Slimes","floor":3,"turns":3},{"damage":0,"enemies":"Cultist","floor":4,"turns":3},{"damage":0,"enemies":"3 Louse","floor":5,"turns":2},{"damage":2,"enemies":"2 Fungi Beasts","floor":7,"turns":3},{"damage":4,"enemies":"Large Slime","floor":11,"turns":5},{"damage":12,"enemies":"Lagavulin","floor":12,"turns":5},{"damage":30,"enemies":"The Guardian","floor":16,"turns":11},{"damage":8,"enemies":"Chosen","floor":18,"turns":4},{"damage":11,"enemies":"3 Byrds","floor":19,"turns":3},{"damage":21,"enemies":"Cultist and Chosen","floor":20,"turns":6},{"damage":14,"enemies":"Snake Plant","floor":21,"turns":4},{"damage":2,"enemies":"Slavers","floor":24,"turns":6},{"damage":13,"enemies":"Gremlin Leader","floor":27,"turns":8},{"damage":0,"enemies":"Centurion and Healer","floor":29,"turns":4},{"damage":4,"enemies":"Book of Stabbing","floor":30,"turns":6},{"damage":3,"enemies":"Chosen and Byrds","floor":31,"turns":6},{"damage":71,"enemies":"Automaton","floor":33,"turns":13},{"damage":8,"enemies":"Orb Walker","floor":35,"turns":5},{"damage":41,"enemies":"3 Darklings","floor":39,"turns":6},{"damage":16,"enemies":"Nemesis","floor":41,"turns":9},{"damage":14,"enemies":"Transient","floor":45,"turns":5},{"damage":0,"floor":46,"turns":8},{"damage":10,"enemies":"Maw","floor":48,"turns":7},{"damage":84,"enemies":"Donu and Deca","floor":50,"turns":11}],"relics_obtained":[{"floor":9,"key":"DataDisk"},{"floor":12,"key":"Juzu Bracelet"},{"floor":24,"key":"Oddly Smooth Stone"},{"floor":26,"key":"Prayer Wheel"},{"floor":27,"key":"Singing Bowl"},{"floor":30,"key":"Strawberry"},{"floor":41,"key":"Centennial Puzzle"},{"floor":43,"key":"Bag of Preparation"},{"floor":46,"key":"Old Coin"}],"event_choices":[{"event_name":"Golden Idol","player_choice":"Lose Max HP","floor":2,"damage_taken":0},{"event_name":"Liars Game","player_choice":"agreed","floor":13,"damage_taken":0},{"event_name":"Big Fish","player_choice":"Donut","floor":14,"damage_taken":0},{"event_name":"The Woman in Blue","player_choice":"Bought 2 Potions","floor":36,"damage_taken":0},{"event_name":"Winding Halls","player_choice":"Writhe","floor":38,"damage_taken":0},{"event_name":"SensoryStone","player_choice":"Memory 3","floor":42,"damage_taken":0},{"event_name":"MindBloom","player_choice":"Fight","floor":46,"damage_taken":0}],"boss_relics":[{"not_picked":["Eternal Feather","Runic Pyramid"],"picked":"Runic Dome"},{"not_picked":["Calling Bell","Sozu"],"picked":"Lizard Tail"}],"items_purged_floors":[22,37],"potions_floor_spawned":[3,5,7,24,27,29,30,31,33,41,46,48],"seed_played":"-1637126511912527137","ascension_level":15,"potions_obtained":[{"floor":3,"key":"AttackPotion"},{"floor":5,"key":"Block Potion"},{"floor":7,"key":"SteroidPotion"},{"floor":24,"key":"PowerPotion"},{"floor":27,"key":"Swift Potion"},{"floor":29,"key":"Dexterity Potion"},{"floor":31,"key":"Weak Potion"},{"floor":33,"key":"Regen Potion"},{"floor":36,"key":"SpeedPotion"},{"floor":36,"key":"EntropicBrew"}],"is_trial":false}