{"gold_per_floor":[111,124,124,124,124,124,163,181,181,181,206,230,47,81,81,205,205,224,215,115,115,136,136,154,154,179,179,179,179],"floor_reached":29,"playtime":2029,"items_purged":["Strike_B","Defend_B"],"score":385,"play_id":"c0ecb797-960a-47c9-a40e-823aeef6d2b7","local_time":"20190223094528","is_ascension_mode":true,"campfire_choices":[{"data":"Capacitor","floor":6,"key":"SMITH"},{"data":"Glacier","floor":10,"key":"SMITH"},{"floor":15,"key":"REST"},{"data":"Barrage","floor":23,"key":"SMITH"},{"data":"White Noise","floor":25,"key":"SMITH"},{"data":"Blizzard","floor":27,"key":"SMITH"}],"neow_cost":"NONE","seed_source_timestamp":706025516496609,"circlet_count":0,"master_deck":["Strike_B","Strike_B+1","Defend_B","Defend_B+1","Zap+1","Dualcast","Capacitor+1","Glacier+1","Conserve Battery","Glacier","Ball Lightning","Barrage+1","Blizzard+1","White Noise+1"],"relics":["Cracked Core","NeowsBlessing","Golden Idol","Pantograph","Oddly Smooth Stone","Turnip","Inserter","Boot"],"potions_floor_usage":[16,16,22,29],"damage_taken":[{"damage":0,"enemies":"Jaw Worm","floor":1,"turns":1},{"damage":0,"enemies":"2 Louse","floor":2,"turns":1},{"damage":0,"enemies":"Lagavulin","floor":7,"turns":1},{"damage":0,"enemies":"Small Slimes","floor":8,"turns":3},{"damage":18,"enemies":"Exordium Thugs","floor":11,"turns":6},{"damage":0,"enemies":"Blue Slaver","floor":12,"turns":3},{"damage":8,"enemies":"3 Sentries","floor":14,"turns":12},{"damage":0,"enemies":"The Guardian","floor":16,"turns":9},{"damage":0,"enemies":"Chosen","floor":18,"turns":5},{"damage":14,"enemies":"2 Thieves","floor":19,"turns":4},{"damage":2,"enemies":"Centurion and Healer","floor":22,"turns":6},{"damage":9,"enemies":"Cultist and Chosen","floor":24,"turns":7},{"damage":51,"enemies":"Slavers","floor":29,"turns":4}],"seed_played":"-4564681147176534416","potions_obtained":[{"floor":1,"key":"LiquidBronze"},{"floor":14,"key":"Energy Potion"},{"floor":18,"key":"SkillPotion"}],"is_trial":false,"path_per_floor":["M","M","?","?","?","R","E","M","T","R","M","M","$","E","R","B",null,"M","M","$","?","M","R","M","R","T","R","?","E"],"character_chosen":"DEFECT","items_purchased":["Glacier","FocusPotion"],"campfire_rested":1,"item_purchase_floors":[13,13],"current_hp_per_floor":[75,75,57,57,42,42,42,42,42,42,24,24,24,16,38,63,72,72,58,58,58,56,56,47,47,47,47,47,0],"gold":179,"neow_bonus":"THREE_ENEMY_KILL","is_prod":false,"is_daily":false,"chose_seed":false,"campfire_upgraded":5,"win_rate":0,"timestamp":1550911528,"path_taken":["M","M","?","?","?","R","E","M","T","R","M","?","$","E","R","BOSS","M","M","$","?","M","R","M","R","T","R","?","E"],"build_version":"2019-01-23","purchased_purges":2,"victory":false,"max_hp_per_floor":[75,75,75,75,75,75,75,75,75,75,75,75,75,75,75,75,75,75,75,75,75,75,75,75,75,75,75,75,75],"card_choices":[{"not_picked":["Scrape","Hologram"],"picked":"Capacitor","floor":1},{"not_picked":["Gash","Hologram","Recycle"],"picked":"SKIP","floor":2},{"not_picked":["Gash","Hologram","Recycle"],"picked":"SKIP","floor":2},{"not_picked":["Compile Driver","Leap","Streamline"],"picked":"SKIP","floor":7},{"not_picked":["Auto Shields","Scrape"],"picked":"Glacier","floor":8},{"not_picked":["Leap","Force Field","Fusion"],"picked":"SKIP","floor":11},{"not_picked":["Blizzard","Go for the Eyes"],"picked":"Conserve Battery","floor":12},{"not_picked":["Gash","Streamline"],"picked":"Ball Lightning","floor":14},{"not_picked":["Static Discharge","Blizzard"],"picked":"Barrage","floor":18},{"not_picked":["Streamline","Sunder+1","Sweeping Beam"],"picked":"SKIP","floor":19},{"not_picked":["Beam Cell+1","Steam Power+1"],"picked":"Blizzard","floor":22},{"not_picked":["Gash","Redo"],"picked":"White Noise","floor":24}],"player_experience":373727,"relics_obtained":[{"floor":7,"key":"Pantograph"},{"floor":9,"key":"Oddly Smooth Stone"},{"floor":14,"key":"Turnip"},{"floor":26,"key":"Boot"}],"event_choices":[{"damage_healed":0,"gold_gain":0,"player_choice":"Take Damage","damage_taken":18,"relics_obtained":["Golden Idol"],"max_hp_gain":0,"max_hp_loss":0,"event_name":"Golden Idol","floor":3,"gold_loss":0},{"damage_healed":0,"gold_gain":0,"player_choice":"Grow","damage_taken":0,"max_hp_gain":0,"max_hp_loss":0,"event_name":"Living Wall","floor":4,"gold_loss":0,"cards_upgraded":["Zap"]},{"damage_healed":0,"gold_gain":0,"player_choice":"Entered Light","damage_taken":15,"max_hp_gain":0,"max_hp_loss":0,"event_name":"Shining Light","floor":5,"gold_loss":0,"cards_upgraded":["Defend_B","Strike_B"]},{"cards_removed":["Strike_B"],"damage_healed":0,"gold_gain":0,"player_choice":"Elegance","damage_taken":0,"max_hp_gain":0,"max_hp_loss":0,"event_name":"Back to Basics","floor":21,"gold_loss":0},{"cards_removed":["Defend_B"],"damage_healed":0,"gold_gain":0,"player_choice":"Purged","damage_taken":0,"max_hp_gain":0,"max_hp_loss":0,"event_name":"Purifier","floor":28,"gold_loss":0}],"is_beta":false,"boss_relics":[{"not_picked":["Ectoplasm","Pandora\u0027s Box"],"picked":"Inserter"}],"items_purged_floors":[13,20],"is_endless":false,"potions_floor_spawned":[1,14,18],"killed_by":"Slavers","ascension_level":5}