{"path_per_floor":["M","M","?","M","$","R","M","R","T","?","?","R","$","M","R","B",null,"M","?","M","$"],"character_chosen":"IRONCLAD","items_purchased":["True Grit","Pommel Strike","Limit Break"],"gold_per_floor":[111,126,126,143,14,14,26,26,95,270,270,270,9,29,29,124,124,144,144,132,7],"floor_reached":22,"campfire_rested":1,"playtime":1270,"current_hp_per_floor":[45,48,36,30,30,30,26,50,50,50,43,43,43,43,43,26,80,47,32,25,25],"items_purged":["Strike_R","Doubt","Strike_R"],"gold":7,"score":200,"play_id":"bfdbee0f-37ed-4e81-a208-7e2977e529ed","local_time":"20180308205324","is_prod":false,"is_daily":false,"is_ascension_mode":true,"campfire_upgraded":3,"timestamp":1520571204,"path_taken":["M","M","?","M","$","R","M","R","T","?","?","R","?","M","R","BOSS","M","?","M","$","M"],"build_version":"2018-03-01-PROD1","purchased_purges":3,"victory":false,"master_deck":["Strike_R","Defend_R","Defend_R","Defend_R","Bash","Sentinel","Second Wind","Headbutt","Iron Wave","Warcry","True Grit+1","True Grit+1","Pommel Strike+1","Limit Break+1","Feed","Inflame","Clothesline"],"max_hp_per_floor":[80,80,80,80,80,80,80,80,80,80,80,80,80,80,80,80,80,80,85,88,88],"relics":["Burning Blood","Art of War","Toxic Egg 2","Sozu"],"card_choices":[{"not_picked":["Heavy Blade","Havoc"],"picked":"Headbutt"},{"not_picked":["Sword Boomerang","Rampage"],"picked":"Iron Wave"},{"not_picked":["Heavy Blade","Ghostly Armor"],"picked":"Warcry"},{"not_picked":["Anger","Corruption"],"picked":"True Grit"},{"not_picked":["Offering","Limit Break"],"picked":"Feed"},{"not_picked":["Perfected Strike","Iron Wave"],"picked":"Inflame"},{"not_picked":["Sever Soul","Spot Weakness"],"picked":"Clothesline"}],"player_experience":177021,"potions_floor_usage":[16,22],"damage_taken":[{"damage":1,"enemies":"Cultist","floor":1,"turns":4},{"damage":3,"enemies":"2 Louse","floor":2,"turns":2},{"damage":12,"enemies":"Jaw Worm","floor":4,"turns":3},{"damage":10,"enemies":"2 Fungi Beasts","floor":7,"turns":5},{"damage":6,"enemies":"3 Louse","floor":14,"turns":3},{"damage":23,"enemies":"The Guardian","floor":16,"turns":11},{"damage":39,"enemies":"Spheric Guardian","floor":18,"turns":10},{"damage":16,"enemies":"2 Thieves","floor":20,"turns":4},{"damage":27,"enemies":"3 Cultists","floor":22,"turns":3}],"event_choices":[{"event_name":"Scrap Ooze","player_choice":"success","floor":3,"damage_taken":12},{"event_name":"Liars Game","player_choice":"agreed","floor":10,"damage_taken":0},{"event_name":"Golden Wing","player_choice":"Card Removal","floor":11,"damage_taken":0},{"event_name":"Forgotten Altar","player_choice":"Shed Blood","floor":19,"damage_taken":0}],"boss_relics":[{"not_picked":["Lizard Tail","Runic Cube"],"picked":"Sozu"}],"potions_floor_spawned":[2,7,16],"seed_played":"-4186505172726613369","killed_by":"3 Cultists","ascension_level":3,"is_trial":false}