{"path_per_floor":["M","M","M","$","M","R","E","R","T","M","?","M","?","M","R","B",null,"M","T","?","$","M"],"character_chosen":"IRONCLAD","items_purchased":["Calipers","Metallicize"],"gold_per_floor":[111,124,139,64,77,77,107,107,161,174,249,268,268,283,283,359,359,373,373,373,47,61,61],"floor_reached":23,"campfire_rested":1,"playtime":1375,"current_hp_per_floor":[72,71,75,75,41,41,31,31,31,28,17,23,23,28,50,43,67,52,52,52,52,33,0],"items_purged":["Strike_R"],"gold":61,"score":328,"play_id":"02750da8-e194-4a24-a860-03457bc75a5e","local_time":"20180513152110","is_prod":false,"is_daily":false,"chose_seed":false,"is_ascension_mode":true,"campfire_upgraded":2,"timestamp":1526250070,"path_taken":["M","M","M","$","M","R","E","R","T","M","?","M","?","M","R","BOSS","M","?","?","$","?","E"],"build_version":"2018-05-12v2","seed_source_timestamp":75501979002561,"purchased_purges":1,"victory":false,"master_deck":["Strike_R","Strike_R","Strike_R","Defend_R","Defend_R","Defend_R","Defend_R","Bash","AscendersBane","Shockwave+1","Battle Trance","Body Slam","Body Slam","Armaments+1","Evolve","Wild Strike","Limit Break","Flame Barrier","Metallicize","Anger"],"max_hp_per_floor":[75,75,75,75,75,75,75,75,75,75,75,75,75,75,75,75,75,75,75,75,75,75,75],"relics":["Burning Blood","Ancient Tea Set","Dodecahedron","Pen Nib","Mark of Pain","Shuriken","Calipers"],"card_choices":[{"not_picked":["Hemokinesis","Sword Boomerang"],"picked":"Shockwave","floor":1},{"not_picked":["Cleave","Havoc"],"picked":"Battle Trance","floor":2},{"not_picked":["Perfected Strike","Flex"],"picked":"Body Slam","floor":3},{"not_picked":["Flex","Rampage"],"picked":"Body Slam","floor":5},{"not_picked":["Sword Boomerang","Double Tap"],"picked":"Armaments","floor":7},{"not_picked":["Pommel Strike","Heavy Blade","Armaments"],"picked":"SKIP","floor":10},{"not_picked":["Wild Strike","Dual Wield"],"picked":"Evolve","floor":12},{"not_picked":["Searing Blow","Iron Wave"],"picked":"Wild Strike","floor":14},{"not_picked":["Bludgeon","Juggernaut"],"picked":"Limit Break","floor":16},{"not_picked":["Clothesline+1","Sword Boomerang","Reckless Charge"],"picked":"SKIP","floor":18},{"not_picked":["Armaments","Thunderclap"],"picked":"Anger","floor":22}],"player_experience":576212,"potions_floor_usage":[7,12],"damage_taken":[{"damage":2,"enemies":"2 Louse","floor":1,"turns":4},{"damage":7,"enemies":"Jaw Worm","floor":2,"turns":5},{"damage":1,"enemies":"Small Slimes","floor":3,"turns":4},{"damage":40,"enemies":"Gremlin Gang","floor":5,"turns":8},{"damage":16,"enemies":"3 Sentries","floor":7,"turns":7},{"damage":9,"enemies":"Exordium Thugs","floor":10,"turns":4},{"damage":0,"enemies":"Red Slaver","floor":12,"turns":4},{"damage":1,"enemies":"2 Fungi Beasts","floor":14,"turns":4},{"damage":13,"enemies":"Hexaghost","floor":16,"turns":9},{"damage":21,"enemies":"Spheric Guardian","floor":18,"turns":6},{"damage":25,"enemies":"3 Byrds","floor":22,"turns":6},{"damage":35,"enemies":"Book of Stabbing","floor":23,"turns":5}],"event_choices":[{"event_name":"World of Goop","player_choice":"Gather Gold","floor":11,"damage_taken":0},{"event_name":"Purifier","player_choice":"One Purge","floor":13,"damage_taken":0},{"event_name":"The Library","player_choice":"Read","floor":20,"damage_taken":0}],"boss_relics":[{"not_picked":["Runic Dome","Tiny House"],"picked":"Mark of Pain"}],"potions_floor_spawned":[1,3,5],"seed_played":"4786306076419179088","killed_by":"Book of Stabbing","ascension_level":14,"is_trial":false}