{"gold_per_floor":[109,184,204,218,234,263,263,294,319,319,339,368,21,21,21,122,122,106,31,42,54,54,54,82,82,82,102,102,129,45,79,79,182,182,202,0,10,10,23,52,52,72,146,146,146,45,45,45,45,45,45,45,45,78,78],"floor_reached":55,"playtime":5205,"items_purged":["Strike_B","Strike_B","Parasite"],"score":1194,"play_id":"525fabb5-01eb-4506-a882-f7aa8a91cba8","local_time":"20190214131332","is_ascension_mode":true,"campfire_choices":[{"floor":7,"key":"REST"},{"floor":10,"key":"REST"},{"data":"Leap","floor":15,"key":"SMITH"},{"floor":23,"key":"REST"},{"floor":25,"key":"REST"},{"floor":28,"key":"REST"},{"data":"Defragment","floor":32,"key":"SMITH"},{"floor":41,"key":"REST"},{"floor":45,"key":"REST"},{"floor":47,"key":"RECALL"},{"floor":49,"key":"REST"},{"data":"Blizzard","floor":52,"key":"SMITH"}],"neow_cost":"NONE","seed_source_timestamp":33865184218684,"circlet_count":0,"master_deck":["AscendersBane","Zap","Dualcast","Gash","Cold Snap","Conserve Battery+1","FTL","Scrape","Leap+1","Coolheaded","Rainbow","Echo Form","Glacier+1","Biased Cognition","Reprogram","Defragment+1","Blizzard+1","Fission+1","Machine Learning","Rip and Tear","Sunder","Recycle+1","Fusion+1","FTL","Melter","Glacier+1","Madness+1","Madness+1","Leap+1","Coolheaded+1","Panacea+1","Hologram+1"],"relics":["Cracked Core","Orichalcum","DataDisk","Potion Belt","Vajra","PreservedInsect","Strawberry","Inserter","Smiling Mask","Juzu Bracelet","Toxic Egg 2","Pandora\u0027s Box","OrangePellets","Blue Candle","Bottled Tornado","Bottled Flame"],"potions_floor_usage":[6,11,12,16,21,31,33,42,50,50,50,50,54,55,55],"damage_taken":[{"damage":4,"enemies":"2 Louse","floor":1,"turns":3},{"damage":1,"enemies":"Cultist","floor":3,"turns":3},{"damage":2,"enemies":"Small Slimes","floor":4,"turns":3},{"damage":4,"enemies":"Blue Slaver","floor":5,"turns":4},{"damage":27,"enemies":"3 Sentries","floor":6,"turns":7},{"damage":22,"enemies":"Lagavulin","floor":8,"turns":6},{"damage":4,"enemies":"Gremlin Gang","floor":11,"turns":3},{"damage":1,"enemies":"3 Sentries","floor":12,"turns":6},{"damage":16,"enemies":"Slime Boss","floor":16,"turns":7},{"damage":19,"enemies":"2 Thieves","floor":18,"turns":4},{"damage":3,"enemies":"3 Byrds","floor":20,"turns":6},{"damage":10,"enemies":"Cultist and Chosen","floor":21,"turns":9},{"damage":64,"enemies":"Gremlin Leader","floor":24,"turns":11},{"damage":0,"enemies":"3 Cultists","floor":27,"turns":8},{"damage":5,"enemies":"Book of Stabbing","floor":29,"turns":7},{"damage":5,"enemies":"Slavers","floor":31,"turns":7},{"damage":10,"enemies":"Collector","floor":33,"turns":10},{"damage":3,"enemies":"Orb Walker","floor":35,"turns":4},{"damage":14,"enemies":"3 Darklings","floor":37,"turns":5},{"damage":0,"enemies":"Sphere and 2 Shapes","floor":39,"turns":4},{"damage":25,"enemies":"Nemesis","floor":40,"turns":7},{"damage":21,"enemies":"Writhing Mass","floor":42,"turns":9},{"damage":26,"enemies":"Awakened One","floor":50,"turns":15},{"damage":43,"enemies":"Shield and Spear","floor":54,"turns":8},{"damage":61,"enemies":"The Heart","floor":55,"turns":5}],"seed_played":"3252805927707546111","potions_obtained":[{"floor":4,"key":"LiquidBronze"},{"floor":5,"key":"AttackPotion"},{"floor":11,"key":"Explosive Potion"},{"floor":12,"key":"GamblersBrew"},{"floor":16,"key":"FocusPotion"},{"floor":18,"key":"PowerPotion"},{"floor":21,"key":"SpeedPotion"},{"floor":27,"key":"Fire Potion"},{"floor":29,"key":"Energy Potion"},{"floor":37,"key":"EssenceOfSteel"},{"floor":40,"key":"Explosive Potion"},{"floor":42,"key":"EntropicBrew"}],"is_trial":false,"path_per_floor":["M","?","M","M","M","E","R","E","T","R","M","E","$","?","R","B",null,"M","$","M","M","$","R","E","R","T","M","R","E","$","E","R","B",null,"M","$","M","?","M","E","R","M","T","?","R","$","R","$","R","B",null,"R","$","E","B"],"character_chosen":"DEFECT","items_purchased":["PreservedInsect","Strawberry","PowerPotion","Blizzard","OrangePellets","Hologram+1"],"campfire_rested":8,"item_purchase_floors":[13,13,13,30,36,46],"current_hp_per_floor":[71,60,59,57,53,26,50,28,28,52,48,47,54,54,54,38,76,57,57,54,44,44,70,6,32,32,32,58,53,53,48,48,38,76,73,73,59,48,48,23,49,28,28,28,54,54,54,54,79,53,78,78,78,35,0],"gold":78,"neow_bonus":"TEN_PERCENT_HP_BONUS","is_prod":false,"is_daily":false,"chose_seed":false,"campfire_upgraded":3,"win_rate":0,"timestamp":1550178812,"path_taken":["M","?","M","M","M","E","R","E","T","R","M","E","$","?","R","BOSS","M","$","?","M","?","R","E","R","T","M","R","E","$","E","R","BOSS","M","$","M","?","M","E","R","M","T","?","R","?","R","$","R","BOSS","R","$","E","BOSS"],"build_version":"2019-02-06","purchased_purges":3,"victory":false,"max_hp_per_floor":[82,82,82,82,82,82,82,82,82,82,82,82,89,89,89,89,89,89,89,89,89,89,89,89,89,89,89,89,89,89,89,89,89,89,89,89,89,89,89,89,89,89,89,89,89,86,86,86,86,86,86,86,86,86,86],"card_choices":[{"not_picked":["Hello World","Rebound"],"picked":"Gash","floor":1},{"not_picked":["Consume","Coolheaded"],"picked":"Cold Snap","floor":3},{"not_picked":["Static Discharge","Self Repair"],"picked":"Conserve Battery","floor":4},{"not_picked":["Meteor Strike","Gash"],"picked":"FTL","floor":5},{"not_picked":["Skim","Leap"],"picked":"Scrape","floor":6},{"not_picked":["Sweeping Beam","Coolheaded"],"picked":"Leap","floor":8},{"not_picked":["Beam Cell","Fusion"],"picked":"Coolheaded","floor":11},{"not_picked":["Double Energy","Stack"],"picked":"Rainbow","floor":12},{"not_picked":["Core Surge","Machine Learning"],"picked":"Echo Form","floor":16},{"not_picked":["Beam Cell","Turbo+1","Steam Power"],"picked":"SKIP","floor":18},{"not_picked":["Beam Cell","Turbo+1","Steam Power"],"picked":"SKIP","floor":18},{"not_picked":["Steam","Capacitor"],"picked":"Glacier+1","floor":20},{"not_picked":["Streamline+1","Auto Shields","Ball Lightning+1"],"picked":"SKIP","floor":21},{"not_picked":["FTL","Compile Driver"],"picked":"Biased Cognition","floor":24},{"not_picked":["Barrage","Leap"],"picked":"Reprogram","floor":27},{"not_picked":["Reinforced Body","Heatsinks"],"picked":"Defragment","floor":29},{"not_picked":["Cold Snap","Conserve Battery"],"picked":"Fission","floor":31},{"not_picked":["Hyperbeam","All For One"],"picked":"Machine Learning","floor":33},{"not_picked":["Storm","Turbo+1","Sweeping Beam"],"picked":"SKIP","floor":35},{"not_picked":["Steam Power+1","Reprogram+1"],"picked":"Glacier+1","floor":37},{"not_picked":["Cold Snap+1","Stack+1","Barrage"],"picked":"SKIP","floor":39},{"not_picked":["Cold Snap+1","Stack+1","Barrage"],"picked":"SKIP","floor":39},{"not_picked":["Steam+1","Redo+1"],"picked":"Leap+1","floor":40},{"not_picked":["FTL+1","Go for the Eyes"],"picked":"Coolheaded+1","floor":42},{"not_picked":["Sadistic Nature","Jack Of All Trades+1"],"picked":"Panacea+1","floor":44},{"not_picked":["Steam+1","Aggregate+1","Gash"],"picked":"SKIP","floor":54}],"player_experience":776163,"relics_obtained":[{"floor":6,"key":"Orichalcum"},{"floor":8,"key":"DataDisk"},{"floor":9,"key":"Potion Belt"},{"floor":12,"key":"Vajra"},{"floor":24,"key":"Smiling Mask"},{"floor":29,"key":"Juzu Bracelet"},{"floor":31,"key":"Toxic Egg 2"},{"floor":40,"key":"Blue Candle"},{"floor":43,"key":"Bottled Tornado"},{"floor":54,"key":"Bottled Flame"}],"event_choices":[{"damage_healed":0,"gold_gain":75,"player_choice":"Gather Gold","damage_taken":11,"max_hp_gain":0,"max_hp_loss":0,"event_name":"World of Goop","floor":2,"gold_loss":0},{"damage_healed":0,"gold_gain":0,"player_choice":"Forge","damage_taken":0,"max_hp_gain":0,"max_hp_loss":0,"event_name":"Accursed Blacksmith","floor":14,"gold_loss":0,"cards_upgraded":["Conserve Battery"]},{"damage_healed":0,"gold_gain":0,"player_choice":"Embrace Madness","damage_taken":11,"max_hp_gain":0,"max_hp_loss":0,"event_name":"Winding Halls","floor":38,"gold_loss":0,"cards_obtained":["Madness","Madness"]},{"damage_healed":0,"gold_gain":0,"player_choice":"Memory 1","damage_taken":0,"max_hp_gain":0,"max_hp_loss":0,"event_name":"SensoryStone","floor":44,"gold_loss":0}],"is_beta":true,"boss_relics":[{"not_picked":["Lizard Tail","Eternal Feather"],"picked":"Inserter"},{"not_picked":["Orrery","Black Star"],"picked":"Pandora\u0027s Box"}],"items_purged_floors":[19,30,46],"is_endless":false,"potions_floor_spawned":[4,5,11,12,16,18,21,27,29,37,40,42],"killed_by":"The Heart","ascension_level":12}