{"gold_per_floor":[115,125,125,143,143,143,225,225,277,308,308,483,483,19,19,115,165,180,200,220,2,202,202,235,255,255,255,280,12,12,24,24,120,120,138,149,159,159,178,178,190,24,24,24,24,24,36,54,54,54],"floor_reached":50,"playtime":4022,"items_purged":[],"score":592,"play_id":"c292f926-5944-4cab-985a-5e4603cb0248","local_time":"20190224153619","is_ascension_mode":true,"campfire_choices":[{"floor":6,"key":"REST"},{"data":"Outmaneuver","floor":8,"key":"SMITH"},{"floor":11,"key":"REST"},{"floor":15,"key":"REST"},{"floor":23,"key":"REST"},{"floor":27,"key":"DIG"},{"floor":32,"key":"REST"},{"floor":40,"key":"REST"},{"floor":46,"key":"REST"},{"floor":49,"key":"REST"}],"neow_cost":"TEN_PERCENT_HP_LOSS","seed_source_timestamp":0,"circlet_count":0,"master_deck":["Defend_G","Defend_G","Defend_G","Defend_G","Defend_G","Strike_G+1","Strike_G","Strike_G","Strike_G","Strike_G","Survivor","Neutralize","Transmutation","Dramatic Entrance","Outmaneuver+1","Backflip","Finisher","Poisoned Stab","Backstab","Doubt","Dramatic Entrance","Deflect","Backflip","Poisoned Stab","Malaise","PiercingWail","Crippling Poison","Dodge and Roll+1","Sucker Punch+1","Deadly Poison","The Bomb","Acrobatics","Sucker Punch+1","Deflect","Footwork+1","Crippling Poison","Acrobatics","Neutralize","Catalyst","Backstab","Wraith Form v2+1","Escape Plan+1","Dagger Spray","Endless Agony+1","Panache+1","Discovery","Jack Of All Trades","Leg Sweep","Outmaneuver+1","Blur+1","Deadly Poison","Quick Slash+1","Noxious Fumes+1","Deadly Poison+1","Poisoned Stab"],"special_seed":0,"relics":["Ring of the Snake","Tiny Chest","Bronze Scales","Meat on the Bone","Dream Catcher","Thread and Needle","Tiny House","Darkstone Periapt","Shovel","PreservedInsect","Frozen Egg 2","Membership Card","Fusion Hammer","The Specimen","Mercury Hourglass"],"potions_floor_usage":[10,16,16,20,20,31,33,33,44,50,50],"damage_taken":[{"damage":0.0,"enemies":"Cultist","floor":1.0,"turns":4.0},{"damage":7.0,"enemies":"Small Slimes","floor":2.0,"turns":4.0},{"damage":2.0,"enemies":"2 Louse","floor":4.0,"turns":4.0},{"damage":14,"enemies":"3 Sentries","floor":7,"turns":8},{"damage":19,"enemies":"Gremlin Nob","floor":10,"turns":5},{"damage":38,"enemies":"Slime Boss","floor":16,"turns":14},{"damage":5,"enemies":"3 Byrds","floor":18,"turns":6},{"damage":10,"enemies":"2 Thieves","floor":19,"turns":3},{"damage":0,"enemies":"Snake Plant","floor":20,"turns":4},{"damage":23,"enemies":"Slavers","floor":24,"turns":4},{"damage":0,"enemies":"Chosen and Byrds","floor":25,"turns":5},{"damage":16,"enemies":"Book of Stabbing","floor":28,"turns":4},{"damage":7,"enemies":"Centurion and Healer","floor":31,"turns":7},{"damage":31,"enemies":"Collector","floor":33,"turns":9},{"damage":45,"enemies":"3 Darklings","floor":35,"turns":5},{"damage":0,"enemies":"3 Shapes","floor":36,"turns":3},{"damage":0,"enemies":"Spire Growth","floor":37,"turns":5},{"damage":0,"enemies":"3 Darklings","floor":39,"turns":4},{"damage":34,"enemies":"Jaw Worm Horde","floor":41,"turns":3},{"damage":0,"enemies":"Writhing Mass","floor":44,"turns":1},{"damage":4,"enemies":"Sphere and 2 Shapes","floor":47,"turns":3},{"damage":0,"enemies":"3 Darklings","floor":48,"turns":3},{"damage":83,"enemies":"Time Eater","floor":50,"turns":7}],"seed_played":"5870149272614349666","potions_obtained":[{"floor":1.0,"key":"Swift Potion"},{"floor":4.0,"key":"Strength Potion"},{"floor":7,"key":"SmokeBomb"},{"floor":10,"key":"Explosive Potion"},{"floor":17,"key":"PowerPotion"},{"floor":18,"key":"Fire Potion"},{"floor":24,"key":"Explosive Potion"},{"floor":31,"key":"Energy Potion"},{"floor":35,"key":"SpeedPotion"},{"floor":41,"key":"Strength Potion"},{"floor":48,"key":"GamblersBrew"}],"is_trial":false,"path_per_floor":["M","M","?","M","$","R","E","R","T","E","R","?","T","$","R","B",null,"M","M","M","$","?","R","E","M","T","R","E","$","?","M","R","B",null,"M","M","M","?","M","R","M","$","T","M","$","R","M","M","R","B"],"character_chosen":"THE_SILENT","items_purchased":["Thread and Needle","Dramatic Entrance","Deflect","Backflip","Deadly Poison","The Bomb","Membership Card","Block Potion","Crippling Poison","The Specimen","Deadly Poison"],"campfire_rested":8,"item_purchase_floors":[14,14,14,14,21,21,29,29,29,42,42],"current_hp_per_floor":[63,56,61,59,59,68,54,54,54,35,55,55,55,55,68,42,73,68,58,58,58,58,73,50,50,50,50,46,46,46,39,60,41,73,40,40,40,30,42,63,41,41,41,41,41,62,58,58,73,0],"gold":54,"neow_bonus":"RANDOM_COLORLESS_2","is_prod":false,"is_daily":false,"chose_seed":false,"campfire_upgraded":1,"win_rate":0,"timestamp":1550993779,"path_taken":["M","?","?","M","$","R","E","R","T","E","R","?","?","$","R","BOSS","M","M","M","$","?","R","E","M","T","R","E","?","?","M","R","BOSS","M","M","?","?","M","R","M","?","T","M","$","R","M","?","R","BOSS"],"build_version":"2019-01-23","purchased_purges":0,"victory":false,"max_hp_per_floor":[63,63,68,68,68,68,68,68,68,68,68,68,68,68,68,68,73,73,73,73,73,73,73,73,73,73,73,73,73,73,73,73,73,73,73,73,73,73,73,73,73,73,73,73,73,73,73,73,73,73],"card_choices":[{"not_picked":["Prepared","Dagger Throw"],"picked":"Outmaneuver","floor":1.0},{"not_picked":["PiercingWail","Blade Dance"],"picked":"Backflip","floor":2.0},{"not_picked":["Bane","Flechettes"],"picked":"Finisher","floor":4.0},{"not_picked":["Reflex","Flying Knee"],"picked":"Poisoned Stab","floor":7},{"not_picked":["Crippling Poison","Night Terror"],"picked":"Backstab","floor":10},{"not_picked":["Outmaneuver","Tactician"],"picked":"Poisoned Stab","floor":15},{"not_picked":["Storm of Steel","Glass Knife"],"picked":"Malaise","floor":16},{"not_picked":["Skewer","Acrobatics"],"picked":"PiercingWail","floor":17},{"not_picked":["Tactician","Accuracy+1"],"picked":"Crippling Poison","floor":18},{"not_picked":["Escape Plan+1","Skewer"],"picked":"Dodge and Roll+1","floor":19},{"not_picked":["Prepared","Outmaneuver+1"],"picked":"Sucker Punch+1","floor":20},{"not_picked":["Deflect","Tactician"],"picked":"Acrobatics","floor":23},{"not_picked":["Bane","Predator"],"picked":"Sucker Punch+1","floor":24},{"not_picked":["Sucker Punch+1","Terror"],"picked":"Deflect","floor":25},{"not_picked":["Blur","Bullet Time"],"picked":"Footwork+1","floor":28},{"not_picked":["Sucker Punch","Cloak And Dagger"],"picked":"Catalyst","floor":31},{"not_picked":["Dodge and Roll+1","Flechettes"],"picked":"Backstab","floor":32},{"not_picked":["Tools of the Trade+1","Doppelganger"],"picked":"Wraith Form v2+1","floor":33},{"not_picked":["Cloak And Dagger+1","Acrobatics+1"],"picked":"Escape Plan+1","floor":35},{"not_picked":["Well Laid Plans+1","Dagger Throw"],"picked":"Dagger Spray","floor":36},{"not_picked":["Slice","Sucker Punch"],"picked":"Endless Agony+1","floor":37},{"not_picked":["Impatience","Secret Weapon"],"picked":"Panache+1","floor":38},{"not_picked":["Finesse","Jack Of All Trades"],"picked":"Discovery","floor":38},{"not_picked":["Panacea","Swift Strike"],"picked":"Jack Of All Trades","floor":38},{"not_picked":["Sucker Punch","Quick Slash"],"picked":"Leg Sweep","floor":39},{"not_picked":["Well Laid Plans+1","Infinite Blades+1"],"picked":"Outmaneuver+1","floor":40},{"not_picked":["Distraction","Crippling Poison"],"picked":"Blur+1","floor":41},{"not_picked":["Deadly Poison","Accuracy+1"],"picked":"Quick Slash+1","floor":46},{"not_picked":["PiercingWail+1","Flying Knee+1"],"picked":"Noxious Fumes+1","floor":47},{"not_picked":["Outmaneuver+1","Bane"],"picked":"Deadly Poison+1","floor":48},{"not_picked":["Leg Sweep","Dagger Throw+1"],"picked":"Poisoned Stab","floor":49}],"player_experience":61798,"relics_obtained":[{"floor":7,"key":"Tiny Chest"},{"floor":9,"key":"Bronze Scales"},{"floor":10,"key":"Meat on the Bone"},{"floor":13,"key":"Dream Catcher"},{"floor":24,"key":"Darkstone Periapt"},{"floor":26,"key":"Shovel"},{"floor":27,"key":"PreservedInsect"},{"floor":28,"key":"Frozen Egg 2"},{"floor":43,"key":"Mercury Hourglass"}],"event_choices":[{"damage_healed":0.0,"max_hp_gain":5.0,"max_hp_loss":0.0,"gold_gain":0.0,"event_name":"Big Fish","player_choice":"Donut","floor":3.0,"gold_loss":0.0,"damage_taken":0.0},{"damage_healed":0,"gold_gain":175,"player_choice":"AGREE","damage_taken":0,"max_hp_gain":0,"max_hp_loss":0,"event_name":"Liars Game","floor":12,"gold_loss":0,"cards_obtained":["Doubt"]},{"damage_healed":0,"gold_gain":200,"player_choice":"Gold","damage_taken":0,"max_hp_gain":0,"max_hp_loss":0,"event_name":"Wheel of Change","floor":22,"gold_loss":0},{"damage_healed":0,"gold_gain":0,"player_choice":"2 cards matched","damage_taken":0,"max_hp_gain":0,"max_hp_loss":0,"event_name":"Match and Keep!","floor":30,"gold_loss":0,"cards_obtained":["Acrobatics","Neutralize"]},{"damage_healed":0,"gold_gain":0,"player_choice":"Memory 3","damage_taken":10,"max_hp_gain":0,"max_hp_loss":0,"event_name":"SensoryStone","floor":38,"gold_loss":0}],"is_beta":false,"boss_relics":[{"not_picked":["Calling Bell","Lizard Tail"],"picked":"Tiny House"},{"not_picked":["Orrery","Runic Dome"],"picked":"Fusion Hammer"}],"items_purged_floors":[],"is_endless":false,"potions_floor_spawned":[1,4,7,10,18,24,31,35,41,48],"killed_by":"Time Eater","ascension_level":1}