{"gold_per_floor":[114,125,137,148,161,161,192,192,192,209,221,146,164,12,12,110,110,124,142,241,241,156,156,171,171,196,196,49,60,9,9,9,113,113,131,131,145,145,145,145,145,160,160,170,170,170],"floor_reached":46,"playtime":3581,"items_purged":["Strike_R","Strike_R","Rupture"],"score":466,"play_id":"e82d63e4-dd06-4ce3-a0de-e85ec510b42d","local_time":"20190219010909","is_ascension_mode":true,"campfire_choices":[{"data":"Demon Form","floor":6,"key":"SMITH"},{"data":"Cleave","floor":8,"key":"SMITH"},{"data":"True Grit","floor":15,"key":"SMITH"},{"floor":23,"key":"REST"},{"floor":25,"key":"REST"},{"data":"Armaments","floor":27,"key":"SMITH"},{"floor":32,"key":"REST"},{"floor":40,"key":"REST"}],"neow_cost":"NONE","seed_source_timestamp":327888770746115,"circlet_count":0,"master_deck":["Bash","Demon Form+1","Clothesline","Thunderclap","Cleave+1","Headbutt","Flame Barrier","Sword Boomerang","Shrug It Off","Shockwave","True Grit+1","Demon Form","Wild Strike","True Grit","Armaments+1","Limit Break+1","Second Wind","Uppercut","Dual Wield","Shrug It Off","Intimidate+1","Double Tap","Intimidate+1","Shrug It Off","Fiend Fire","Burning Pact+1","Dark Embrace+1"],"relics":["Burning Blood","WingedGreaves","Pantograph","Pandora\u0027s Box","Meat on the Bone","Happy Flower","Mark of Pain","Frozen Egg 2"],"potions_floor_usage":[7,7,7,16,21,21,33,35,42],"damage_taken":[{"damage":1,"enemies":"Cultist","floor":1,"turns":4},{"damage":4,"enemies":"Jaw Worm","floor":2,"turns":5},{"damage":8,"enemies":"2 Louse","floor":3,"turns":2},{"damage":21,"enemies":"Blue Slaver","floor":4,"turns":6},{"damage":1,"enemies":"Exordium Wildlife","floor":5,"turns":3},{"damage":22,"enemies":"3 Sentries","floor":7,"turns":5},{"damage":6,"enemies":"Looter","floor":10,"turns":3},{"damage":13,"enemies":"Red Slaver","floor":11,"turns":3},{"damage":16,"enemies":"3 Louse","floor":13,"turns":4},{"damage":22,"enemies":"Hexaghost","floor":16,"turns":6},{"damage":42,"enemies":"Shell Parasite","floor":18,"turns":13},{"damage":30,"enemies":"Chosen","floor":19,"turns":5},{"damage":8,"enemies":"3 Cultists","floor":21,"turns":3},{"damage":20,"enemies":"Chosen and Byrds","floor":24,"turns":7},{"damage":18,"enemies":"Centurion and Healer","floor":29,"turns":5},{"damage":32,"enemies":"Champ","floor":33,"turns":11},{"damage":41,"enemies":"3 Darklings","floor":35,"turns":6},{"damage":35,"enemies":"Orb Walker","floor":37,"turns":5},{"damage":38,"enemies":"Spire Growth","floor":42,"turns":6},{"damage":25,"enemies":"Sphere and 2 Shapes","floor":44,"turns":5},{"damage":39,"enemies":"Jaw Worm Horde","floor":46,"turns":3}],"seed_played":"-3069713307078593811","potions_obtained":[{"floor":2,"key":"Weak Potion"},{"floor":3,"key":"Regen Potion"},{"floor":5,"key":"Poison Potion"},{"floor":7,"key":"LiquidBronze"},{"floor":10,"key":"SmokeBomb"},{"floor":16,"key":"SpeedPotion"},{"floor":18,"key":"Weak Potion"},{"floor":37,"key":"Poison Potion"},{"floor":42,"key":"Strength Potion"}],"is_trial":false,"path_per_floor":["M","M","M","M","M","R","E","R","T","M","M","$","M","$","R","B",null,"M","M","?","M","?","R","M","R","T","R","$","M","$","?","R","B",null,"M","?","M","$","?","R","?","M","T","M","?","M"],"character_chosen":"IRONCLAD","items_purchased":["True Grit","Shrug It Off","Strength Potion"],"campfire_rested":4,"item_purchase_floors":[14,28,30],"current_hp_per_floor":[80,80,78,63,68,68,66,66,66,66,59,59,49,49,49,58,80,44,20,20,18,18,42,40,64,64,64,64,52,52,52,76,54,80,57,57,40,40,40,64,64,44,44,37,37,0],"gold":170,"neow_bonus":"ONE_RANDOM_RARE_CARD","is_prod":false,"is_daily":false,"chose_seed":false,"campfire_upgraded":4,"win_rate":0,"timestamp":1550534949,"path_taken":["M","M","M","M","M","R","E","R","T","M","M","$","M","?","R","BOSS","M","M","?","M","?","R","M","R","T","R","$","M","$","?","R","BOSS","M","?","M","$","?","R","?","M","T","?","?","M"],"build_version":"2019-01-23","purchased_purges":3,"victory":false,"max_hp_per_floor":[80,80,80,80,80,80,80,80,80,80,80,80,80,80,80,80,80,80,80,80,80,80,80,80,80,80,80,80,80,80,80,80,80,80,80,80,80,80,80,80,80,80,80,80,80,80],"card_choices":[{"not_picked":["Clash","Combust","Carnage"],"picked":"SKIP","floor":1},{"not_picked":["Iron Wave","Clash"],"picked":"Clothesline","floor":2},{"not_picked":["Twin Strike","Anger"],"picked":"Thunderclap","floor":3},{"not_picked":["Wild Strike","Blood for Blood"],"picked":"Cleave","floor":4},{"not_picked":["Body Slam","Iron Wave"],"picked":"Headbutt","floor":5},{"not_picked":["Bludgeon","Perfected Strike"],"picked":"Flame Barrier","floor":7},{"not_picked":["Havoc","Wild Strike"],"picked":"Sword Boomerang","floor":10},{"not_picked":["Rupture","Havoc"],"picked":"Shrug It Off","floor":11},{"not_picked":["Wild Strike","Twin Strike"],"picked":"Shockwave","floor":13},{"not_picked":["Juggernaut","Offering"],"picked":"Demon Form","floor":16},{"not_picked":["Anger","Blood for Blood","True Grit"],"picked":"SKIP","floor":18},{"not_picked":["Combust","Thunderclap+1"],"picked":"Dual Wield","floor":19},{"not_picked":["Havoc","Twin Strike","Thunderclap"],"picked":"SKIP","floor":24},{"not_picked":["Flex","Shockwave"],"picked":"Intimidate+1","floor":29},{"not_picked":["Exhume","Demon Form"],"picked":"Double Tap","floor":33},{"not_picked":["Headbutt+1","Clothesline"],"picked":"Intimidate+1","floor":35},{"not_picked":["Body Slam+1","Havoc+1"],"picked":"Shrug It Off","floor":37},{"not_picked":["Inflame","True Grit"],"picked":"Burning Pact+1","floor":42},{"not_picked":["Pommel Strike","Reckless Charge"],"picked":"Dark Embrace+1","floor":44}],"player_experience":101141,"relics_obtained":[{"floor":7,"key":"WingedGreaves"},{"floor":9,"key":"Pantograph"},{"floor":26,"key":"Happy Flower"},{"floor":43,"key":"Frozen Egg 2"}],"event_choices":[{"damage_healed":0,"gold_gain":99,"player_choice":"Stole From Cult","damage_taken":0,"max_hp_gain":0,"max_hp_loss":0,"event_name":"Nest","floor":20,"gold_loss":0},{"damage_healed":0,"gold_gain":0,"player_choice":"Obtained Relic","damage_taken":0,"relics_obtained":["Meat on the Bone"],"max_hp_gain":0,"max_hp_loss":0,"event_name":"Addict","floor":22,"gold_loss":85},{"damage_healed":0,"gold_gain":0,"player_choice":"Ignored","damage_taken":0,"max_hp_gain":0,"max_hp_loss":0,"event_name":"Ghosts","floor":31,"gold_loss":0},{"damage_healed":0,"gold_gain":0,"player_choice":"Ignored","damage_taken":0,"max_hp_gain":0,"max_hp_loss":0,"event_name":"Mysterious Sphere","floor":36,"gold_loss":0},{"damage_healed":0,"gold_gain":0,"player_choice":"Ignored","damage_taken":0,"max_hp_gain":0,"max_hp_loss":0,"event_name":"The Moai Head","floor":39,"gold_loss":0},{"damage_healed":0,"gold_gain":0,"player_choice":"1 cards matched","damage_taken":0,"max_hp_gain":0,"max_hp_loss":0,"event_name":"Match and Keep!","floor":41,"gold_loss":0,"cards_obtained":["Fiend Fire"]},{"damage_healed":0,"gold_gain":0,"player_choice":"Upgraded","damage_taken":0,"max_hp_gain":0,"max_hp_loss":0,"event_name":"Upgrade Shrine","floor":45,"gold_loss":0,"cards_upgraded":["Limit Break"]}],"is_beta":false,"boss_relics":[{"not_picked":["Eternal Feather","Runic Pyramid"],"picked":"Pandora\u0027s Box"},{"not_picked":["Philosopher\u0027s Stone","Empty Cage"],"picked":"Mark of Pain"}],"items_purged_floors":[12,14,28],"is_endless":false,"potions_floor_spawned":[2,3,5,7,10,16,18,37,42],"killed_by":"Jaw Worm Horde","ascension_level":2}