{"path_per_floor":["M","M","$","?","M","R","?","M","T","R","M","M","R","E","R","B",null,"M","?","M","$"],"character_chosen":"THE_SILENT","items_purchased":["Footwork","Tools of the Trade"],"gold_per_floor":[114,131,18,18,28,28,28,40,40,40,50,65,65,99,99,196,196,215,215,233,61],"floor_reached":22,"campfire_rested":0,"playtime":2224,"current_hp_per_floor":[57,57,57,57,51,51,56,38,38,38,38,46,46,45,45,45,65,65,65,53,53],"items_purged":["Parasite","Strike_G"],"gold":61,"score":354,"play_id":"f1cfd517-577c-4c6e-96f9-aa255719ff67","is_prod":false,"is_daily":false,"is_ascension_mode":true,"campfire_upgraded":4,"path_taken":["M","M","$","?","M","R","?","?","T","R","M","M","R","E","R","BOSS","M","?","M","$","M"],"build_version":"2018-02-12-BETA1","purchased_purges":2,"victory":false,"master_deck":["Defend_G","Defend_G","Defend_G","Defend_G","Defend_G","Strike_G","Strike_G","Strike_G","Survivor","Neutralize","PiercingWail","Bouncing Flask+1","Footwork+1","Footwork","Calculated Gamble+1","Calculated Gamble+1","Backflip","Corpse Explosion","Backflip+1","Noxious Fumes","Tools of the Trade"],"max_hp_per_floor":[70,70,67,67,67,67,72,72,72,72,72,72,72,72,72,72,72,72,72,72,72],"relics":["Ring of the Snake","Art of War","Tough Bandages","Ornamental Fan","The Specimen"],"card_choices":[{"not_picked":["Slice","All Out Attack"],"picked":"PiercingWail"},{"not_picked":["Distraction","Bane"],"picked":"Bouncing Flask"},{"not_picked":["Finisher","Backflip"],"picked":"Footwork"},{"not_picked":["Finisher","Bane"],"picked":"Calculated Gamble"},{"not_picked":["Slice","Skewer"],"picked":"Calculated Gamble"},{"not_picked":["Poisoned Stab","Infinite Blades"],"picked":"Backflip"},{"not_picked":["Unload","Wraith Form"],"picked":"Corpse Explosion"},{"not_picked":["Bane","Flying Knee"],"picked":"Backflip"},{"not_picked":["Expertise","Underhanded Strike"],"picked":"Noxious Fumes"}],"player_experience":145822,"potions_floor_usage":[8,12,14,20],"damage_taken":[{"damage":6.0,"enemies":"Jaw Worm","floor":1.0,"turns":6.0},{"damage":0,"enemies":"Cultist","floor":2,"turns":4},{"damage":6,"enemies":"Blue Slaver","floor":5,"turns":5},{"damage":18,"enemies":"Large Slime","floor":8,"turns":7},{"damage":0,"enemies":"2 Fungi Beasts","floor":11,"turns":3},{"damage":4,"enemies":"Exordium Wildlife","floor":12,"turns":4},{"damage":1,"enemies":"Gremlin Nob","floor":14,"turns":4},{"damage":0,"enemies":"Hexaghost","floor":16,"turns":8},{"damage":0,"enemies":"3 Byrds","floor":18,"turns":6},{"damage":12,"enemies":"2 Thieves","floor":20,"turns":5},{"damage":82,"enemies":"Cultist and Chosen","floor":22,"turns":7}],"event_choices":[{"event_name":"Living Wall","player_choice":"Forget","floor":4,"damage_taken":0},{"event_name":"Big Fish","player_choice":"Donut","floor":7,"damage_taken":0},{"event_name":"Drug Dealer","player_choice":"Ignored","floor":19,"damage_taken":0}],"boss_relics":[{"not_picked":["Philosopher\u0027s Stone","Snecko Eye"],"picked":"The Specimen"}],"potions_floor_spawned":[2,5,11,12,18,20],"seed_played":"7800658506825001568","killed_by":"Cultist and Chosen","ascension_level":10,"is_trial":false}