{"gold_per_floor":[117,134,154,104,29,58,58,58,58,90,102,14,14,29,29,134,134,101,112,125,125,125,125,140,140,140,140,158,62,62,96,96,96],"floor_reached":33,"playtime":2470,"items_purged":["Defend_B","Strike_B"],"score":340,"play_id":"4984c386-05fe-4bb2-b24d-7e7d78cf94a4","local_time":"20190223102648","is_ascension_mode":true,"campfire_choices":[{"data":"Go for the Eyes","floor":7,"key":"SMITH"},{"data":"Gash","floor":11,"key":"SMITH"},{"data":"Zap","floor":13,"key":"SMITH"},{"floor":15,"key":"REST"},{"data":"Chill","floor":23,"key":"SMITH"},{"data":"Beam Cell","floor":25,"key":"SMITH"},{"floor":30,"key":"REST"},{"floor":32,"key":"REST"}],"neow_cost":"NONE","seed_source_timestamp":708065056348257,"circlet_count":0,"master_deck":["Strike_B","Defend_B","Defend_B","Defend_B","Zap+1","Dualcast","Go for the Eyes+1","Gash+1","Beam Cell+1","Glacier","Seek","Chill+1","Fission","Conserve Battery+1","Blizzard+1","Redo+1","J.A.X.","Gash+1","Rebound+1"],"relics":["Cracked Core","Molten Egg 2","Frozen Egg 2","MawBank","Cursed Key","Symbiotic Virus","Spirit Poop","Orichalcum"],"potions_floor_usage":[6,16,24,31,31],"damage_taken":[{"damage":2,"enemies":"Jaw Worm","floor":1,"turns":3},{"damage":2,"enemies":"Small Slimes","floor":2,"turns":3},{"damage":0,"enemies":"2 Louse","floor":3,"turns":1},{"damage":6,"enemies":"Gremlin Nob","floor":6,"turns":3},{"damage":27,"enemies":"3 Sentries","floor":10,"turns":10},{"damage":8,"enemies":"Large Slime","floor":14,"turns":6},{"damage":49,"enemies":"Hexaghost","floor":16,"turns":18},{"damage":15,"enemies":"2 Thieves","floor":18,"turns":5},{"damage":3,"enemies":"Shell Parasite","floor":19,"turns":16},{"damage":1,"enemies":"Centurion and Healer","floor":20,"turns":8},{"damage":13,"enemies":"3 Cultists","floor":24,"turns":5},{"damage":3,"enemies":"Snecko","floor":28,"turns":6},{"damage":12,"enemies":"Gremlin Leader","floor":31,"turns":5},{"damage":80,"enemies":"Collector","floor":33,"turns":8}],"seed_played":"-4084593741046717011","potions_obtained":[{"floor":2,"key":"Swift Potion"},{"floor":6,"key":"Energy Potion"},{"floor":14,"key":"Weak Potion"},{"floor":18,"key":"FocusPotion"},{"floor":20,"key":"FocusPotion"}],"is_trial":false,"path_per_floor":["M","M","M","?","$","E","R","?","T","E","R","$","R","M","R","B",null,"M","M","M","?","?","R","M","R","T","?","M","$","R","E","R","B"],"character_chosen":"DEFECT","items_purchased":["Gash+1","AttackPotion"],"campfire_rested":3,"item_purchase_floors":[29,29],"current_hp_per_floor":[73,71,71,71,71,65,65,70,70,43,43,43,43,35,59,10,63,48,45,44,44,44,44,31,31,31,31,28,28,52,40,64,0],"gold":96,"neow_bonus":"REMOVE_CARD","is_prod":false,"is_daily":false,"chose_seed":false,"campfire_upgraded":5,"win_rate":0,"timestamp":1550914008,"path_taken":["M","M","M","?","$","E","R","?","T","E","R","$","R","M","R","BOSS","M","M","M","?","?","R","M","R","T","?","?","$","R","E","R","BOSS"],"build_version":"2019-01-23","purchased_purges":2,"victory":false,"max_hp_per_floor":[75,75,75,75,75,75,75,80,80,80,80,80,80,80,80,80,80,80,80,80,80,80,80,80,80,80,80,80,80,80,80,80,80],"card_choices":[{"not_picked":["Auto Shields","Glacier"],"picked":"Go for the Eyes","floor":1},{"not_picked":["Compile Driver","Turbo"],"picked":"Gash","floor":2},{"not_picked":["Compile Driver","Streamline"],"picked":"Beam Cell","floor":3},{"not_picked":["Echo Form","Capacitor"],"picked":"Glacier","floor":6},{"not_picked":["Heatsinks+1","Undo"],"picked":"Seek","floor":10},{"not_picked":["Sweeping Beam+1","Reprogram"],"picked":"Chill","floor":14},{"not_picked":["Thunder Strike+1","Amplify"],"picked":"Fission","floor":16},{"not_picked":["Fusion","Stack"],"picked":"Conserve Battery+1","floor":18},{"not_picked":["Fusion","Streamline+1"],"picked":"Blizzard+1","floor":19},{"not_picked":["Barrage+1","Streamline+1"],"picked":"Redo+1","floor":20},{"not_picked":["Glacier+1","Compile Driver+1","Coolheaded"],"picked":"SKIP","floor":24},{"not_picked":["Fission","Glacier","Stack"],"picked":"SKIP","floor":28},{"not_picked":["Streamline+1","Darkness"],"picked":"Rebound+1","floor":31}],"player_experience":375756,"relics_obtained":[{"floor":6,"key":"Molten Egg 2"},{"floor":9,"key":"Frozen Egg 2"},{"floor":10,"key":"MawBank"},{"floor":26,"key":"Symbiotic Virus"},{"floor":31,"key":"Orichalcum"}],"event_choices":[{"cards_removed":["Strike_B"],"damage_healed":0,"gold_gain":0,"player_choice":"Card Removal","damage_taken":0,"max_hp_gain":0,"max_hp_loss":0,"event_name":"The Cleric","floor":4,"gold_loss":50},{"damage_healed":0,"gold_gain":0,"player_choice":"Donut","damage_taken":0,"max_hp_gain":5,"max_hp_loss":0,"event_name":"Big Fish","floor":8,"gold_loss":0},{"damage_healed":0,"gold_gain":0,"player_choice":"Ignored","damage_taken":0,"max_hp_gain":0,"max_hp_loss":0,"event_name":"Vampires","floor":21,"gold_loss":0},{"damage_healed":0,"gold_gain":0,"player_choice":"Obtain J.A.X.","damage_taken":0,"max_hp_gain":0,"max_hp_loss":0,"event_name":"Drug Dealer","floor":22,"gold_loss":0,"cards_obtained":["J.A.X."]},{"cards_removed":["Shame"],"damage_healed":0,"gold_gain":0,"player_choice":"Offered Curse","damage_taken":0,"relics_obtained":["Spirit Poop"],"max_hp_gain":0,"max_hp_loss":0,"event_name":"Bonfire Elementals","floor":27,"gold_loss":0}],"is_beta":false,"boss_relics":[{"not_picked":["Runic Dome","Coffee Dripper"],"picked":"Cursed Key"}],"items_purged_floors":[5,12],"is_endless":false,"potions_floor_spawned":[2,6,14,18,20],"killed_by":"Collector","ascension_level":5}