{"gold_per_floor":[110,125,125,137,39,39,73,90,114,126,148,3,22,32,32,130,130,142,17,28,41,41,41,41],"floor_reached":24,"playtime":1780,"items_purged":["Strike_R","Strike_R","Defend_R"],"score":245,"play_id":"6612d71e-62cb-4abb-a1d7-0d364d7e3edd","local_time":"20190217123135","is_ascension_mode":true,"campfire_choices":[{"data":"Cleave","floor":6,"key":"SMITH"},{"data":"Havoc","floor":15,"key":"SMITH"},{"floor":23,"key":"REST"}],"neow_cost":"NONE","seed_source_timestamp":2910463235528711,"circlet_count":0,"master_deck":["Strike_R","Strike_R","Defend_R","Defend_R","Bash","Rampage","Cleave+1","Feel No Pain","Havoc+1","Battle Trance","Armaments","Havoc","Intimidate","Offering","True Grit+1","True Grit","Seeing Red"],"relics":["Burning Blood","NeowsBlessing","MawBank","Art of War","Red Skull","Odd Mushroom","Empty Cage"],"potions_floor_usage":[16,16,16,22,22],"damage_taken":[{"damage":0,"enemies":"2 Louse","floor":1,"turns":1},{"damage":0,"enemies":"Jaw Worm","floor":2,"turns":1},{"damage":0,"enemies":"Lagavulin","floor":7,"turns":1},{"damage":7,"enemies":"Small Slimes","floor":8,"turns":3},{"damage":1,"enemies":"Exordium Wildlife","floor":10,"turns":4},{"damage":25,"enemies":"The Mushroom Lair","floor":11,"turns":4},{"damage":1,"enemies":"2 Fungi Beasts","floor":13,"turns":3},{"damage":6,"enemies":"Exordium Thugs","floor":14,"turns":5},{"damage":36,"enemies":"Slime Boss","floor":16,"turns":14},{"damage":14,"enemies":"2 Thieves","floor":18,"turns":4},{"damage":16,"enemies":"Chosen","floor":20,"turns":12},{"damage":49,"enemies":"Snecko","floor":21,"turns":7},{"damage":15,"enemies":"Colosseum Slavers","floor":22,"turns":5},{"damage":6,"enemies":"Gremlin Leader","floor":24,"turns":5}],"seed_played":"8142060357789566626","potions_obtained":[{"floor":1,"key":"SneckoOil"},{"floor":2,"key":"Dexterity Potion"},{"floor":10,"key":"PowerPotion"},{"floor":20,"key":"Poison Potion"},{"floor":21,"key":"Weak Potion"}],"is_trial":false,"path_per_floor":["M","M","?","?","$","R","E","M","T","M","?","$","M","M","R","B",null,"M","$","M","M","?","R","E"],"character_chosen":"IRONCLAD","items_purchased":["Feel No Pain","Havoc"],"campfire_rested":1,"item_purchase_floors":[5,12],"current_hp_per_floor":[80,80,77,82,82,82,85,84,84,85,66,66,71,71,71,41,85,77,77,67,24,15,40,34],"gold":41,"neow_bonus":"THREE_ENEMY_KILL","is_prod":false,"is_daily":false,"chose_seed":false,"campfire_upgraded":2,"win_rate":0,"timestamp":1550424695,"path_taken":["M","M","?","?","?","R","E","M","T","M","?","$","M","M","R","BOSS","M","$","M","M","?","R","E"],"build_version":"2019-02-06","purchased_purges":3,"victory":false,"max_hp_per_floor":[80,80,80,85,85,85,85,85,85,85,85,85,85,85,85,85,85,85,85,85,85,85,85,85],"card_choices":[{"not_picked":["Wild Strike","Intimidate"],"picked":"Rampage","floor":1},{"not_picked":["Clothesline","Anger"],"picked":"Cleave","floor":2},{"not_picked":["Body Slam","Anger"],"picked":"Havoc","floor":7},{"not_picked":["Clothesline","Cleave","Flex"],"picked":"SKIP","floor":8},{"not_picked":["Twin Strike","Dark Embrace"],"picked":"Battle Trance","floor":10},{"not_picked":["Evolve","Cleave"],"picked":"Armaments","floor":11},{"not_picked":["Armaments","Blood for Blood","Searing Blow"],"picked":"SKIP","floor":13},{"not_picked":["Pummel","Second Wind"],"picked":"Intimidate","floor":14},{"not_picked":["Exhume","Reaper"],"picked":"Offering","floor":16},{"not_picked":["Perfected Strike","Shrug It Off"],"picked":"True Grit+1","floor":18},{"not_picked":["Shrug It Off","Perfected Strike+1"],"picked":"True Grit","floor":20},{"not_picked":["Battle Trance+1","Wild Strike"],"picked":"Seeing Red","floor":21}],"player_experience":125381,"relics_obtained":[{"floor":7,"key":"Art of War"},{"floor":9,"key":"Red Skull"},{"floor":11,"key":"Odd Mushroom"}],"event_choices":[{"damage_healed":0,"gold_gain":0,"player_choice":"Success","damage_taken":3,"relics_obtained":["MawBank"],"max_hp_gain":0,"max_hp_loss":0,"event_name":"Scrap Ooze","floor":3,"gold_loss":0},{"damage_healed":0,"gold_gain":0,"player_choice":"Donut","damage_taken":0,"max_hp_gain":5,"max_hp_loss":0,"event_name":"Big Fish","floor":4,"gold_loss":0},{"damage_healed":0,"gold_gain":0,"player_choice":"Fought Mushrooms","damage_taken":0,"max_hp_gain":0,"max_hp_loss":0,"event_name":"Mushrooms","floor":11,"gold_loss":0},{"damage_healed":0,"gold_gain":0,"player_choice":"Fight","damage_taken":0,"max_hp_gain":0,"max_hp_loss":0,"event_name":"Colosseum","floor":22,"gold_loss":0},{"damage_healed":0,"gold_gain":0,"player_choice":"Fled From Nobs","damage_taken":0,"max_hp_gain":0,"max_hp_loss":0,"event_name":"Colosseum","floor":22,"gold_loss":0}],"is_beta":true,"boss_relics":[{"not_picked":["White Beast Statue","Runic Dome"],"picked":"Empty Cage"}],"items_purged_floors":[5,12,19],"is_endless":false,"potions_floor_spawned":[1,2,10,14,20,21,22],"killed_by":"Gremlin Leader","ascension_level":2}