{"gold_per_floor":[114,114,133,133,43,73,73,98,122,134,159,198,210,254,266,378,390,415,22,22,41,41,41],"floor_reached":23,"playtime":1260,"items_purged":["Strike_G"],"score":323,"play_id":"ed66f060-dfea-4686-93a7-003847619319","local_time":"20190226151204","is_ascension_mode":true,"campfire_choices":[{"floor":10,"key":"REST"},{"floor":13,"key":"REST"},{"floor":15,"key":"REST"}],"neow_cost":"NONE","seed_source_timestamp":3698206871104927,"circlet_count":0,"master_deck":["AscendersBane","Defend_G","Defend_G","Defend_G","Defend_G","Strike_G+1","Survivor","Neutralize+1","Quick Slash","Sucker Punch","Backstab+1","Quick Slash","Slice","Deflect","Deflect","Malaise","Backflip","Distraction","Grand Finale","Dodge and Roll+1"],"relics":["Ring of the Snake","Bronze Scales","Whetstone","MawBank","Matryoshka","Dodecahedron","WristBlade","Toolbox"],"potions_floor_usage":[6,8,12,16,16,23,23],"damage_taken":[{"damage":0,"enemies":"Small Slimes","floor":1,"turns":6},{"damage":0,"enemies":"2 Louse","floor":3,"turns":2},{"damage":11,"enemies":"Lagavulin","floor":6,"turns":10},{"damage":5,"enemies":"3 Sentries","floor":8,"turns":9},{"damage":0,"enemies":"Cultist","floor":11,"turns":2},{"damage":14,"enemies":"Lagavulin","floor":12,"turns":7},{"damage":40,"enemies":"Gremlin Nob","floor":14,"turns":5},{"damage":24,"enemies":"Hexaghost","floor":16,"turns":9},{"damage":2,"enemies":"3 Byrds","floor":18,"turns":2},{"damage":4,"enemies":"Chosen","floor":21,"turns":4},{"damage":56,"enemies":"Gremlin Leader","floor":23,"turns":10}],"seed_played":"8007523254373643970","potions_obtained":[{"floor":3,"key":"EssenceOfSteel"},{"floor":11,"key":"Ancient Potion"},{"floor":12,"key":"Regen Potion"},{"floor":14,"key":"LiquidBronze"}],"is_trial":false,"path_per_floor":["M","?","M","?","$","E","?","E","T","R","M","E","R","E","R","B",null,"M","$","?","M","$","E"],"character_chosen":"THE_SILENT","items_purchased":["Backstab","PowerPotion","Toolbox","LiquidBronze","Poison Potion"],"campfire_rested":3,"item_purchase_floors":[5,5,19,19,19],"current_hp_per_floor":[63,56,56,56,56,45,45,40,40,61,61,47,68,28,49,34,61,59,59,59,55,55,0],"gold":41,"neow_bonus":"UPGRADE_CARD","is_prod":false,"is_daily":false,"chose_seed":false,"campfire_upgraded":0,"win_rate":0,"timestamp":1551211924,"path_taken":["M","?","M","?","$","E","?","E","T","R","?","E","R","E","R","BOSS","M","$","?","M","?","E"],"build_version":"2019-02-06","purchased_purges":1,"victory":false,"max_hp_per_floor":[70,70,70,70,70,70,70,70,70,70,70,70,70,70,70,70,70,70,70,70,70,70,70],"card_choices":[{"not_picked":["Acrobatics","Heel Hook"],"picked":"Quick Slash","floor":1},{"not_picked":["Acrobatics","Tactician"],"picked":"Sucker Punch","floor":3},{"not_picked":["Distraction","Outmaneuver"],"picked":"Quick Slash","floor":6},{"not_picked":["Deadly Poison","Prepared"],"picked":"Slice","floor":8},{"not_picked":["Skewer","Distraction"],"picked":"Deflect","floor":11},{"not_picked":["Blade Dance","Catalyst"],"picked":"Deflect","floor":12},{"not_picked":["Flechettes","Corpse Explosion","Underhanded Strike"],"picked":"SKIP","floor":14},{"not_picked":["Night Terror","Glass Knife"],"picked":"Malaise","floor":16},{"not_picked":["PiercingWail","Dagger Spray"],"picked":"Backflip","floor":18},{"not_picked":["Prepared","Deadly Poison"],"picked":"Dodge and Roll+1","floor":21}],"player_experience":259378,"relics_obtained":[{"floor":6,"key":"Bronze Scales"},{"floor":8,"key":"Whetstone"},{"floor":9,"key":"MawBank"},{"floor":12,"key":"Matryoshka"},{"floor":14,"key":"Dodecahedron"}],"event_choices":[{"cards_removed":["Strike_G"],"damage_healed":0,"gold_gain":0,"player_choice":"Card Removal","damage_taken":7,"max_hp_gain":0,"max_hp_loss":0,"event_name":"Golden Wing","floor":2,"gold_loss":0},{"damage_healed":0,"gold_gain":0,"player_choice":"Ignored","damage_taken":0,"max_hp_gain":0,"max_hp_loss":0,"event_name":"Golden Idol","floor":4,"gold_loss":0},{"cards_removed":["Strike_G"],"damage_healed":0,"gold_gain":0,"player_choice":"Offered Basic","damage_taken":0,"max_hp_gain":0,"max_hp_loss":0,"event_name":"Bonfire Elementals","floor":7,"gold_loss":0},{"damage_healed":0,"gold_gain":0,"cards_transformed":["Strike_G","Defend_G"],"player_choice":"Became Test Subject","damage_taken":0,"max_hp_gain":0,"max_hp_loss":0,"event_name":"Drug Dealer","floor":20,"gold_loss":0,"cards_obtained":["Distraction","Grand Finale"]}],"is_beta":true,"boss_relics":[{"not_picked":["HoveringKite","Calling Bell"],"picked":"WristBlade"}],"items_purged_floors":[19],"is_endless":false,"potions_floor_spawned":[3,11,12,14],"killed_by":"Gremlin Leader","ascension_level":10}