{"path_per_floor":["M","M","M","?","$","E","M","R","T","R","?","M","M","M","R","B",null,"M","?","M","$","M","E"],"character_chosen":"DEFECT","items_purchased":["War Paint","Sweeping Beam","EssenceOfSteel","PowerPotion"],"gold_per_floor":[118,137,157,157,8,34,50,50,50,50,77,94,111,131,131,209,209,209,209,164,14,14,14,14],"floor_reached":24,"campfire_rested":0,"playtime":2000,"item_purchase_floors":[5,21,21,21],"current_hp_per_floor":[64,63,58,54,54,41,41,41,41,41,41,41,41,38,38,20,58,58,52,44,44,9,5,0],"items_purged":[],"gold":14,"score":385,"play_id":"a6bd467e-6781-4a2b-a33a-43b3ece335df","local_time":"20180607094039","is_prod":false,"is_daily":false,"chose_seed":false,"is_ascension_mode":true,"campfire_upgraded":3,"win_rate":0,"timestamp":1528389639,"campfire_choices":[{"data":"Zap","floor":8,"key":"SMITH"},{"data":"Streamline","floor":10,"key":"SMITH"},{"data":"Go for the Eyes","floor":15,"key":"SMITH"}],"path_taken":["M","M","M","?","$","E","?","R","T","R","?","M","?","M","R","BOSS","M","?","?","$","?","E","M"],"build_version":"2018-06-06","seed_source_timestamp":79236486468886,"purchased_purges":0,"victory":false,"master_deck":["Strike_B","Strike_B","Strike_B","Strike_B","Defend_B","Defend_B","Defend_B+1","Defend_B","Zap+1","Dualcast","AscendersBane","Streamline+1","BootSequence","Leap+1","FTL","Defragment","Sweeping Beam","Go for the Eyes+1","Sweeping Beam","Steam"],"max_hp_per_floor":[71,71,71,71,71,71,71,71,71,71,71,71,71,71,71,71,71,71,71,71,71,71,71,71],"relics":["Cracked Core","War Paint","Shuriken","Kunai","Odd Mushroom","Ectoplasm","Red Mask","Gremlin Horn"],"card_choices":[{"not_picked":["Redo","Leap"],"picked":"Streamline","floor":1},{"not_picked":["Chill","Reprogram"],"picked":"BootSequence","floor":2},{"not_picked":["Stack","Recycle"],"picked":"Leap","floor":3},{"not_picked":["Rebound","Capacitor"],"picked":"FTL","floor":6},{"not_picked":["Turbo","Stack","Static Discharge"],"picked":"SKIP","floor":7},{"not_picked":["Barrage","Sunder"],"picked":"Defragment","floor":11},{"not_picked":["Conserve Battery","Redo"],"picked":"Sweeping Beam","floor":12},{"not_picked":["Redo","Heatsinks"],"picked":"Go for the Eyes","floor":13},{"not_picked":["Machine Learning","Gash","Heatsinks"],"picked":"SKIP","floor":14},{"not_picked":["Conserve Battery","Undo","Loop"],"picked":"SKIP","floor":18},{"not_picked":["Genetic Algorithm","Chaos","Stack"],"picked":"SKIP","floor":20},{"not_picked":["Turbo","Fission"],"picked":"Steam","floor":22},{"not_picked":["Steam","Doom and Gloom+1","Conserve Battery"],"picked":"SKIP","floor":23}],"player_experience":1812398,"potions_floor_usage":[6,11,14,18,19,22,23,23],"damage_taken":[{"damage":0,"enemies":"2 Louse","floor":1,"turns":1},{"damage":1,"enemies":"Cultist","floor":2,"turns":4},{"damage":5,"enemies":"Small Slimes","floor":3,"turns":3},{"damage":28,"enemies":"3 Sentries","floor":6,"turns":9},{"damage":0,"enemies":"3 Louse","floor":7,"turns":3},{"damage":0,"floor":11,"turns":3},{"damage":0,"enemies":"Blue Slaver","floor":12,"turns":2},{"damage":0,"enemies":"Looter","floor":13,"turns":3},{"damage":3,"enemies":"Exordium Thugs","floor":14,"turns":4},{"damage":18,"enemies":"The Guardian","floor":16,"turns":11},{"damage":0,"enemies":"Chosen","floor":18,"turns":4},{"damage":6,"floor":19,"turns":4},{"damage":8,"enemies":"2 Thieves","floor":20,"turns":4},{"damage":35,"enemies":"Cultist and Chosen","floor":22,"turns":7},{"damage":4,"enemies":"Slavers","floor":23,"turns":7},{"damage":15,"enemies":"Sentry and Sphere","floor":24,"turns":3}],"relics_obtained":[{"floor":6,"key":"Shuriken"},{"floor":9,"key":"Kunai"},{"floor":11,"key":"Odd Mushroom"},{"floor":19,"key":"Red Mask"},{"floor":23,"key":"Gremlin Horn"}],"event_choices":[{"event_name":"The Woman in Blue","player_choice":"Bought 0 Potions","floor":4,"damage_taken":0},{"event_name":"Mushrooms","player_choice":"Fought Mushrooms","floor":11,"damage_taken":0},{"event_name":"Masked Bandits","player_choice":"Fought over 209 gold","floor":19,"damage_taken":0}],"boss_relics":[{"not_picked":["Sozu","Philosopher\u0027s Stone"],"picked":"Ectoplasm"}],"items_purged_floors":[],"potions_floor_spawned":[2,7,11,13,14,22],"seed_played":"-2995182560361023031","killed_by":"Sentry and Sphere","ascension_level":15,"potions_obtained":[{"floor":7,"key":"Explosive Potion"},{"floor":11,"key":"AttackPotion"},{"floor":13,"key":"Poison Potion"},{"floor":14,"key":"FearPotion"},{"floor":22,"key":"SteroidPotion"}],"is_trial":false}