{"gold_per_floor":[110,128,139,214,214,214,248,248,248,260,185,215,37,57,57,155,205,223,98,116,136,27,27,44,44,44,44,44,57,37,37,37,37],"floor_reached":33,"playtime":2214,"items_purged":["Strike_R","Defend_R","Strike_R"],"score":334,"play_id":"4cd83eb7-c509-4a0f-a7f8-640a407393cd","local_time":"20190224124948","is_ascension_mode":true,"campfire_choices":[{"data":"Armaments","floor":6,"key":"SMITH"},{"data":"Metallicize","floor":8,"key":"SMITH"},{"data":"Inflame","floor":15,"key":"SMITH"},{"data":"Body Slam","floor":23,"key":"SMITH"},{"data":"Body Slam","floor":28,"key":"SMITH"},{"floor":32,"key":"REST"}],"neow_cost":"NONE","seed_source_timestamp":803301954147747,"circlet_count":0,"master_deck":["Strike_R","Strike_R+1","Strike_R","Defend_R","Defend_R","Defend_R","Bash","Impervious","Carnage","Armaments+1","Metallicize+1","Power Through","True Grit","Inflame+1","Feed","Body Slam+1","Flame Barrier","Feel No Pain","Body Slam+1","Havoc+1"],"relics":["Burning Blood","Letter Opener","Red Skull","Bottled Flame","Lantern","Tiny House","Kunai"],"potions_floor_usage":[7,16,16,20,27,33],"damage_taken":[{"damage":2,"enemies":"Small Slimes","floor":1,"turns":4},{"damage":2,"enemies":"Jaw Worm","floor":2,"turns":3},{"damage":1,"enemies":"Cultist","floor":3,"turns":3},{"damage":11,"enemies":"Lagavulin","floor":7,"turns":6},{"damage":0,"enemies":"Exordium Thugs","floor":10,"turns":7},{"damage":4,"enemies":"3 Sentries","floor":12,"turns":10},{"damage":2,"enemies":"Exordium Wildlife","floor":14,"turns":4},{"damage":31,"enemies":"Slime Boss","floor":16,"turns":11},{"damage":27,"enemies":"Shell Parasite","floor":18,"turns":9},{"damage":19,"enemies":"3 Byrds","floor":20,"turns":11},{"damage":31,"enemies":"Snecko","floor":21,"turns":7},{"damage":6,"enemies":"Centurion and Healer","floor":24,"turns":9},{"damage":0,"enemies":"Snake Plant","floor":27,"turns":1},{"damage":14,"enemies":"Shelled Parasite and Fungi","floor":29,"turns":7},{"damage":97,"enemies":"Automaton","floor":33,"turns":12}],"seed_played":"-1701253581756464457","potions_obtained":[{"floor":1,"key":"Weak Potion"},{"floor":7,"key":"Weak Potion"},{"floor":12,"key":"Dexterity Potion"},{"floor":17,"key":"SmokeBomb"},{"floor":18,"key":"BloodPotion"},{"floor":30,"key":"BloodPotion"}],"is_trial":false,"path_per_floor":["M","M","M","?","T","R","E","R","T","M","$","E","$","M","R","B",null,"M","$","M","M","$","R","M","$","T","M","R","M","?","$","R","B"],"character_chosen":"IRONCLAD","items_purchased":["Inflame","Flame Barrier","Feel No Pain"],"campfire_rested":1,"item_purchase_floors":[13,22,22],"current_hp_per_floor":[76,80,80,69,69,69,64,64,64,70,70,72,72,76,76,51,78,57,57,52,27,27,27,31,31,31,37,37,29,29,29,55,0],"gold":37,"neow_bonus":"ONE_RANDOM_RARE_CARD","is_prod":false,"is_daily":false,"chose_seed":false,"campfire_upgraded":5,"win_rate":0,"timestamp":1551008988,"path_taken":["M","M","M","?","?","R","E","R","T","M","$","E","$","M","R","BOSS","M","$","M","M","$","R","M","$","T","M","R","M","?","?","R","BOSS"],"build_version":"2019-01-23","purchased_purges":3,"victory":false,"max_hp_per_floor":[80,80,80,80,80,80,80,80,80,80,80,80,80,80,80,80,85,85,85,85,85,85,85,89,89,89,89,89,89,89,89,89,89],"card_choices":[{"not_picked":["Second Wind","Pommel Strike"],"picked":"Carnage","floor":1},{"not_picked":["True Grit","Havoc"],"picked":"Armaments","floor":2},{"not_picked":["True Grit","Corruption"],"picked":"Metallicize","floor":3},{"not_picked":["Twin Strike","Immolate"],"picked":"Power Through","floor":7},{"not_picked":["Perfected Strike","Thunderclap"],"picked":"True Grit","floor":10},{"not_picked":["Twin Strike","Cleave","Clash"],"picked":"SKIP","floor":12},{"not_picked":["Cleave","Infernal Blade","Dual Wield"],"picked":"SKIP","floor":14},{"not_picked":["Dark Embrace","Brutality"],"picked":"Feed","floor":16},{"not_picked":["Pommel Strike","Warcry","Power Through"],"picked":"SKIP","floor":18},{"not_picked":["Anger","Warcry+1"],"picked":"Body Slam","floor":20},{"not_picked":["Headbutt","Cleave","Twin Strike"],"picked":"SKIP","floor":21},{"not_picked":["Pommel Strike","Double Tap"],"picked":"Body Slam","floor":24},{"not_picked":["Clothesline","Heavy Blade"],"picked":"Havoc+1","floor":29}],"player_experience":433788,"relics_obtained":[{"floor":5,"key":"Letter Opener"},{"floor":7,"key":"Red Skull"},{"floor":9,"key":"Bottled Flame"},{"floor":12,"key":"Lantern"},{"floor":26,"key":"Kunai"}],"event_choices":[{"damage_healed":0,"gold_gain":75,"player_choice":"Gather Gold","damage_taken":11,"max_hp_gain":0,"max_hp_loss":0,"event_name":"World of Goop","floor":4,"gold_loss":0},{"damage_healed":0,"gold_gain":0,"player_choice":"Bought 1 Potion","damage_taken":0,"max_hp_gain":0,"max_hp_loss":0,"event_name":"The Woman in Blue","floor":30,"gold_loss":0}],"is_beta":false,"boss_relics":[{"not_picked":["Busted Crown","Empty Cage"],"picked":"Tiny House"}],"items_purged_floors":[11,13,19],"is_endless":false,"potions_floor_spawned":[1,7,12,18],"killed_by":"Automaton","ascension_level":6}