{"gold_per_floor":[119,129,139,139,1,33,33,45,94,94,108,23,54,70,70,143,143,159,159,84,84,84,114,133,133,158,158,169,203,203,34,34,34],"floor_reached":33,"playtime":1582,"items_purged":[],"score":542,"play_id":"a55ec120-b7b6-472b-a05c-2a999158578a","local_time":"20190210185504","is_ascension_mode":true,"campfire_choices":[{"data":"Whirlwind","floor":7.0,"key":"SMITH"},{"floor":10.0,"key":"REST"},{"data":"Disarm","floor":15.0,"key":"SMITH"},{"data":"True Grit","floor":25.0,"key":"SMITH"},{"data":"Immolate","floor":27.0,"key":"SMITH"},{"floor":30,"key":"REST"},{"data":"Metallicize","floor":32,"key":"SMITH"}],"neow_cost":"PERCENT_DAMAGE","seed_source_timestamp":17565942290998,"circlet_count":0,"master_deck":["AscendersBane","Strike_R","Strike_R","Strike_R","Defend_R","Defend_R","Defend_R","Defend_R","Bash","Immolate+1","Anger","Whirlwind+1","Metallicize+1","Pommel Strike","Ghostly Armor","Disarm+1","Feel No Pain","Inflame","Double Tap","Shockwave","Ghostly","Ghostly","Ghostly","True Grit+1","Shrug It Off"],"special_seed":0,"relics":["Burning Blood","Darkstone Periapt","Ancient Tea Set","Bag of Marbles","Velvet Choker","Enchiridion","Omamori","Dream Catcher","Pear","Happy Flower"],"potions_floor_usage":[33,33],"damage_taken":[{"damage":11.0,"enemies":"Jaw Worm","floor":1.0,"turns":4.0},{"damage":1.0,"enemies":"Cultist","floor":2.0,"turns":3.0},{"damage":0.0,"enemies":"2 Louse","floor":3.0,"turns":1.0},{"damage":29.0,"enemies":"Gremlin Nob","floor":6.0,"turns":4.0},{"damage":7.0,"enemies":"Exordium Wildlife","floor":8.0,"turns":4.0},{"damage":9.0,"enemies":"Looter","floor":11.0,"turns":4.0},{"damage":19.0,"enemies":"Lagavulin","floor":13.0,"turns":7.0},{"damage":6.0,"enemies":"3 Louse","floor":14.0,"turns":3.0},{"damage":12.0,"enemies":"Hexaghost","floor":16.0,"turns":11.0},{"damage":0.0,"enemies":"Chosen","floor":18.0,"turns":3.0},{"damage":2.0,"enemies":"Gremlin Leader","floor":23.0,"turns":6.0},{"damage":11.0,"enemies":"Shell Parasite","floor":24.0,"turns":6.0},{"damage":10,"enemies":"Snake Plant","floor":28,"turns":5},{"damage":26,"enemies":"Slavers","floor":29,"turns":4},{"damage":46,"enemies":"Champ","floor":33,"turns":20}],"seed_played":"74540822253071183","potions_obtained":[{"floor":2.0,"key":"GamblersBrew"},{"floor":6.0,"key":"Explosive Potion"},{"floor":14.0,"key":"SteroidPotion"},{"floor":16.0,"key":"FearPotion"}],"is_trial":false,"path_per_floor":["M","M","M","?","$","E","R","M","T","R","M","$","E","M","R","B",null,"M","?","?","?","?","E","M","R","T","R","M","E","R","$","R","B"],"character_chosen":"IRONCLAD","items_purchased":["Metallicize","AttackPotion","Feel No Pain","Happy Flower"],"campfire_rested":2,"item_purchase_floors":[5,5,12,31],"current_hp_per_floor":[45,50,56,56,56,33,33,32,32,54,51,51,38,38,38,32,64,70,70,70,49,37,37,32,32,32,32,28,18,32,32,32,0],"gold":34,"neow_bonus":"THREE_RARE_CARDS","is_prod":false,"is_daily":false,"chose_seed":false,"campfire_upgraded":5,"win_rate":0,"timestamp":1549842904,"path_taken":["M","M","M","?","?","E","R","M","T","R","M","$","E","M","R","BOSS","M","?","?","?","?","E","M","R","T","R","M","E","R","$","R","BOSS"],"build_version":"2019-01-23","purchased_purges":0,"victory":false,"max_hp_per_floor":[75,75,75,75,75,75,75,75,75,75,75,75,75,75,75,75,75,75,75,75,75,37,37,37,37,37,37,37,47,47,47,47,47],"card_choices":[{"not_picked":["Fiend Fire","Exhume"],"picked":"Immolate","floor":0.0},{"not_picked":["Wild Strike","Warcry"],"picked":"Anger","floor":1.0},{"not_picked":["Thunderclap","Warcry"],"picked":"Whirlwind","floor":2.0},{"not_picked":["Warcry","Hemokinesis","Sword Boomerang"],"picked":"SKIP","floor":3.0},{"not_picked":["Clash","Juggernaut"],"picked":"Pommel Strike","floor":6.0},{"not_picked":["Headbutt","Combust"],"picked":"Ghostly Armor","floor":8.0},{"not_picked":["Clash","Heavy Blade"],"picked":"Disarm","floor":11.0},{"not_picked":["Cleave","Carnage","Second Wind"],"picked":"SKIP","floor":13.0},{"not_picked":["Wild Strike","Twin Strike"],"picked":"Inflame","floor":14.0},{"not_picked":["Bludgeon","Juggernaut"],"picked":"Double Tap","floor":16.0},{"not_picked":["Carnage","Clash","Body Slam+1"],"picked":"SKIP","floor":18.0},{"not_picked":["Twin Strike","Wild Strike"],"picked":"True Grit","floor":23.0},{"not_picked":["Warcry","Bludgeon"],"picked":"Shrug It Off","floor":24.0},{"not_picked":["Iron Wave","Armaments","True Grit"],"picked":"SKIP","floor":28},{"not_picked":["Bludgeon","Pommel Strike","Uppercut"],"picked":"SKIP","floor":29}],"player_experience":532926,"relics_obtained":[{"floor":6.0,"key":"Darkstone Periapt"},{"floor":9.0,"key":"Ancient Tea Set"},{"floor":13.0,"key":"Bag of Marbles"},{"floor":21.0,"key":"Enchiridion"},{"floor":23.0,"key":"Omamori"},{"floor":26.0,"key":"Dream Catcher"},{"floor":29,"key":"Pear"}],"event_choices":[{"cards_removed":["Strike_R"],"damage_healed":0.0,"max_hp_gain":0.0,"max_hp_loss":0.0,"gold_gain":0.0,"event_name":"Bonfire Elementals","player_choice":"Offered Basic","floor":4.0,"gold_loss":0.0,"damage_taken":0.0},{"damage_healed":0.0,"max_hp_gain":0.0,"max_hp_loss":0.0,"gold_gain":0.0,"event_name":"The Library","player_choice":"Read","floor":19.0,"gold_loss":0.0,"damage_taken":0.0,"cards_obtained":["Shockwave"]},{"cards_removed":["Strike_R"],"damage_healed":0.0,"max_hp_gain":0.0,"max_hp_loss":0.0,"gold_gain":0.0,"event_name":"Beggar","player_choice":"Gave Gold","floor":20.0,"gold_loss":75.0,"damage_taken":0.0},{"damage_healed":0.0,"max_hp_gain":0.0,"max_hp_loss":0.0,"gold_gain":0.0,"event_name":"Cursed Tome","player_choice":"Obtained Book","floor":21.0,"gold_loss":0.0,"damage_taken":21.0},{"damage_healed":0.0,"max_hp_gain":0.0,"max_hp_loss":38.0,"gold_gain":0.0,"event_name":"Ghosts","player_choice":"Became a Ghost","floor":22.0,"gold_loss":0.0,"damage_taken":0.0,"cards_obtained":["Ghostly","Ghostly","Ghostly"]}],"is_beta":false,"boss_relics":[{"not_picked":["Calling Bell","Runic Dome"],"picked":"Velvet Choker"}],"items_purged_floors":[],"is_endless":false,"potions_floor_spawned":[2,6,11,14,16,23,29],"killed_by":"Champ","ascension_level":17}