{"gold_per_floor":[110,110,110,120,130,130,164,181,235,245,272,272,288,315,315,414,414,430,430,355,355,374,374],"floor_reached":23,"playtime":1112,"items_purged":["Strike_B"],"score":306,"play_id":"acae0718-a3cf-4531-b8c7-49d5805ca98e","local_time":"20190225194943","is_ascension_mode":true,"campfire_choices":[{"data":"Fusion","floor":6,"key":"SMITH"},{"data":"Echo Form","floor":12,"key":"SMITH"},{"data":"Loop","floor":15,"key":"SMITH"}],"neow_cost":"NONE","seed_source_timestamp":916001326067485,"circlet_count":0,"master_deck":["Strike_B","Strike_B","Strike_B","Defend_B","Defend_B","Defend_B","Defend_B","Zap","Dualcast","Coolheaded","Rebound","Fusion+1","FTL","Echo Form+1","Loop+1","Glacier","Cold Snap","Ball Lightning","Creative AI+1","Sunder"],"relics":["Cracked Core","PreservedInsect","Prayer Wheel","Bag of Marbles","Dream Catcher","Frozen Egg 2","Snecko Eye"],"potions_floor_usage":[7,10,11,16,16,18,23],"damage_taken":[{"damage":0,"enemies":"2 Louse","floor":1,"turns":3},{"damage":0,"enemies":"Jaw Worm","floor":4,"turns":3},{"damage":0,"enemies":"Cultist","floor":5,"turns":4},{"damage":13,"enemies":"3 Sentries","floor":7,"turns":7},{"damage":7,"enemies":"3 Louse","floor":8,"turns":3},{"damage":17,"enemies":"Exordium Thugs","floor":10,"turns":5},{"damage":8,"enemies":"Lagavulin","floor":11,"turns":5},{"damage":6,"enemies":"Exordium Wildlife","floor":13,"turns":3},{"damage":17,"enemies":"3 Sentries","floor":14,"turns":7},{"damage":8,"enemies":"The Guardian","floor":16,"turns":14},{"damage":26,"enemies":"Shell Parasite","floor":18,"turns":5},{"damage":30,"enemies":"2 Thieves","floor":22,"turns":4},{"damage":5,"enemies":"Book of Stabbing","floor":23,"turns":1}],"seed_played":"4054659036096419104","potions_obtained":[{"floor":4,"key":"AttackPotion"},{"floor":7,"key":"Regen Potion"},{"floor":8,"key":"Block Potion"},{"floor":13,"key":"Poison Potion"},{"floor":14,"key":"SneckoOil"},{"floor":16,"key":"EssenceOfSteel"},{"floor":22,"key":"Dexterity Potion"}],"is_trial":false,"path_per_floor":["M","?","T","M","M","R","E","M","T","M","E","R","M","E","R","B",null,"M","?","$","?","M","E"],"character_chosen":"DEFECT","items_purchased":[],"campfire_rested":0,"item_purchase_floors":[],"current_hp_per_floor":[68,68,68,68,68,68,55,48,48,31,37,37,31,14,14,6,58,32,32,32,32,2,0],"gold":374,"neow_bonus":"THREE_CARDS","is_prod":false,"is_daily":false,"chose_seed":false,"campfire_upgraded":3,"win_rate":0,"timestamp":1551120583,"path_taken":["M","?","?","M","M","R","E","M","T","M","E","R","M","E","R","BOSS","M","?","$","?","M","E"],"build_version":"2019-01-23","purchased_purges":1,"victory":false,"max_hp_per_floor":[75,75,75,75,75,75,75,75,75,75,75,75,75,75,75,75,75,75,75,75,75,75,75],"card_choices":[{"not_picked":["Scrape","Compile Driver"],"picked":"Coolheaded","floor":0},{"not_picked":["Streamline","Skim"],"picked":"Rebound","floor":1},{"not_picked":["Compile Driver","Auto Shields"],"picked":"Fusion","floor":4},{"not_picked":["Go for the Eyes","Cold Snap"],"picked":"FTL","floor":5},{"not_picked":["Fusion","Aggregate"],"picked":"Echo Form","floor":7},{"not_picked":["Fusion","FTL"],"picked":"Loop","floor":8},{"not_picked":["Coolheaded","Undo","Streamline"],"picked":"SKIP","floor":8},{"not_picked":["Fusion","Steam"],"picked":"Glacier","floor":10},{"not_picked":["Genetic Algorithm","Gash","Redo"],"picked":"SKIP","floor":10},{"not_picked":["Beam Cell","Double Energy","Heatsinks"],"picked":"SKIP","floor":11},{"not_picked":["Sweeping Beam","Coolheaded"],"picked":"Cold Snap","floor":13},{"not_picked":["Consume","Hologram","Sweeping Beam"],"picked":"SKIP","floor":13},{"not_picked":["Reinforced Body","Chaos"],"picked":"Ball Lightning","floor":14},{"not_picked":["Amplify","Rainbow"],"picked":"Creative AI+1","floor":16},{"not_picked":["Reprogram","Heatsinks+1","Beam Cell"],"picked":"SKIP","floor":18},{"not_picked":["Undo","Turbo","Hologram"],"picked":"SKIP","floor":18},{"not_picked":["Conserve Battery","Sweeping Beam+1"],"picked":"Sunder","floor":22},{"not_picked":["Hologram","Fusion","Redo"],"picked":"SKIP","floor":22}],"player_experience":515348,"relics_obtained":[{"floor":3,"key":"PreservedInsect"},{"floor":7,"key":"Prayer Wheel"},{"floor":9,"key":"Bag of Marbles"},{"floor":11,"key":"Dream Catcher"},{"floor":14,"key":"Frozen Egg 2"}],"event_choices":[{"damage_healed":0,"gold_gain":0,"player_choice":"Ignored","damage_taken":0,"max_hp_gain":0,"max_hp_loss":0,"event_name":"Liars Game","floor":2,"gold_loss":0},{"damage_healed":0,"gold_gain":0,"player_choice":"Ignored","damage_taken":0,"max_hp_gain":0,"max_hp_loss":0,"event_name":"Vampires","floor":19,"gold_loss":0},{"damage_healed":0,"gold_gain":0,"player_choice":"Ignored","damage_taken":0,"max_hp_gain":0,"max_hp_loss":0,"event_name":"Ghosts","floor":21,"gold_loss":0}],"is_beta":false,"boss_relics":[{"not_picked":["Astrolabe","Black Star"],"picked":"Snecko Eye"}],"items_purged_floors":[20],"is_endless":false,"potions_floor_spawned":[4,7,8,13,14,16,22],"killed_by":"Book of Stabbing","ascension_level":9}