{"gold_per_floor":[215,42,60,79,79,79,108,108,133,167,167,127,127,145,145,249,249,269,285,297,297,297,297,297],"floor_reached":24,"playtime":1125,"items_purged":["Strike_B"],"score":306,"play_id":"373c51b0-05a3-430b-9f8d-99df9af8b0df","local_time":"20190226231047","is_ascension_mode":true,"campfire_choices":[{"data":"Hologram","floor":6,"key":"SMITH"},{"data":"Zap","floor":11,"key":"SMITH"},{"data":"Dualcast","floor":13,"key":"SMITH"},{"floor":15,"key":"REST"},{"floor":23,"key":"REST"}],"neow_cost":"NONE","seed_source_timestamp":1014454724811737,"circlet_count":0,"master_deck":["AscendersBane","Strike_B+1","Strike_B+1","Strike_B","Defend_B+1","Defend_B","Defend_B","Defend_B","Zap+1","Dualcast+1","Gash","Hologram+1","Beam Cell+1","Seek","Streamline","Steam","Gash","Beam Cell","Reboot","Coolheaded","Go for the Eyes+1","Steam","Steam"],"relics":["Cracked Core","Dream Catcher","Whetstone","Gambling Chip","Inserter","Shovel"],"potions_floor_usage":[7,7,16,16,16,19],"damage_taken":[{"damage":0,"enemies":"Small Slimes","floor":1,"turns":3},{"damage":1,"enemies":"Cultist","floor":3,"turns":3},{"damage":2,"enemies":"2 Louse","floor":4,"turns":2},{"damage":26,"enemies":"Lagavulin","floor":7,"turns":5},{"damage":14,"enemies":"3 Sentries","floor":10,"turns":6},{"damage":0,"enemies":"Looter","floor":14,"turns":2},{"damage":34,"enemies":"The Guardian","floor":16,"turns":8},{"damage":12,"enemies":"Shell Parasite","floor":18,"turns":5},{"damage":0,"enemies":"Chosen","floor":19,"turns":6},{"damage":21,"enemies":"Centurion and Healer","floor":20,"turns":7},{"damage":16,"enemies":"Colosseum Slavers","floor":22,"turns":5},{"damage":40,"enemies":"Sentry and Sphere","floor":24,"turns":7}],"seed_played":"7715109313675274196","potions_obtained":[{"floor":1,"key":"Fire Potion"},{"floor":4,"key":"Dexterity Potion"},{"floor":12,"key":"SteroidPotion"},{"floor":12,"key":"Regen Potion"},{"floor":12,"key":"Weak Potion"},{"floor":16,"key":"SteroidPotion"},{"floor":18,"key":"PowerPotion"}],"is_trial":false,"path_per_floor":["M","$","M","M","?","R","E","?","T","E","R","?","R","M","R","B",null,"M","M","M","T","?","R","M"],"character_chosen":"DEFECT","items_purchased":["Gash","Hologram"],"campfire_rested":2,"item_purchase_floors":[2,2],"current_hp_per_floor":[68,68,67,65,65,65,39,24,24,10,10,10,10,10,32,13,60,48,48,27,27,11,33,0],"gold":297,"neow_bonus":"HUNDRED_GOLD","is_prod":false,"is_daily":false,"chose_seed":false,"campfire_upgraded":3,"win_rate":0,"timestamp":1551219047,"path_taken":["M","$","M","M","?","R","E","?","T","E","R","?","R","?","R","BOSS","M","M","M","?","?","R","M"],"build_version":"2019-01-23","purchased_purges":1,"victory":false,"max_hp_per_floor":[75,75,75,75,75,75,75,75,75,75,75,75,75,75,75,75,75,75,75,75,75,75,75,75],"card_choices":[{"not_picked":["Compile Driver","Coolheaded","Double Energy"],"picked":"SKIP","floor":1},{"not_picked":["Redo","Sweeping Beam"],"picked":"Beam Cell","floor":3},{"not_picked":["Leap","Rebound"],"picked":"Seek","floor":4},{"not_picked":["Reinforced Body","Beam Cell"],"picked":"Streamline","floor":7},{"not_picked":["White Noise","Reinforced Body"],"picked":"Steam","floor":10},{"not_picked":["Rebound","Recycle"],"picked":"Gash","floor":14},{"not_picked":["Doom and Gloom","Loop"],"picked":"Beam Cell","floor":15},{"not_picked":["Electrodynamics","Seek"],"picked":"Reboot","floor":16},{"not_picked":["Beam Cell","Blizzard"],"picked":"Coolheaded","floor":18},{"not_picked":["Fusion+1","Chaos"],"picked":"Go for the Eyes+1","floor":19},{"not_picked":["Streamline","Coolheaded"],"picked":"Steam","floor":20},{"not_picked":["Redo","Barrage+1"],"picked":"Steam","floor":23}],"player_experience":577912,"relics_obtained":[{"floor":7,"key":"Dream Catcher"},{"floor":9,"key":"Whetstone"},{"floor":10,"key":"Gambling Chip"},{"floor":21,"key":"Shovel"}],"event_choices":[{"damage_healed":0,"gold_gain":0,"player_choice":"Ignored","damage_taken":0,"max_hp_gain":0,"max_hp_loss":0,"event_name":"Liars Game","floor":5,"gold_loss":0},{"damage_healed":0,"gold_gain":0,"player_choice":"Entered Light","damage_taken":15,"max_hp_gain":0,"max_hp_loss":0,"event_name":"Shining Light","floor":8,"gold_loss":0,"cards_upgraded":["Strike_B","Defend_B"]},{"damage_healed":0,"gold_gain":0,"player_choice":"Bought 3 Potions","damage_taken":0,"max_hp_gain":0,"max_hp_loss":0,"event_name":"The Woman in Blue","floor":12,"gold_loss":0},{"damage_healed":0,"gold_gain":0,"player_choice":"Fight","damage_taken":0,"max_hp_gain":0,"max_hp_loss":0,"event_name":"Colosseum","floor":22,"gold_loss":0},{"damage_healed":0,"gold_gain":0,"player_choice":"Fled From Nobs","damage_taken":0,"max_hp_gain":0,"max_hp_loss":0,"event_name":"Colosseum","floor":22,"gold_loss":0}],"is_beta":false,"boss_relics":[{"not_picked":["Philosopher\u0027s Stone","Ectoplasm"],"picked":"Inserter"}],"items_purged_floors":[2],"is_endless":false,"potions_floor_spawned":[1,4,16,18],"killed_by":"Sentry and Sphere","ascension_level":10}