{"gold_per_floor":[116,131,145,163,174,174,191,224,224,238,271,286,286,316,316,418,418,404,404,415,431,431],"floor_reached":22,"playtime":1681,"items_purged":[],"score":322,"play_id":"3be6087e-d46d-4550-8052-87ab830b5e82","local_time":"20190224001242","is_ascension_mode":true,"campfire_choices":[{"data":"Predator","floor":6,"key":"SMITH"},{"data":"Burst","floor":13,"key":"SMITH"},{"data":"Leg Sweep","floor":15,"key":"SMITH"}],"neow_cost":"NONE","seed_source_timestamp":3471020950702920,"circlet_count":0,"master_deck":["Defend_G","Defend_G","Defend_G","Defend_G","Strike_G","Strike_G","Strike_G","Strike_G","Survivor","Neutralize","Quick Slash","Poisoned Stab","Predator+1","Backflip","Leg Sweep+1","Burst+1","PiercingWail","Skewer","Dagger Spray","Envenom","Acrobatics","Ghostly","Ghostly","Ghostly","Ghostly","Ghostly"],"relics":["Cursed Key","Regal Pillow","Oddly Smooth Stone","Snake Skull","Empty Cage"],"potions_floor_usage":[8,11,14,18,18,22],"damage_taken":[{"damage":0,"enemies":"Small Slimes","floor":1,"turns":4},{"damage":0,"enemies":"Jaw Worm","floor":2,"turns":3},{"damage":0,"enemies":"Cultist","floor":3,"turns":4},{"damage":1,"enemies":"Red Slaver","floor":4,"turns":3},{"damage":0,"enemies":"Blue Slaver","floor":5,"turns":3},{"damage":0,"enemies":"Exordium Thugs","floor":7,"turns":3},{"damage":1,"enemies":"Gremlin Nob","floor":8,"turns":3},{"damage":0,"enemies":"Exordium Wildlife","floor":10,"turns":3},{"damage":7,"enemies":"3 Sentries","floor":11,"turns":8},{"damage":0,"enemies":"Looter","floor":12,"turns":3},{"damage":4,"enemies":"Gremlin Nob","floor":14,"turns":3},{"damage":6,"enemies":"The Guardian","floor":16,"turns":13},{"damage":2,"enemies":"2 Thieves","floor":18,"turns":4},{"damage":13,"enemies":"3 Byrds","floor":20,"turns":8},{"damage":27,"enemies":"Snake Plant","floor":21,"turns":8},{"damage":13,"enemies":"3 Cultists","floor":22,"turns":8}],"seed_played":"-8428922333641783572","potions_obtained":[{"floor":3,"key":"Fire Potion"},{"floor":4,"key":"Strength Potion"},{"floor":5,"key":"GhostInAJar"},{"floor":8,"key":"SneckoOil"},{"floor":12,"key":"FairyPotion"},{"floor":16,"key":"Swift Potion"},{"floor":21,"key":"GamblersBrew"}],"is_trial":false,"path_per_floor":["M","M","M","M","M","R","M","E","T","M","E","M","R","E","R","B",null,"M","?","M","M","M"],"character_chosen":"THE_SILENT","items_purchased":[],"campfire_rested":0,"item_purchase_floors":[],"current_hp_per_floor":[63,63,63,62,62,62,62,61,61,61,54,54,54,50,50,44,64,62,35,22,3,0],"gold":431,"neow_bonus":"BOSS_RELIC","is_prod":false,"is_daily":false,"chose_seed":false,"campfire_upgraded":3,"win_rate":0,"timestamp":1550985162,"path_taken":["M","M","M","M","M","R","M","E","T","M","E","M","R","E","R","BOSS","M","?","M","M","M"],"build_version":"2019-02-06","purchased_purges":0,"victory":false,"max_hp_per_floor":[70,70,70,70,70,70,70,70,70,70,70,70,70,70,70,70,70,70,35,35,35,35],"card_choices":[{"not_picked":["Infinite Blades","Slice"],"picked":"Quick Slash","floor":1},{"not_picked":["Deadly Poison","Heel Hook"],"picked":"Poisoned Stab","floor":2},{"not_picked":["Quick Slash","Outmaneuver","Bane"],"picked":"SKIP","floor":3},{"not_picked":["Choke","Dagger Throw"],"picked":"Predator","floor":4},{"not_picked":["Dagger Spray","Deflect"],"picked":"Backflip","floor":5},{"not_picked":["Glass Knife","Flying Knee"],"picked":"Leg Sweep","floor":7},{"not_picked":["Dagger Throw","Quick Slash"],"picked":"Burst","floor":8},{"not_picked":["Expertise","Accuracy"],"picked":"PiercingWail","floor":10},{"not_picked":["Blade Dance","Quick Slash"],"picked":"Skewer","floor":11},{"not_picked":["Predator","Reflex"],"picked":"Dagger Spray","floor":12},{"not_picked":["Skewer","All Out Attack","Unload"],"picked":"SKIP","floor":14},{"not_picked":["Storm of Steel","Grand Finale"],"picked":"Envenom","floor":16},{"not_picked":["Calculated Gamble","Deadly Poison"],"picked":"Acrobatics","floor":18},{"not_picked":["Terror","Outmaneuver+1","Prepared"],"picked":"SKIP","floor":20},{"not_picked":["Die Die Die","Dagger Spray","Endless Agony"],"picked":"SKIP","floor":21}],"player_experience":222275,"relics_obtained":[{"floor":8,"key":"Regal Pillow"},{"floor":11,"key":"Oddly Smooth Stone"},{"floor":14,"key":"Snake Skull"}],"event_choices":[{"damage_healed":0,"gold_gain":0,"player_choice":"Became a Ghost","damage_taken":0,"max_hp_gain":0,"max_hp_loss":35,"event_name":"Ghosts","floor":19,"gold_loss":0,"cards_obtained":["Ghostly","Ghostly","Ghostly","Ghostly","Ghostly"]}],"is_beta":true,"boss_relics":[{"not_picked":["Runic Dome","Snecko Eye"],"picked":"Empty Cage"}],"items_purged_floors":[],"is_endless":false,"potions_floor_spawned":[3,4,5,8,12,16,21],"killed_by":"3 Cultists","ascension_level":8}