{"gold_per_floor":[119,133,151,167,185,185,211,211,211,242,258,258,274,304,304,406,406,406,406,331,331,331,331,331,331,331,331,331,331,331,331,331,331,331,331,331,331,331],"floor_reached":38,"playtime":3048,"items_purged":["Strike_R"],"score":533,"play_id":"6ca4bc69-680c-47f3-af25-2c66ce486b27","local_time":"20190223155106","is_ascension_mode":true,"campfire_choices":[{"data":"Armaments","floor":6,"key":"SMITH"},{"data":"True Grit","floor":8,"key":"SMITH"},{"data":"Metallicize","floor":12,"key":"SMITH"},{"floor":15,"key":"REST"},{"data":"Barricade","floor":28,"key":"SMITH"},{"data":"Body Slam","floor":30,"key":"SMITH"},{"floor":32,"key":"REST"}],"neow_cost":"NONE","seed_source_timestamp":726942628041765,"circlet_count":0,"master_deck":["Strike_R","Strike_R","Strike_R","Strike_R","Defend_R","Defend_R","Defend_R","Bash","True Grit+1","Armaments+1","Power Through","Shockwave","Metallicize+1","Battle Trance","Headbutt","Pommel Strike","Impervious","Body Slam+1","Perfected Strike+1","Doubt","Flame Barrier","Whirlwind","Barricade+1","Offering","Madness","Madness","Entrench"],"relics":["Burning Blood","Lantern","Blue Candle","Boot","Odd Mushroom","Ectoplasm","Meat on the Bone","Smiling Mask","Red Skull","Eternal Feather"],"potions_floor_usage":[4,7,7,13,16,25,25,33,33,38],"damage_taken":[{"damage":4,"enemies":"Jaw Worm","floor":1,"turns":4},{"damage":1,"enemies":"Cultist","floor":2,"turns":3},{"damage":0,"enemies":"2 Louse","floor":3,"turns":4},{"damage":8,"enemies":"Lots of Slimes","floor":4,"turns":2},{"damage":6,"enemies":"Looter","floor":5,"turns":4},{"damage":16,"enemies":"Gremlin Nob","floor":7,"turns":4},{"damage":29,"enemies":"Lagavulin","floor":10,"turns":7},{"damage":2,"enemies":"2 Fungi Beasts","floor":11,"turns":4},{"damage":12,"enemies":"Gremlin Gang","floor":13,"turns":6},{"damage":26,"enemies":"The Mushroom Lair","floor":14,"turns":6},{"damage":33,"enemies":"Hexaghost","floor":16,"turns":13},{"damage":5,"enemies":"Shell Parasite","floor":18,"turns":6},{"damage":1,"enemies":"Spheric Guardian","floor":21,"turns":5},{"damage":2,"enemies":"Snecko","floor":22,"turns":6},{"damage":3,"enemies":"Chosen and Byrds","floor":24,"turns":8},{"damage":10,"enemies":"Slavers","floor":25,"turns":6},{"damage":26,"enemies":"Cultist and Chosen","floor":27,"turns":9},{"damage":14,"enemies":"Shelled Parasite and Fungi","floor":29,"turns":8},{"damage":27,"enemies":"Champ","floor":33,"turns":10},{"damage":18,"enemies":"3 Shapes","floor":35,"turns":7},{"damage":8,"enemies":"Orb Walker","floor":37,"turns":2},{"damage":73,"enemies":"Transient","floor":38,"turns":5}],"seed_played":"-7159963650190185744","potions_obtained":[{"floor":1,"key":"AttackPotion"},{"floor":2,"key":"Strength Potion"},{"floor":5,"key":"GamblersBrew"},{"floor":10,"key":"SkillPotion"},{"floor":14,"key":"Energy Potion"},{"floor":21,"key":"PowerPotion"},{"floor":24,"key":"Poison Potion"},{"floor":25,"key":"LiquidBronze"},{"floor":29,"key":"Dexterity Potion"},{"floor":35,"key":"Poison Potion"}],"is_trial":false,"path_per_floor":["M","M","M","M","M","R","E","R","T","E","M","R","M","?","R","B",null,"M","?","$","M","M","?","M","E","T","M","R","M","R","?","R","B",null,"M","?","M","M"],"character_chosen":"IRONCLAD","items_purchased":[],"campfire_rested":2,"item_purchase_floors":[],"current_hp_per_floor":[74,79,80,78,78,78,68,68,68,45,49,49,43,23,47,20,65,66,66,66,71,75,75,78,74,74,54,54,58,58,58,80,59,75,63,53,51,0],"gold":331,"neow_bonus":"REMOVE_CARD","is_prod":false,"is_daily":false,"chose_seed":false,"campfire_upgraded":5,"win_rate":0,"timestamp":1550933466,"path_taken":["M","M","M","M","M","R","E","R","T","E","M","R","M","?","R","BOSS","M","?","$","M","?","?","M","E","T","M","R","?","R","?","R","BOSS","M","?","M","M"],"build_version":"2019-01-23","purchased_purges":1,"victory":false,"max_hp_per_floor":[80,80,80,80,80,80,80,80,80,80,80,80,80,80,80,80,80,80,80,80,80,80,80,80,80,80,80,80,80,80,80,80,80,80,80,80,80,80],"card_choices":[{"not_picked":["Second Wind","Pummel","Rupture"],"picked":"SKIP","floor":1},{"not_picked":["Cleave","Heavy Blade"],"picked":"True Grit","floor":2},{"not_picked":["Combust","Havoc","Second Wind"],"picked":"SKIP","floor":3},{"not_picked":["Body Slam","Iron Wave"],"picked":"Armaments","floor":4},{"not_picked":["Sever Soul","Clash"],"picked":"Power Through","floor":5},{"not_picked":["Inflame","Twin Strike"],"picked":"Shockwave","floor":7},{"not_picked":["Shockwave","Reckless Charge"],"picked":"Metallicize","floor":10},{"not_picked":["Clothesline","Sever Soul"],"picked":"Battle Trance","floor":11},{"not_picked":["Clash","Twin Strike"],"picked":"Headbutt","floor":13},{"not_picked":["Heavy Blade","Rupture"],"picked":"Pommel Strike","floor":14},{"not_picked":["Exhume","Double Tap"],"picked":"Impervious","floor":16},{"not_picked":["Inflame","Sword Boomerang"],"picked":"Body Slam","floor":18},{"not_picked":["Body Slam","Sword Boomerang","Wild Strike+1"],"picked":"SKIP","floor":21},{"not_picked":["Shrug It Off","Pommel Strike"],"picked":"Perfected Strike+1","floor":22},{"not_picked":["Clash+1","Body Slam"],"picked":"Flame Barrier","floor":24},{"not_picked":["Spot Weakness","Clash"],"picked":"Whirlwind","floor":25},{"not_picked":["Headbutt+1","Sword Boomerang"],"picked":"Barricade","floor":27},{"not_picked":["Fire Breathing","Headbutt","Clash"],"picked":"SKIP","floor":29},{"not_picked":["Double Tap","Brutality"],"picked":"Offering","floor":33},{"not_picked":["Pummel","Twin Strike+1","Clash"],"picked":"SKIP","floor":35},{"not_picked":["Cleave","Armaments+1"],"picked":"Entrench","floor":37}],"player_experience":391828,"relics_obtained":[{"floor":7,"key":"Lantern"},{"floor":9,"key":"Blue Candle"},{"floor":10,"key":"Boot"},{"floor":14,"key":"Odd Mushroom"},{"floor":19,"key":"Meat on the Bone"},{"floor":25,"key":"Smiling Mask"},{"floor":26,"key":"Red Skull"}],"event_choices":[{"damage_healed":0,"gold_gain":0,"player_choice":"Fought Mushrooms","damage_taken":0,"max_hp_gain":0,"max_hp_loss":0,"event_name":"Mushrooms","floor":14,"gold_loss":0},{"damage_healed":0,"gold_gain":0,"player_choice":"Relic","damage_taken":0,"max_hp_gain":0,"max_hp_loss":0,"event_name":"Wheel of Change","floor":19,"gold_loss":0},{"damage_healed":0,"gold_gain":0,"player_choice":"1 cards matched","damage_taken":0,"max_hp_gain":0,"max_hp_loss":0,"event_name":"Match and Keep!","floor":23,"gold_loss":0,"cards_obtained":["Doubt"]},{"damage_healed":0,"gold_gain":0,"player_choice":"Ignored","damage_taken":0,"max_hp_gain":0,"max_hp_loss":0,"event_name":"Vampires","floor":31,"gold_loss":0},{"damage_healed":0,"gold_gain":0,"player_choice":"Embrace Madness","damage_taken":10,"max_hp_gain":0,"max_hp_loss":0,"event_name":"Winding Halls","floor":36,"gold_loss":0,"cards_obtained":["Madness","Madness"]}],"is_beta":false,"boss_relics":[{"not_picked":["Runic Pyramid","Orrery"],"picked":"Ectoplasm"},{"not_picked":["Runic Cube","Coffee Dripper"],"picked":"Eternal Feather"}],"items_purged_floors":[20],"is_endless":false,"potions_floor_spawned":[1,2,5,10,14,21,24,25,29,35],"killed_by":"Transient","ascension_level":6}