{"path_per_floor":["M","?","M","M","M","R","E","$","T","$","$","R","M","E","R","B",null,"M","M","$","?","?","R","E","R","T","E","M","$","?","$","R"],"character_chosen":"THE_SILENT","items_purchased":["Footwork","PiercingWail","Cloak And Dagger","Endless Agony"],"gold_per_floor":[110,110,126,147,172,172,215,70,70,43,17,17,37,72,72,196,196,211,236,68,68,68,68,108,108,108,149,164,39,39,39,39],"floor_reached":33,"campfire_rested":2,"playtime":2665,"current_hp_per_floor":[62,62,62,62,32,32,23,23,23,23,23,23,23,23,23,16,51,39,39,39,39,39,39,13,31,31,17,17,17,1,1,19],"items_purged":["Parasite","Underhanded Strike","Caltrops"],"gold":39,"score":532,"play_id":"5e962759-9569-49d1-9239-c3097929bf83","is_prod":false,"is_daily":false,"is_ascension_mode":true,"campfire_upgraded":4,"path_taken":["M","?","M","?","M","R","E","$","T","?","$","R","M","E","R","BOSS","M","M","$","?","?","R","E","R","T","E","M","$","?","$","R","BOSS"],"build_version":"2018-02-13-BETA1","purchased_purges":3,"victory":false,"master_deck":["Survivor","Neutralize+1","Dagger Throw","Dash","Glass Knife+1","Bouncing Flask","Footwork","PiercingWail","Cloak And Dagger+1","After Image+1","Burst+1","Cloak And Dagger","PiercingWail","Bane","Cloak And Dagger","Distraction","Dash","Dagger Spray+1","Sucker Punch","Cloak And Dagger","Backflip","Endless Agony+1","Distraction","Necronomicurse"],"max_hp_per_floor":[70,65,65,65,65,65,65,62,62,62,62,62,62,62,62,62,62,62,62,62,62,62,62,62,62,62,62,62,62,62,62,62],"relics":["Ring of the Snake","Golden Idol","Bronze Scales","Dead Branch","Bag of Marbles","Pandora\u0027s Box","Calipers","Frozen Eye","Whetstone","Necronomicon"],"card_choices":[{"not_picked":["Cloak And Dagger","Underhanded Strike"],"picked":"Dagger Throw"},{"not_picked":["Endless Agony","Bouncing Flask"],"picked":"Dash"},{"not_picked":["Slice","Bane"],"picked":"Glass Knife"},{"not_picked":["Riddle With Holes","Deflect"],"picked":"Bouncing Flask"},{"not_picked":["Dagger Throw","Dodge and Roll"],"picked":"Caltrops"},{"not_picked":["Backflip","Distraction"],"picked":"After Image"},{"not_picked":["Tactician","Corpse Explosion"],"picked":"Burst"},{"not_picked":["Leg Sweep","Terror"],"picked":"Cloak And Dagger"},{"not_picked":["Deflect","Acrobatics"],"picked":"Backflip"},{"not_picked":["Burst","Catalyst"],"picked":"Distraction"}],"player_experience":193800,"potions_floor_usage":[16,19,19,24,27],"damage_taken":[{"damage":1,"enemies":"Small Slimes","floor":1,"turns":4},{"damage":0,"enemies":"Jaw Worm","floor":3,"turns":4},{"damage":0,"enemies":"Cultist","floor":4,"turns":4},{"damage":30,"enemies":"Exordium Thugs","floor":5,"turns":6},{"damage":9,"enemies":"3 Sentries","floor":7,"turns":8},{"damage":0,"enemies":"2 Fungi Beasts","floor":13,"turns":2},{"damage":0,"enemies":"Gremlin Nob","floor":14,"turns":3},{"damage":7,"enemies":"The Guardian","floor":16,"turns":9},{"damage":12,"enemies":"Spheric Guardian","floor":18,"turns":5},{"damage":0,"enemies":"Chosen","floor":19,"turns":4},{"damage":26,"enemies":"Slavers","floor":24,"turns":7},{"damage":14,"enemies":"Book of Stabbing","floor":27,"turns":5},{"damage":0,"enemies":"Snecko","floor":28,"turns":5},{"damage":23,"enemies":"Collector","floor":33,"turns":2}],"event_choices":[{"event_name":"Golden Idol","player_choice":"Lose Max HP","floor":2,"damage_taken":0},{"event_name":"Drug Dealer","player_choice":"Ignored","floor":21,"damage_taken":0},{"event_name":"Back to Basics","player_choice":"Elegance","floor":22,"damage_taken":0},{"event_name":"Cursed Tome","player_choice":"Obtained Book","floor":30,"damage_taken":0}],"boss_relics":[{"not_picked":["Velvet Choker","Eternal Feather"],"picked":"Pandora\u0027s Box"}],"potions_floor_spawned":[1,7,14,24],"seed_played":"-7100031780493555610","killed_by":"Collector","ascension_level":12,"is_trial":false}