{"path_per_floor":["M","?","M","M","$","R","E","R","T","E","?","M","?","M","R","B",null,"M","$","M","?","M","R","E","M","T","R","M","E","M","T","R","B",null,"M","?","?","M","?","R","E","R","T","E","R","M","R","M","R","B"],"character_chosen":"DEFECT","items_purchased":["Ancient Potion","Regen Potion"],"gold_per_floor":[118,118,137,157,82,82,116,116,196,227,227,243,243,263,263,341,341,266,19,19,19,19,19,19,19,19,19,19,19,19,19,19,19,19,19,19,19,19,19,19,19,19,19,19,19,19,19,19,19,19],"floor_reached":51,"campfire_rested":6,"playtime":4060,"item_purchase_floors":[19,19],"current_hp_per_floor":[63,63,50,43,43,43,23,44,44,30,30,31,31,43,43,41,64,52,52,43,43,37,58,40,43,43,43,43,43,43,43,64,27,60,60,77,77,72,72,72,15,38,38,33,56,56,56,55,77,28],"items_purged":["Strike_B","Strike_B"],"gold":19,"score":1346,"play_id":"5821ae56-48a3-4d00-9643-e7d6af769853","local_time":"20180608183449","is_prod":false,"is_daily":false,"chose_seed":false,"is_ascension_mode":true,"campfire_upgraded":5,"win_rate":0,"timestamp":1528508089,"campfire_choices":[{"data":"Zap","floor":6,"key":"SMITH"},{"floor":8,"key":"REST"},{"data":"Coolheaded","floor":15,"key":"SMITH"},{"floor":23,"key":"REST"},{"data":"Fusion","floor":27,"key":"SMITH"},{"floor":32,"key":"REST"},{"data":"Machine Learning","floor":40,"key":"SMITH"},{"floor":42,"key":"REST"},{"floor":45,"key":"REST"},{"data":"Coolheaded","floor":47,"key":"SMITH"},{"floor":49,"key":"REST"}],"path_taken":["M","?","M","M","$","R","E","R","T","E","?","M","?","M","R","BOSS","M","$","M","?","M","R","E","M","T","R","M","E","M","?","R","BOSS","M","?","?","M","?","R","E","R","T","E","R","M","R","M","R","BOSS"],"build_version":"2018-06-07v2","seed_source_timestamp":195611228282195,"purchased_purges":2,"victory":true,"master_deck":["Zap+1","Dualcast+1","AscendersBane","Sweeping Beam","Melter","Zap+1","Conserve Battery","Cold Snap","Coolheaded+1","Reboot","All For One+1","Compile Driver","Sunder+1","Coolheaded+1","Compile Driver+1","Fusion+1","FTL+1","Blizzard+1","Go for the Eyes+1","Fission","Steam Power","Coolheaded+1","Steam","Beam Cell+1","Ball Lightning+1","Coolheaded","Writhe","Steam Power","Machine Learning+1","Skim+1","Cold Snap+1","Hologram+1"],"max_hp_per_floor":[71,71,71,71,71,71,71,71,71,71,71,71,71,71,71,71,71,71,71,71,71,71,71,71,71,71,71,71,71,71,71,71,71,71,71,77,77,77,77,77,77,77,77,77,77,77,77,77,77,77],"relics":["Cracked Core","Potion Belt","Meat on the Bone","DataDisk","Ectoplasm","Bag of Preparation","Juzu Bracelet","Molten Egg 2","Darkstone Periapt","Pandora\u0027s Box","Pen Nib","Question Card","Whetstone"],"card_choices":[{"not_picked":["Coolheaded","Scrape"],"picked":"Sweeping Beam","floor":0},{"not_picked":["Aggregate","Redo"],"picked":"Melter","floor":1},{"not_picked":["Storm","Auto Shields"],"picked":"Conserve Battery","floor":3},{"not_picked":["Redo","Gash","Consume"],"picked":"SKIP","floor":7},{"not_picked":["Leap","Tempest"],"picked":"Cold Snap","floor":10},{"not_picked":["Blizzard","Self Repair"],"picked":"Coolheaded","floor":12},{"not_picked":["Hologram","Stack"],"picked":"Reboot","floor":14},{"not_picked":["Creative AI","Buffer"],"picked":"All For One","floor":16},{"not_picked":["Conserve Battery","Fusion"],"picked":"Compile Driver","floor":18},{"not_picked":["Steam","Loop"],"picked":"Sunder+1","floor":20},{"not_picked":["Beam Cell","Stack"],"picked":"Coolheaded+1","floor":22},{"not_picked":["Genetic Algorithm+1","Stack"],"picked":"Compile Driver","floor":24},{"not_picked":["Undo","Auto Shields+1"],"picked":"Fusion","floor":25},{"not_picked":["Conserve Battery","Sweeping Beam+1"],"picked":"FTL+1","floor":28},{"not_picked":["Ball Lightning","Reinforced Body"],"picked":"Blizzard","floor":29},{"not_picked":["Capacitor","Gash+1"],"picked":"Go for the Eyes+1","floor":30},{"not_picked":["Core Surge+1","Buffer"],"picked":"Fission","floor":33},{"not_picked":["Gash+1","Turbo+1"],"picked":"Coolheaded","floor":35},{"not_picked":["Auto Shields","Double Energy","Rebound+1"],"picked":"SKIP","floor":38},{"not_picked":["Reprogram","Force Field+1","Doom and Gloom+1"],"picked":"SKIP","floor":41},{"not_picked":["Melter+1","Rip and Tear+1","Ball Lightning+1"],"picked":"Skim+1","floor":44},{"not_picked":["Steam","Seek","Aggregate"],"picked":"Cold Snap+1","floor":46},{"not_picked":["Turbo","Cold Snap+1","Blizzard+1"],"picked":"Hologram+1","floor":48}],"player_experience":1838294,"potions_floor_usage":[7,10,16,22,28,33,33,33,35,41,50,50],"damage_taken":[{"damage":1,"enemies":"Cultist","floor":1,"turns":3},{"damage":13,"enemies":"Small Slimes","floor":3,"turns":3},{"damage":7,"enemies":"Jaw Worm","floor":4,"turns":3},{"damage":20,"enemies":"Lagavulin","floor":7,"turns":6},{"damage":26,"enemies":"Gremlin Nob","floor":10,"turns":4},{"damage":11,"enemies":"3 Louse","floor":12,"turns":2},{"damage":0,"enemies":"Looter","floor":14,"turns":3},{"damage":2,"enemies":"Hexaghost","floor":16,"turns":9},{"damage":12,"enemies":"2 Thieves","floor":18,"turns":4},{"damage":21,"enemies":"Chosen","floor":20,"turns":4},{"damage":15,"enemies":"Slaver and Parasite","floor":22,"turns":3},{"damage":30,"enemies":"Slavers","floor":24,"turns":4},{"damage":9,"enemies":"Chosen and Byrds","floor":25,"turns":5},{"damage":0,"enemies":"Snake Plant","floor":28,"turns":2},{"damage":0,"enemies":"Gremlin Leader","floor":29,"turns":5},{"damage":0,"enemies":"Centurion and Healer","floor":30,"turns":5},{"damage":49,"enemies":"Automaton","floor":33,"turns":9},{"damage":0,"enemies":"Flame Bruiser 1 Orb","floor":35,"turns":3},{"damage":5,"enemies":"3 Darklings","floor":38,"turns":4},{"damage":69,"enemies":"2 Orb Walkers","floor":41,"turns":6},{"damage":17,"enemies":"Nemesis","floor":44,"turns":7},{"damage":0,"enemies":"Maw","floor":46,"turns":6},{"damage":1,"enemies":"Flame Bruiser 2 Orb","floor":48,"turns":3},{"damage":61,"enemies":"Time Eater","floor":50,"turns":10}],"relics_obtained":[{"floor":7,"key":"Potion Belt"},{"floor":9,"key":"Meat on the Bone"},{"floor":10,"key":"DataDisk"},{"floor":24,"key":"Bag of Preparation"},{"floor":26,"key":"Juzu Bracelet"},{"floor":29,"key":"Molten Egg 2"},{"floor":31,"key":"Darkstone Periapt"},{"floor":41,"key":"Pen Nib"},{"floor":43,"key":"Question Card"},{"floor":44,"key":"Whetstone"}],"event_choices":[{"event_name":"Match and Keep!","player_choice":"1 cards matched","floor":2,"damage_taken":0},{"event_name":"Upgrade Shrine","player_choice":"Upgraded","floor":11,"damage_taken":0},{"event_name":"Liars Game","player_choice":"disagreed","floor":13,"damage_taken":0},{"event_name":"Upgrade Shrine","player_choice":"Upgraded","floor":21,"damage_taken":0},{"event_name":"Winding Halls","player_choice":"Writhe","floor":36,"damage_taken":0},{"event_name":"Falling","player_choice":"Removed Power","floor":37,"damage_taken":0},{"event_name":"Match and Keep!","player_choice":"2 cards matched","floor":39,"damage_taken":0}],"boss_relics":[{"not_picked":["Lizard Tail","Snecko Eye"],"picked":"Ectoplasm"},{"not_picked":["Astrolabe","Velvet Choker"],"picked":"Pandora\u0027s Box"}],"items_purged_floors":[5,19],"potions_floor_spawned":[1,3,4,12,14,18,25,28,33,35,44],"seed_played":"-3298630577297486678","ascension_level":15,"potions_obtained":[{"floor":1,"key":"Swift Potion"},{"floor":3,"key":"PowerPotion"},{"floor":12,"key":"SteroidPotion"},{"floor":14,"key":"FocusPotion"},{"floor":18,"key":"SpeedPotion"},{"floor":25,"key":"FearPotion"},{"floor":28,"key":"Energy Potion"},{"floor":33,"key":"LiquidBronze"},{"floor":35,"key":"Weak Potion"},{"floor":44,"key":"SteroidPotion"}],"is_trial":false}