{"gold_per_floor":[110,124,49,67,92,123,142,176,176,176,3,3,13,46,46,46],"floor_reached":16,"playtime":8557,"items_purged":["Strike_R"],"score":132,"play_id":"09011ac5-ce4e-4d8e-b7f2-aa5780c16132","local_time":"20190219133725","is_ascension_mode":true,"campfire_choices":[{"data":"Barricade","floor":10,"key":"SMITH"},{"floor":12,"key":"REST"},{"floor":15,"key":"REST"}],"neow_cost":"TEN_PERCENT_HP_LOSS","seed_source_timestamp":367818036625982,"circlet_count":0,"master_deck":["Strike_R","Strike_R","Strike_R","Strike_R","Defend_R","Defend_R","Defend_R","Defend_R","Bash","Barricade+1","Twin Strike","Burning Pact","Sword Boomerang","Intimidate","Flame Barrier","Ghostly Armor","Clothesline"],"relics":["Burning Blood","Pen Nib","Meat on the Bone","Unceasing Top","Pear","Bird Faced Urn"],"potions_floor_usage":[6,8,8,11,16],"damage_taken":[{"damage":1,"enemies":"Cultist","floor":1,"turns":4},{"damage":0,"enemies":"Small Slimes","floor":2,"turns":3},{"damage":5,"enemies":"2 Louse","floor":4,"turns":3},{"damage":27,"enemies":"Lagavulin","floor":6,"turns":10},{"damage":9,"enemies":"Looter","floor":7,"turns":3},{"damage":34,"enemies":"3 Sentries","floor":8,"turns":11},{"damage":1,"enemies":"Blue Slaver","floor":13,"turns":5},{"damage":18,"enemies":"Lagavulin","floor":14,"turns":12},{"damage":88,"enemies":"Hexaghost","floor":16,"turns":15}],"seed_played":"9114730633191236601","potions_obtained":[{"floor":2,"key":"PowerPotion"},{"floor":6,"key":"SkillPotion"},{"floor":7,"key":"EssenceOfSteel"},{"floor":13,"key":"LiquidBronze"}],"is_trial":false,"path_per_floor":["M","M","$","M","T","E","M","E","T","R","$","R","M","E","R","B"],"character_chosen":"IRONCLAD","items_purchased":["Burning Pact","Fruit Juice"],"campfire_rested":2,"item_purchase_floors":[3,11],"current_hp_per_floor":[72,72,72,72,72,51,48,32,42,42,47,73,78,66,87,0],"gold":46,"neow_bonus":"THREE_RARE_CARDS","is_prod":false,"is_daily":false,"chose_seed":false,"campfire_upgraded":1,"win_rate":0,"timestamp":1550579845,"path_taken":["M","M","$","M","?","E","M","E","T","R","$","R","M","E","R","BOSS"],"build_version":"2019-01-23","purchased_purges":1,"victory":false,"max_hp_per_floor":[72,72,72,72,72,72,72,72,82,82,87,87,87,87,87,87],"card_choices":[{"not_picked":["Berserk","Exhume"],"picked":"Barricade","floor":0},{"not_picked":["Flex","Blood for Blood"],"picked":"Twin Strike","floor":1},{"not_picked":["Havoc","Bloodletting","Anger"],"picked":"SKIP","floor":2},{"not_picked":["Searing Blow","Blood for Blood"],"picked":"Sword Boomerang","floor":4},{"not_picked":["Iron Wave","Infernal Blade"],"picked":"Intimidate","floor":6},{"not_picked":["Hemokinesis","Limit Break"],"picked":"Flame Barrier","floor":7},{"not_picked":["Berserk","Cleave"],"picked":"Ghostly Armor","floor":8},{"not_picked":["Havoc","Warcry"],"picked":"Clothesline","floor":13},{"not_picked":["Flame Barrier","Hemokinesis","Warcry"],"picked":"SKIP","floor":14}],"player_experience":141048,"relics_obtained":[{"floor":5,"key":"Pen Nib"},{"floor":6,"key":"Meat on the Bone"},{"floor":8,"key":"Unceasing Top"},{"floor":9,"key":"Pear"},{"floor":14,"key":"Bird Faced Urn"}],"event_choices":[],"is_beta":false,"boss_relics":[],"items_purged_floors":[11],"is_endless":false,"potions_floor_spawned":[2,6,7,13],"killed_by":"Hexaghost","ascension_level":2}