{"gold_per_floor":[116,116,116,133,145,145,180,180,180,198,198,217,229,56,56,155,155,174,208,108,108,128,153,153,153,180,197,207,207,207,9,9,109,109,129,145,245,255,255,255,274,274,274,30,41,59,59,92,92,92],"floor_reached":51,"playtime":13565,"items_purged":["Strike_G","Strike_G"],"score":798,"play_id":"3666aee7-6e2d-490f-955d-838985bdbb7b","local_time":"20190220161133","is_ascension_mode":true,"campfire_choices":[{"data":"Dash","floor":6,"key":"SMITH"},{"floor":8,"key":"REST"},{"data":"Leg Sweep","floor":11,"key":"SMITH"},{"data":"Deadly Poison","floor":15,"key":"SMITH"},{"data":"Dodge and Roll","floor":24,"key":"SMITH"},{"data":"Footwork","floor":30,"key":"SMITH"},{"floor":32,"key":"REST"},{"data":"Night Terror","floor":40,"key":"SMITH"},{"floor":42,"key":"REST"},{"floor":49,"key":"REST"}],"neow_cost":"NONE","seed_source_timestamp":457464117242923,"circlet_count":0,"master_deck":["Defend_G","Defend_G","Defend_G","Defend_G","Defend_G","Strike_G","Survivor","Neutralize+1","Dodge and Roll+1","Dash+1","Leg Sweep+1","Night Terror+1","Escape Plan+1","Crippling Poison","Deadly Poison+1","Venomology","Footwork+1","Crippling Poison+1","Deadly Poison+1"],"relics":["Ring of the Snake","Paper Crane","Gremlin Horn","Busted Crown","Red Mask","Juzu Bracelet","Bag of Preparation","Happy Flower","TwistedFunnel","Orrery","Mango","Ninja Scroll","Sundial","Centennial Puzzle"],"potions_floor_usage":[16,18,18,18,19,23,27,28,33,33,36,37,37,38,41,41,46,48,50,50,50],"damage_taken":[{"damage":5,"enemies":"Small Slimes","floor":1,"turns":4},{"damage":0,"enemies":"2 Louse","floor":4,"turns":3},{"damage":3,"enemies":"Jaw Worm","floor":5,"turns":6},{"damage":23,"enemies":"Gremlin Nob","floor":7,"turns":5},{"damage":0,"enemies":"Blue Slaver","floor":10,"turns":4},{"damage":13,"enemies":"3 Louse","floor":12,"turns":3},{"damage":0,"enemies":"Exordium Thugs","floor":13,"turns":6},{"damage":2,"enemies":"Hexaghost","floor":16,"turns":12},{"damage":2,"enemies":"3 Byrds","floor":18,"turns":5},{"damage":16,"enemies":"Masked Bandits","floor":19,"turns":7},{"damage":0,"enemies":"Chosen","floor":22,"turns":5},{"damage":22,"enemies":"Book of Stabbing","floor":23,"turns":9},{"damage":0,"enemies":"Snake Plant","floor":27,"turns":5},{"damage":0,"enemies":"Sentry and Sphere","floor":28,"turns":6},{"damage":4,"enemies":"Collector","floor":33,"turns":10},{"damage":21,"enemies":"3 Shapes","floor":35,"turns":4},{"damage":0,"enemies":"3 Darklings","floor":36,"turns":6},{"damage":7,"enemies":"Mind Bloom Boss Battle","floor":37,"turns":13},{"damage":11,"enemies":"Spire Growth","floor":38,"turns":9},{"damage":0,"enemies":"4 Shapes","floor":41,"turns":6},{"damage":0,"enemies":"Sphere and 2 Shapes","floor":45,"turns":4},{"damage":2,"enemies":"Transient","floor":46,"turns":5},{"damage":0,"enemies":"Giant Head","floor":48,"turns":9},{"damage":55,"enemies":"Time Eater","floor":50,"turns":14}],"seed_played":"7205601825886022283","potions_obtained":[{"floor":7,"key":"LiquidBronze"},{"floor":10,"key":"Fire Potion"},{"floor":12,"key":"Fire Potion"},{"floor":16,"key":"PowerPotion"},{"floor":27,"key":"Strength Potion"},{"floor":37,"key":"SpeedPotion"},{"floor":38,"key":"SkillPotion"}],"is_trial":false,"path_per_floor":["M","?","?","M","M","R","E","R","T","M","R","M","M","$","R","B",null,"M","?","$","?","M","E","R","?","T","M","M","?","R","$","R","B",null,"M","M","?","M","?","R","M","R","T","$","M","M","?","E","R","B",null],"character_chosen":"THE_SILENT","items_purchased":["Deadly Poison","Strength Potion","TwistedFunnel","Sundial"],"campfire_rested":4,"item_purchase_floors":[14,14,31,44],"current_hp_per_floor":[65,70,63,63,60,60,37,59,59,59,59,46,46,46,46,44,75,73,57,57,57,57,50,50,50,50,50,50,50,50,50,72,68,75,54,54,61,50,50,50,50,76,76,76,76,74,74,74,89,34],"gold":92,"neow_bonus":"UPGRADE_CARD","is_prod":false,"is_daily":false,"chose_seed":false,"campfire_upgraded":6,"win_rate":0,"timestamp":1550675493,"path_taken":["M","?","?","M","M","R","E","R","T","M","R","M","M","$","R","BOSS","M","?","$","?","M","E","R","?","T","M","M","?","R","$","R","BOSS","M","M","?","M","?","R","M","R","T","$","M","M","?","E","R","BOSS"],"build_version":"2019-01-23","purchased_purges":2,"victory":true,"max_hp_per_floor":[70,75,75,75,75,75,75,75,75,75,75,75,75,75,75,75,75,75,75,75,75,75,75,75,75,75,75,75,75,75,75,75,75,75,75,75,89,89,89,89,89,89,89,89,89,89,89,89,89,89],"card_choices":[{"not_picked":["Outmaneuver","Dagger Spray","Blade Dance"],"picked":"SKIP","floor":1},{"not_picked":["Dagger Spray","Infinite Blades"],"picked":"Dodge and Roll","floor":4},{"not_picked":["Leg Sweep","Deflect"],"picked":"Dash","floor":5},{"not_picked":["Acrobatics","Underhanded Strike"],"picked":"Leg Sweep","floor":7},{"not_picked":["Blade Dance","Riddle With Holes"],"picked":"Night Terror","floor":10},{"not_picked":["Endless Agony","Deflect"],"picked":"Escape Plan","floor":12},{"not_picked":["Dodge and Roll","Quick Slash"],"picked":"Crippling Poison","floor":13},{"not_picked":["Grand Finale","Night Terror"],"picked":"Venomology","floor":16},{"not_picked":["Dagger Throw"],"picked":"SKIP","floor":18},{"not_picked":["Acrobatics"],"picked":"SKIP","floor":22},{"not_picked":["Acrobatics"],"picked":"SKIP","floor":22},{"not_picked":["Caltrops"],"picked":"SKIP","floor":23},{"not_picked":["Flying Knee"],"picked":"SKIP","floor":27},{"not_picked":["Underhanded Strike"],"picked":"SKIP","floor":28},{"not_picked":["Flying Knee+1"],"picked":"SKIP","floor":35},{"not_picked":["Cloak And Dagger+1"],"picked":"SKIP","floor":36},{"not_picked":["Blade Dance"],"picked":"SKIP","floor":38},{"not_picked":[],"picked":"Crippling Poison+1","floor":41},{"not_picked":[],"picked":"Deadly Poison+1","floor":45},{"not_picked":["Eviscerate"],"picked":"SKIP","floor":46},{"not_picked":["All Out Attack+1"],"picked":"SKIP","floor":48}],"player_experience":222811,"relics_obtained":[{"floor":7,"key":"Paper Crane"},{"floor":9,"key":"Gremlin Horn"},{"floor":19,"key":"Red Mask"},{"floor":23,"key":"Bag of Preparation"},{"floor":26,"key":"Happy Flower"},{"floor":37,"key":"Mango"},{"floor":43,"key":"Ninja Scroll"},{"floor":48,"key":"Centennial Puzzle"}],"event_choices":[{"damage_healed":0,"gold_gain":0,"player_choice":"Donut","damage_taken":0,"max_hp_gain":5,"max_hp_loss":0,"event_name":"Big Fish","floor":2,"gold_loss":0},{"cards_removed":["Strike_G"],"damage_healed":0,"gold_gain":0,"player_choice":"Card Removal","damage_taken":7,"max_hp_gain":0,"max_hp_loss":0,"event_name":"Golden Wing","floor":3,"gold_loss":0},{"damage_healed":0,"gold_gain":0,"player_choice":"Fought Bandits","damage_taken":0,"max_hp_gain":0,"max_hp_loss":0,"event_name":"Masked Bandits","floor":19,"gold_loss":0},{"damage_healed":0,"gold_gain":0,"player_choice":"Opened","damage_taken":0,"relics_obtained":["Juzu Bracelet"],"max_hp_gain":0,"max_hp_loss":0,"event_name":"The Mausoleum","floor":21,"gold_loss":0},{"damage_healed":0,"gold_gain":0,"player_choice":"Bought 0 Potions","damage_taken":0,"max_hp_gain":0,"max_hp_loss":0,"event_name":"The Woman in Blue","floor":25,"gold_loss":0},{"damage_healed":0,"gold_gain":0,"player_choice":"Read","damage_taken":0,"max_hp_gain":0,"max_hp_loss":0,"event_name":"The Library","floor":29,"gold_loss":0,"cards_obtained":["Footwork"]},{"damage_healed":0,"gold_gain":0,"player_choice":"Fight","damage_taken":0,"max_hp_gain":0,"max_hp_loss":0,"event_name":"MindBloom","floor":37,"gold_loss":0},{"cards_removed":["Strike_G"],"damage_healed":0,"gold_gain":0,"player_choice":"Removed Attack","damage_taken":0,"max_hp_gain":0,"max_hp_loss":0,"event_name":"Falling","floor":39,"gold_loss":0},{"damage_healed":0,"gold_gain":0,"player_choice":"Upgraded","damage_taken":0,"max_hp_gain":0,"max_hp_loss":0,"event_name":"Upgrade Shrine","floor":47,"gold_loss":0,"cards_upgraded":["Escape Plan"]}],"is_beta":false,"boss_relics":[{"not_picked":["Ectoplasm","Empty Cage"],"picked":"Busted Crown"},{"not_picked":["Calling Bell","Runic Pyramid"],"picked":"Orrery"}],"items_purged_floors":[14,20],"is_endless":false,"potions_floor_spawned":[7,10,12,16,22,27,35,37,38],"ascension_level":3}