{"gold_per_floor":[214,233,247,257,142,142,162,162,189,39,49,49,49,81,93,208,220,245,257,144,59,59,59,92,92,92,92],"floor_reached":27,"playtime":1545,"items_purged":["Strike_R","Strike_R","Strike_R"],"score":344,"play_id":"09d252a1-528e-4829-8386-457e0b0fea91","local_time":"20190226174620","is_ascension_mode":true,"campfire_choices":[{"data":"Metallicize","floor":6,"key":"SMITH"},{"data":"Pommel Strike","floor":8,"key":"SMITH"},{"data":"Bash","floor":12,"key":"SMITH"},{"floor":15,"key":"REST"},{"data":"Barricade","floor":23,"key":"SMITH"},{"data":"Body Slam","floor":25,"key":"SMITH"}],"neow_cost":"NONE","seed_source_timestamp":994567579825842,"circlet_count":0,"master_deck":["AscendersBane","Strike_R","Strike_R","Defend_R","Defend_R+1","Defend_R","Defend_R","Bash+1","Pommel Strike+1","Headbutt","Cleave","Double Tap+1","Metallicize+1","Barricade+1","Shrug It Off+1","Evolve","Body Slam+1"],"relics":["Burning Blood","Bag of Marbles","MawBank","Velvet Choker","Ancient Tea Set","War Paint","Singing Bowl"],"potions_floor_usage":[16,16,24],"damage_taken":[{"damage":14,"enemies":"Jaw Worm","floor":1,"turns":5},{"damage":1,"enemies":"Cultist","floor":2,"turns":4},{"damage":3,"enemies":"Small Slimes","floor":3,"turns":3},{"damage":19,"enemies":"Blue Slaver","floor":4,"turns":5},{"damage":5,"enemies":"2 Fungi Beasts","floor":7,"turns":3},{"damage":16,"enemies":"Large Slime","floor":11,"turns":8},{"damage":32,"enemies":"Lagavulin","floor":14,"turns":6},{"damage":35,"enemies":"Slime Boss","floor":16,"turns":9},{"damage":18,"enemies":"Spheric Guardian","floor":18,"turns":4},{"damage":28,"enemies":"Gremlin Leader","floor":24,"turns":8},{"damage":32,"enemies":"Book of Stabbing","floor":27,"turns":4}],"seed_played":"1795071577460405353","potions_obtained":[{"floor":1,"key":"SteroidPotion"},{"floor":2,"key":"Dexterity Potion"},{"floor":4,"key":"Swift Potion"}],"is_trial":false,"path_per_floor":["M","M","M","M","$","R","M","R","T","$","M","R","?","E","R","B",null,"M","?","$","?","?","R","E","R","T","E"],"character_chosen":"IRONCLAD","items_purchased":["Metallicize","Strength Potion"],"campfire_rested":1,"item_purchase_floors":[5,10],"current_hp_per_floor":[64,69,72,59,59,59,60,60,60,60,50,50,50,24,48,19,65,53,53,53,53,53,53,31,31,31,0],"gold":92,"neow_bonus":"HUNDRED_GOLD","is_prod":false,"is_daily":false,"chose_seed":false,"campfire_upgraded":5,"win_rate":0,"timestamp":1551199580,"path_taken":["M","M","M","M","$","R","M","R","T","$","M","R","?","E","R","BOSS","M","?","$","?","?","R","E","R","T","E"],"build_version":"2019-01-23","purchased_purges":3,"victory":false,"max_hp_per_floor":[80,80,80,80,80,80,80,80,80,80,80,80,80,80,80,80,80,80,80,80,80,80,80,80,80,80,80],"card_choices":[{"not_picked":["Carnage","True Grit"],"picked":"Pommel Strike","floor":1},{"not_picked":["Second Wind","Sentinel"],"picked":"Headbutt","floor":2},{"not_picked":["Evolve","Twin Strike"],"picked":"Cleave","floor":3},{"not_picked":["Sever Soul","Havoc"],"picked":"Double Tap","floor":4},{"not_picked":["Body Slam","Rupture","Clothesline"],"picked":"SKIP","floor":7},{"not_picked":["Headbutt","Heavy Blade","Cleave"],"picked":"SKIP","floor":11},{"not_picked":["Infernal Blade","Havoc","Flex"],"picked":"SKIP","floor":14},{"not_picked":["Feed","Fiend Fire"],"picked":"Barricade","floor":16},{"not_picked":["Seeing Red","Pommel Strike"],"picked":"Shrug It Off","floor":18},{"not_picked":["Barricade","Sever Soul"],"picked":"Body Slam","floor":24}],"player_experience":558135,"relics_obtained":[{"floor":9,"key":"Bag of Marbles"},{"floor":14,"key":"MawBank"},{"floor":24,"key":"War Paint"},{"floor":26,"key":"Singing Bowl"}],"event_choices":[{"damage_healed":0,"gold_gain":0,"player_choice":"Upgraded","damage_taken":0,"max_hp_gain":0,"max_hp_loss":0,"event_name":"Upgrade Shrine","floor":13,"gold_loss":0,"cards_upgraded":["Double Tap"]},{"damage_healed":0,"gold_gain":0,"player_choice":"Ignored","damage_taken":0,"max_hp_gain":0,"max_hp_loss":0,"event_name":"Ghosts","floor":19,"gold_loss":0},{"damage_healed":0,"gold_gain":0,"player_choice":"Obtained Relic","damage_taken":0,"relics_obtained":["Ancient Tea Set"],"max_hp_gain":0,"max_hp_loss":0,"event_name":"Addict","floor":21,"gold_loss":85},{"damage_healed":0,"gold_gain":0,"player_choice":"Read","damage_taken":0,"max_hp_gain":0,"max_hp_loss":0,"event_name":"The Library","floor":22,"gold_loss":0,"cards_obtained":["Evolve"]}],"is_beta":false,"boss_relics":[{"not_picked":["Runic Pyramid","Tiny House"],"picked":"Velvet Choker"}],"items_purged_floors":[5,10,20],"is_endless":false,"potions_floor_spawned":[1,2,4,7,11],"killed_by":"Book of Stabbing","ascension_level":10}