{"path_per_floor":["M","M","M","?","?","R","E","R","T","M","M","E","M","E","R","B",null,"M","?","M","M","?","E","R","E","T","M","R","E","$","M","R","B",null,"M","?","?","?","$","R","E","R","T","M","M","R","M","M","R","B"],"character_chosen":"IRONCLAD","items_purchased":["Toxic Egg 2","Meat on the Bone","True Grit","Feel No Pain","Havoc"],"gold_per_floor":[113,124,141,141,141,141,173,173,219,236,253,279,294,322,322,426,426,436,436,448,463,463,496,496,522,522,533,533,560,3,16,16,116,116,136,182,182,182,15,15,40,40,40,52,64,64,75,93,93,93],"floor_reached":51,"campfire_rested":5,"playtime":4696,"current_hp_per_floor":[77,65,70,63,63,63,55,55,55,60,55,53,53,49,49,29,70,79,79,84,79,61,34,63,76,76,31,62,39,39,37,69,67,97,74,69,69,69,69,69,56,56,56,66,72,108,109,100,125,58],"items_purged":["Clash"],"gold":93,"score":1185,"play_id":"0d5584a4-5aa9-48c3-840b-75bb75e92ee7","local_time":"20180424164400","is_prod":false,"is_daily":false,"chose_seed":false,"is_ascension_mode":true,"campfire_upgraded":4,"timestamp":1524613440,"path_taken":["M","M","M","?","?","R","E","R","T","M","M","E","M","E","R","BOSS","M","?","M","M","?","E","R","E","T","M","R","E","$","M","R","BOSS","M","?","?","?","$","R","E","R","T","M","M","R","M","?","R","BOSS"],"build_version":"2018-04-19","seed_source_timestamp":247800031831740,"purchased_purges":1,"victory":true,"master_deck":["Bash+1","AscendersBane","Blood for Blood+1","Pummel","Battle Trance","Dual Wield+1","Feed","Impervious+1","Demon Form+1","Armaments","Shockwave","Clothesline","Anger","Power Through+1","Iron Wave","Pommel Strike","Metallicize+1","Juggernaut","Exhume","True Grit+1","Flame Barrier","True Grit+1","Exhume+1","Rage+1","Dark Shackles+1","Feel No Pain","Havoc+1","Injury","Havoc+1","Warcry+1"],"max_hp_per_floor":[80,80,80,80,80,80,80,80,80,80,80,80,83,83,83,83,83,86,86,89,92,97,97,97,104,104,104,104,107,107,107,107,107,107,107,113,113,113,113,113,113,113,113,116,122,122,122,125,125,125],"relics":["Burning Blood","Bronze Scales","Orichalcum","Happy Flower","Ancient Tea Set","Pandora\u0027s Box","War Paint","Strawberry","Ginger","Oddly Smooth Stone","Toxic Egg 2","Meat on the Bone","Cursed Key","Girya","Gremlin Horn","Gambling Chip"],"card_choices":[{"not_picked":["Flex","Warcry"],"picked":"Blood for Blood","floor":1},{"not_picked":["Heavy Blade","Wild Strike"],"picked":"Pummel","floor":2},{"not_picked":["Heavy Blade","Sentinel"],"picked":"Anger","floor":3},{"not_picked":["Blood for Blood","Whirlwind"],"picked":"Body Slam","floor":7},{"not_picked":["Dropkick","Bloodletting"],"picked":"Battle Trance","floor":10},{"not_picked":["Dark Embrace","Thunderclap"],"picked":"Dual Wield","floor":11},{"not_picked":["Headbutt","Havoc"],"picked":"Feed","floor":12},{"not_picked":["Sword Boomerang","Carnage"],"picked":"Impervious","floor":14},{"not_picked":["Juggernaut","Immolate"],"picked":"Demon Form","floor":16},{"not_picked":["Sword Boomerang","Carnage"],"picked":"Metallicize","floor":18},{"not_picked":["Thunderclap","Pummel"],"picked":"Exhume","floor":21},{"not_picked":["Pommel Strike","Havoc"],"picked":"True Grit","floor":27},{"not_picked":["Shrug It Off","Warcry"],"picked":"Flame Barrier","floor":29},{"not_picked":["Demon Form","Immolate"],"picked":"Exhume","floor":33},{"not_picked":["Warcry","Whirlwind"],"picked":"Rage","floor":36},{"not_picked":["Purity","Good Instincts"],"picked":"Dark Shackles","floor":38},{"not_picked":["Anger","Fire Breathing"],"picked":"Havoc","floor":45},{"not_picked":["Burning Pact","Armaments"],"picked":"Warcry","floor":47}],"player_experience":468313,"potions_floor_usage":[7,10,12,12,13,20,23,23,33,33,45,50,50],"damage_taken":[{"damage":1,"enemies":"Cultist","floor":1,"turns":4},{"damage":18,"enemies":"Jaw Worm","floor":2,"turns":4},{"damage":1,"enemies":"2 Louse","floor":3,"turns":3},{"damage":26,"enemies":"3 Sentries","floor":7,"turns":7},{"damage":1,"enemies":"Looter","floor":10,"turns":2},{"damage":11,"enemies":"Blue Slaver","floor":11,"turns":3},{"damage":14,"enemies":"Lagavulin","floor":12,"turns":4},{"damage":9,"enemies":"Lots of Slimes","floor":13,"turns":2},{"damage":10,"enemies":"3 Sentries","floor":14,"turns":7},{"damage":26,"enemies":"Hexaghost","floor":16,"turns":7},{"damage":0,"enemies":"Spheric Guardian","floor":18,"turns":2},{"damage":4,"enemies":"Shell Parasite","floor":20,"turns":5},{"damage":14,"enemies":"Centurion and Healer","floor":21,"turns":7},{"damage":33,"enemies":"Slavers","floor":23,"turns":6},{"damage":0,"enemies":"Gremlin Leader","floor":25,"turns":6},{"damage":51,"enemies":"Slaver and Parasite","floor":27,"turns":6},{"damage":32,"enemies":"Slavers","floor":29,"turns":7},{"damage":20,"enemies":"Cultist and Chosen","floor":31,"turns":6},{"damage":8,"enemies":"Champ","floor":33,"turns":10},{"damage":29,"enemies":"3 Darklings","floor":35,"turns":7},{"damage":17,"enemies":"Mysterious Sphere","floor":36,"turns":6},{"damage":31,"enemies":"2 Orb Walkers","floor":41,"turns":6},{"damage":11,"enemies":"3 Shapes","floor":44,"turns":6},{"damage":6,"enemies":"Sphere and 2 Shapes","floor":45,"turns":4},{"damage":5,"enemies":"3 Darklings","floor":47,"turns":6},{"damage":18,"enemies":"Maw","floor":48,"turns":6},{"damage":85,"enemies":"Donu and Deca","floor":50,"turns":9}],"event_choices":[{"event_name":"Golden Wing","player_choice":"Card Removal","floor":4,"damage_taken":0},{"event_name":"Living Wall","player_choice":"Grow","floor":5,"damage_taken":0},{"event_name":"Transmorgrifier","player_choice":"Transform","floor":19,"damage_taken":0},{"event_name":"Forgotten Altar","player_choice":"Shed Blood","floor":22,"damage_taken":0},{"event_name":"Mysterious Sphere","player_choice":"Fight","floor":36,"damage_taken":0},{"event_name":"SensoryStone","player_choice":"Memory 1","floor":38,"damage_taken":0}],"boss_relics":[{"not_picked":["Calling Bell","Orrery"],"picked":"Pandora\u0027s Box"},{"not_picked":["Sozu","White Beast Statue"],"picked":"Cursed Key"}],"potions_floor_spawned":[1,10,11,12,16,20,27,31,33,36,44,45],"seed_played":"3558811642139724981","ascension_level":11,"is_trial":false}