{"gold_per_floor":[110,123,0,0,20,54,70,70,70,84,84,11,21,34,34,138,138,150,130,30,49,60,60,85,85,85,85,102,112,123,141,141,240,240,260,16,16,28,38,38,69,69,69,69,99,99,111,135,135,135],"floor_reached":51,"playtime":3614,"items_purged":["Strike_G","Strike_G"],"score":1050,"play_id":"22be1e14-31e9-4b19-a6e7-cb88f1d42b04","local_time":"20190226161334","is_ascension_mode":true,"campfire_choices":[{"floor":8,"key":"REST"},{"floor":11,"key":"REST"},{"floor":15,"key":"REST"},{"floor":23,"key":"REST"},{"floor":25,"key":"REST"},{"floor":32,"key":"REST"},{"floor":40,"key":"REST"},{"data":"Cloak And Dagger","floor":44,"key":"SMITH"},{"floor":46,"key":"REST"},{"floor":49,"key":"REST"}],"neow_cost":"NONE","seed_source_timestamp":3699513160735749,"circlet_count":0,"master_deck":["AscendersBane","Defend_G","Defend_G","Defend_G","Defend_G","Defend_G","Strike_G","Strike_G","Strike_G","Survivor","Neutralize","Finisher","Cloak And Dagger+1","Flying Knee","Sucker Punch","Footwork","Noxious Fumes","Quick Slash","Poisoned Stab","Dodge and Roll","Bouncing Flask","Noxious Fumes","Die Die Die","PiercingWail","Footwork","Dodge and Roll+1","Blade Dance","PiercingWail","Deflect","Venomology","Infinite Blades","Master of Strategy","Quick Slash","Concentrate","Deflect","Parasite","Deflect","Doubt"],"relics":["Ring of the Snake","Vajra","Letter Opener","Sundial","Cursed Key","Kunai","Du-Vu Doll","Runic Pyramid","Bottled Lightning","Bird Faced Urn","Smiling Mask","Oddly Smooth Stone"],"potions_floor_usage":[13,16,22,24,30,31,31,39,39,41,45,50,50,50],"damage_taken":[{"damage":2,"enemies":"Jaw Worm","floor":1,"turns":5},{"damage":0,"enemies":"Small Slimes","floor":2,"turns":2},{"damage":3,"enemies":"2 Louse","floor":5,"turns":3},{"damage":39,"enemies":"Lagavulin","floor":6,"turns":11},{"damage":4,"enemies":"Exordium Wildlife","floor":7,"turns":4},{"damage":2,"enemies":"Blue Slaver","floor":10,"turns":5},{"damage":6,"enemies":"Lots of Slimes","floor":13,"turns":3},{"damage":0,"enemies":"Large Slime","floor":14,"turns":6},{"damage":39,"enemies":"The Guardian","floor":16,"turns":9},{"damage":6,"enemies":"Spheric Guardian","floor":18,"turns":4},{"damage":15,"enemies":"2 Thieves","floor":19,"turns":4},{"damage":7,"enemies":"Centurion and Healer","floor":21,"turns":8},{"damage":16,"enemies":"Snake Plant","floor":22,"turns":4},{"damage":21,"enemies":"Book of Stabbing","floor":24,"turns":6},{"damage":0,"enemies":"3 Cultists","floor":28,"turns":5},{"damage":18,"enemies":"Snecko","floor":29,"turns":6},{"damage":0,"enemies":"Centurion and Healer","floor":30,"turns":4},{"damage":18,"enemies":"Snake Plant","floor":31,"turns":4},{"damage":25,"enemies":"Champ","floor":33,"turns":17},{"damage":12,"enemies":"Orb Walker","floor":35,"turns":4},{"damage":17,"enemies":"3 Darklings","floor":38,"turns":6},{"damage":0,"enemies":"Maw","floor":39,"turns":9},{"damage":36,"enemies":"Giant Head","floor":41,"turns":11},{"damage":50,"enemies":"Reptomancer","floor":45,"turns":7},{"damage":4,"enemies":"Jaw Worm Horde","floor":47,"turns":6},{"damage":31,"enemies":"Awakened One","floor":50,"turns":16}],"seed_played":"7582585640243857482","potions_obtained":[{"floor":1,"key":"LiquidBronze"},{"floor":6,"key":"Explosive Potion"},{"floor":10,"key":"FairyPotion"},{"floor":13,"key":"PowerPotion"},{"floor":16,"key":"PowerPotion"},{"floor":24,"key":"FearPotion"},{"floor":29,"key":"Strength Potion"},{"floor":30,"key":"Fire Potion"},{"floor":33,"key":"SpeedPotion"},{"floor":39,"key":"FearPotion"},{"floor":47,"key":"SteroidPotion"}],"is_trial":false,"path_per_floor":["M","M","$","?","M","E","M","R","T","M","R","$","M","M","R","B",null,"M","M","$","M","M","R","E","R","T","?","M","M","M","M","R","B",null,"M","$","?","M","M","R","E","?","T","R","E","R","M","T","R","B",null],"character_chosen":"THE_SILENT","items_purchased":["Flying Knee","Poisoned Stab","Dodge and Roll","Master of Strategy","Quick Slash","Energy Potion"],"campfire_rested":9,"item_purchase_floors":[3,12,12,36,36,36],"current_hp_per_floor":[61,61,61,61,58,19,15,36,36,34,55,55,49,49,70,31,60,54,39,39,32,16,37,16,37,37,37,37,19,19,1,22,7,54,42,42,42,25,25,46,10,61,61,61,19,37,39,39,57,44],"gold":135,"neow_bonus":"RANDOM_COMMON_RELIC","is_prod":false,"is_daily":false,"chose_seed":false,"campfire_upgraded":1,"win_rate":0,"timestamp":1551215614,"path_taken":["M","M","$","?","M","E","M","R","T","M","R","$","M","M","R","BOSS","M","M","$","M","M","R","E","R","T","?","M","M","M","M","R","BOSS","M","$","?","M","M","R","E","?","T","R","E","R","M","?","R","BOSS"],"build_version":"2019-02-06","purchased_purges":2,"victory":true,"max_hp_per_floor":[70,70,70,70,70,70,70,70,70,70,70,70,70,70,70,70,70,70,70,70,70,70,70,70,70,70,70,70,70,70,70,70,70,70,70,70,70,70,70,70,70,61,61,61,61,61,61,61,61,61],"card_choices":[{"not_picked":["Quick Slash","Prepared"],"picked":"Finisher","floor":1},{"not_picked":["Blade Dance","Deadly Poison"],"picked":"Cloak And Dagger","floor":2},{"not_picked":["Riddle With Holes","Sucker Punch","Underhanded Strike"],"picked":"SKIP","floor":5},{"not_picked":["Riddle With Holes","Underhanded Strike"],"picked":"Sucker Punch","floor":5},{"not_picked":["Finisher","Backstab"],"picked":"Footwork","floor":6},{"not_picked":["Underhanded Strike","Tactician"],"picked":"Noxious Fumes","floor":7},{"not_picked":["Eviscerate","Heel Hook"],"picked":"Quick Slash","floor":10},{"not_picked":["All Out Attack","Glass Knife"],"picked":"Bouncing Flask","floor":13},{"not_picked":["Dagger Spray","Choke"],"picked":"Noxious Fumes","floor":14},{"not_picked":["Night Terror","Bullet Time"],"picked":"Die Die Die","floor":16},{"not_picked":["Accuracy","Flying Knee+1","Sucker Punch"],"picked":"SKIP","floor":18},{"not_picked":["Terror","Backflip"],"picked":"PiercingWail","floor":19},{"not_picked":["Outmaneuver","Flying Knee+1"],"picked":"Footwork","floor":21},{"not_picked":["Deflect","Accuracy"],"picked":"Dodge and Roll+1","floor":22},{"not_picked":["Dagger Spray+1","Heel Hook"],"picked":"Blade Dance","floor":24},{"not_picked":["Cloak And Dagger","Poisoned Stab"],"picked":"PiercingWail","floor":28},{"not_picked":["Noxious Fumes","Flying Knee","Blade Dance"],"picked":"SKIP","floor":29},{"not_picked":["Storm of Steel","PiercingWail"],"picked":"Deflect","floor":30},{"not_picked":["Poisoned Stab","Bane","Quick Slash+1"],"picked":"SKIP","floor":31},{"not_picked":["Tools of the Trade","Night Terror"],"picked":"Venomology","floor":33},{"not_picked":["Deadly Poison","Choke+1"],"picked":"Infinite Blades","floor":35},{"not_picked":["Masterful Stab","Underhanded Strike+1","Expertise"],"picked":"SKIP","floor":38},{"not_picked":["Bouncing Flask","Tactician"],"picked":"Concentrate","floor":39},{"not_picked":["Dodge and Roll","Backflip"],"picked":"Deflect","floor":41},{"not_picked":["Footwork","Masterful Stab","Bouncing Flask+1"],"picked":"SKIP","floor":45},{"not_picked":["Prepared","Deadly Poison"],"picked":"Deflect","floor":47}],"player_experience":260638,"relics_obtained":[{"floor":6,"key":"Letter Opener"},{"floor":9,"key":"Sundial"},{"floor":24,"key":"Kunai"},{"floor":26,"key":"Du-Vu Doll"},{"floor":41,"key":"Bottled Lightning"},{"floor":43,"key":"Bird Faced Urn"},{"floor":45,"key":"Smiling Mask"},{"floor":48,"key":"Oddly Smooth Stone"}],"event_choices":[{"damage_healed":0,"gold_gain":0,"player_choice":"Ignored","damage_taken":0,"max_hp_gain":0,"max_hp_loss":0,"event_name":"Golden Idol","floor":4,"gold_loss":0},{"cards_removed":["Injury"],"damage_healed":0,"gold_gain":0,"player_choice":"Elegance","damage_taken":0,"max_hp_gain":0,"max_hp_loss":0,"event_name":"Back to Basics","floor":27,"gold_loss":0},{"damage_healed":0,"gold_gain":0,"player_choice":"Ignored","damage_taken":0,"max_hp_gain":0,"max_hp_loss":0,"event_name":"Mysterious Sphere","floor":37,"gold_loss":0},{"damage_healed":61,"gold_gain":0,"player_choice":"Heal","damage_taken":0,"max_hp_gain":0,"max_hp_loss":9,"event_name":"The Moai Head","floor":42,"gold_loss":0}],"is_beta":true,"boss_relics":[{"not_picked":["Ring of the Serpent","Velvet Choker"],"picked":"Cursed Key"},{"not_picked":["Fusion Hammer","White Beast Statue"],"picked":"Runic Pyramid"}],"items_purged_floors":[3,20],"is_endless":false,"potions_floor_spawned":[1,6,10,13,16,21,24,29,30,33,39,47],"ascension_level":10}