{"gold_per_floor":[368,151,206,206,243,243,278,278,360,398,460,460,539,582,582,681,681,726,50,69,69,69,149,149],"floor_reached":24,"playtime":1731,"items_purged":["Strike_B"],"score":429,"play_id":"d7dfba50-b819-4a09-9dec-fa3c2f622b96","local_time":"20190228222947","is_ascension_mode":true,"campfire_choices":[{"data":"HandOfGreed","floor":6,"key":"SMITH"},{"floor":8,"key":"REST"},{"data":"Coolheaded","floor":12,"key":"SMITH"},{"data":"Defragment","floor":15,"key":"SMITH"}],"neow_cost":"TEN_PERCENT_HP_LOSS","seed_source_timestamp":44004726977530,"circlet_count":0,"master_deck":["AscendersBane","Strike_B","Defend_B","Defend_B","Defend_B","Defend_B","Zap","Dualcast","Cold Snap","HandOfGreed+1","Cold Snap","Rebound","Coolheaded+1","Defragment+1","Echo Form","Echo Form","Apotheosis","Rip and Tear","Steam Power","Chill"],"relics":["Cracked Core","Blood Vial","Bottled Flame","Smiling Mask","Snecko Eye","Letter Opener","Tiny Chest"],"potions_floor_usage":[7,16,23,24],"damage_taken":[{"damage":4,"enemies":"Small Slimes","floor":1,"turns":3},{"damage":12,"enemies":"2 Louse","floor":3,"turns":4},{"damage":7,"enemies":"Jaw Worm","floor":5,"turns":5},{"damage":6,"enemies":"Gremlin Nob","floor":7,"turns":3},{"damage":15,"enemies":"Large Slime","floor":10,"turns":6},{"damage":0,"enemies":"2 Fungi Beasts","floor":11,"turns":4},{"damage":9,"enemies":"3 Sentries","floor":13,"turns":7},{"damage":3,"enemies":"3 Louse","floor":14,"turns":5},{"damage":6,"enemies":"The Guardian","floor":16,"turns":11},{"damage":17,"enemies":"Shell Parasite","floor":18,"turns":7},{"damage":6,"enemies":"Chosen","floor":20,"turns":4},{"damage":32,"enemies":"Book of Stabbing","floor":23,"turns":5},{"damage":28,"enemies":"Snake Plant","floor":24,"turns":3}],"seed_played":"6838657336904864325","potions_obtained":[{"floor":1,"key":"FearPotion"},{"floor":5,"key":"PowerPotion"},{"floor":13,"key":"FearPotion"},{"floor":14,"key":"PowerPotion"},{"floor":23,"key":"LiquidBronze"}],"is_trial":false,"path_per_floor":["M","$","M","?","M","R","E","R","T","M","M","R","E","M","R","B",null,"M","$","M","?","?","E","M"],"character_chosen":"DEFECT","items_purchased":["HandOfGreed","Letter Opener","Echo Form","Apotheosis"],"campfire_rested":1,"item_purchase_floors":[2,19,19,19],"current_hp_per_floor":[60,60,48,48,41,41,35,54,54,41,43,43,36,35,35,31,56,41,41,37,50,50,20,0],"gold":149,"neow_bonus":"TWO_FIFTY_GOLD","is_prod":false,"is_daily":false,"chose_seed":false,"campfire_upgraded":3,"win_rate":0,"timestamp":1551410987,"path_taken":["M","$","M","?","M","R","E","R","T","M","M","R","E","M","R","BOSS","M","$","M","?","?","E","M"],"build_version":"2019-01-23","purchased_purges":1,"victory":false,"max_hp_per_floor":[64,64,64,64,64,64,64,64,64,64,64,64,64,64,64,64,64,64,64,64,64,64,64,64],"card_choices":[{"not_picked":["Self Repair","Rebound"],"picked":"Cold Snap","floor":1},{"not_picked":["Stack","Conserve Battery","Capacitor"],"picked":"SKIP","floor":3},{"not_picked":["Turbo","Reinforced Body","Heatsinks"],"picked":"SKIP","floor":5},{"not_picked":["Streamline","Go for the Eyes"],"picked":"Cold Snap","floor":7},{"not_picked":["Scrape","Sweeping Beam"],"picked":"Rebound","floor":10},{"not_picked":["Gash","Capacitor"],"picked":"Coolheaded","floor":11},{"not_picked":["Compile Driver","Sweeping Beam"],"picked":"Defragment","floor":13},{"not_picked":["Multi-Cast","Fusion","Rebound"],"picked":"SKIP","floor":14},{"not_picked":["Thunder Strike","Buffer"],"picked":"Echo Form","floor":16},{"not_picked":["Cold Snap","Static Discharge","Rebound"],"picked":"SKIP","floor":18},{"not_picked":["Compile Driver","Beam Cell+1","Leap"],"picked":"SKIP","floor":20},{"not_picked":["Coolheaded","Rip and Tear"],"picked":"Chill","floor":23}],"player_experience":559564,"relics_obtained":[{"floor":7,"key":"Blood Vial"},{"floor":9,"key":"Bottled Flame"},{"floor":13,"key":"Smiling Mask"},{"floor":23,"key":"Tiny Chest"}],"event_choices":[{"damage_healed":0,"gold_gain":0,"player_choice":"Ignored","damage_taken":0,"max_hp_gain":0,"max_hp_loss":0,"event_name":"Liars Game","floor":4,"gold_loss":0},{"damage_healed":13,"gold_gain":0,"player_choice":"Heal","damage_taken":0,"max_hp_gain":0,"max_hp_loss":0,"event_name":"The Library","floor":21,"gold_loss":0},{"damage_healed":0,"gold_gain":0,"cards_transformed":["Strike_B","Strike_B"],"player_choice":"Became Test Subject","damage_taken":0,"max_hp_gain":0,"max_hp_loss":0,"event_name":"Drug Dealer","floor":22,"gold_loss":0,"cards_obtained":["Rip and Tear","Steam Power"]}],"is_beta":false,"boss_relics":[{"not_picked":["Runic Pyramid","Tiny House"],"picked":"Snecko Eye"}],"items_purged_floors":[19],"is_endless":false,"potions_floor_spawned":[1,5,13,14,23],"killed_by":"Snake Plant","ascension_level":18}