{"path_per_floor":["M","M","T","T","?","R","E","R","T","E","$","?","E","M","R","B",null,"M","?","?","M","?","E","$","R","T","M","R","?","T","$","R","B",null,"M","?","?","$","M","R","?","M","T","M","M","M","M","?","R","B"],"character_chosen":"THE_SILENT","items_purchased":["Vajra","Infinite Blades","Reflex"],"gold_per_floor":[143,156,224,224,224,224,259,259,259,285,64,64,92,110,110,205,205,216,216,216,236,161,192,42,42,95,105,105,105,105,5,5,106,106,123,172,172,47,57,57,57,75,75,88,103,118,131,0,0,0],"floor_reached":51,"campfire_rested":0,"playtime":4975,"current_hp_per_floor":[65,64,64,71,64,64,58,58,58,53,53,53,53,53,53,35,77,68,68,68,68,68,66,66,66,66,47,47,47,47,47,47,47,77,77,71,71,71,71,71,61,61,61,61,61,61,58,58,58,59],"items_purged":["Defend_G","Defend_G","Defend_G"],"gold":0,"score":722,"play_id":"ba724bb6-bb3f-4302-acc3-047933fdabe4","is_prod":false,"is_daily":false,"is_ascension_mode":true,"campfire_upgraded":3,"path_taken":["M","M","?","?","?","R","E","R","T","E","?","?","E","M","R","BOSS","M","?","?","?","?","E","$","R","T","M","R","?","?","?","R","BOSS","M","?","?","$","M","R","?","?","T","M","M","M","M","?","R","BOSS"],"build_version":"2018-02-08-BETA1","purchased_purges":3,"victory":true,"master_deck":["Survivor+1","Neutralize+1","After Image","Backflip","Backflip","Infinite Blades","Infinite Blades","Noxious Fumes","Tactician+1","Acrobatics+1","PiercingWail","Well Laid Plans","Reflex","Skewer+1","Prepared","Madness","Madness"],"max_hp_per_floor":[70,70,70,77,77,77,77,77,77,77,77,77,77,77,77,77,77,77,77,77,77,77,77,77,77,77,77,77,77,77,77,77,77,77,77,77,77,77,77,77,77,77,77,77,77,77,77,77,77,77],"relics":["Ring of the Snake","Tiny Chest","Mercury Hourglass","Strawberry","Matryoshka","Bag of Preparation","Peace Pipe","Bottled Tornado","Vajra","Whetstone","Runic Dome","Omamori","Lantern","Orichalcum","Prayer Wheel","Orrery","Unceasing Top","Bronze Scales","Red Mask"],"card_choices":[{"not_picked":["Poisoned Stab","Reflex"],"picked":"After Image"},{"not_picked":["Caltrops","Leg Sweep"],"picked":"Backflip"},{"not_picked":["Prepared","Underhanded Strike"],"picked":"Backflip"},{"not_picked":["Venomology","Night Terror"],"picked":"Infinite Blades"},{"not_picked":["Well Laid Plans","Backflip"],"picked":"Noxious Fumes"},{"not_picked":["Venomology","Corpse Explosion"],"picked":"Tactician"},{"not_picked":["Poisoned Stab","Heel Hook"],"picked":"Acrobatics"},{"not_picked":["Poisoned Stab","Finisher"],"picked":"PiercingWail"},{"not_picked":["Sucker Punch","Calculated Gamble"],"picked":"Well Laid Plans"},{"not_picked":["Blade Dance","Backflip"],"picked":"Skewer"},{"not_picked":["Deflect","Well Laid Plans"],"picked":"Envenom"},{"not_picked":["All Out Attack","Underhanded Strike"],"picked":"Prepared"}],"player_experience":61829,"potions_floor_usage":[7,23,23,36,47,47,50],"damage_taken":[{"damage":5,"enemies":"Cultist","floor":1,"turns":5},{"damage":1,"enemies":"Small Slimes","floor":2,"turns":6},{"damage":6,"enemies":"Lagavulin","floor":7,"turns":9},{"damage":5,"enemies":"3 Sentries","floor":10,"turns":7},{"damage":0,"enemies":"Lagavulin","floor":13,"turns":6},{"damage":0,"enemies":"Jaw Worm","floor":14,"turns":2},{"damage":18,"enemies":"Hexaghost","floor":16,"turns":9},{"damage":9,"enemies":"Chosen","floor":18,"turns":5},{"damage":0,"enemies":"Shell Parasite","floor":21,"turns":5},{"damage":2,"enemies":"Slavers","floor":23,"turns":5},{"damage":19,"enemies":"Chosen and Byrds","floor":27,"turns":5},{"damage":0,"enemies":"Champ","floor":33,"turns":5},{"damage":0,"enemies":"Orb Walker","floor":35,"turns":4},{"damage":6,"enemies":"Mysterious Sphere","floor":36,"turns":6},{"damage":0,"enemies":"Flame Bruiser 1 Orb","floor":39,"turns":2},{"damage":0,"enemies":"Maw","floor":42,"turns":2},{"damage":0,"enemies":"Flame Bruiser 2 Orb","floor":44,"turns":2},{"damage":0,"enemies":"4 Shapes","floor":45,"turns":3},{"damage":0,"enemies":"Spire Growth","floor":46,"turns":3},{"damage":3,"enemies":"Flame Bruiser 2 Orb","floor":47,"turns":4},{"damage":2,"enemies":"Donu and Deca","floor":50,"turns":3}],"event_choices":[{"event_name":"Golden Wing","player_choice":"Card Removal","floor":5,"damage_taken":0},{"event_name":"Transmorgrifier","player_choice":"Transform","floor":12,"damage_taken":0},{"event_name":"Vampires","player_choice":"Ignored","floor":19,"damage_taken":0},{"event_name":"Cursed Tome","player_choice":"Ignored","floor":20,"damage_taken":0},{"event_name":"Beggar","player_choice":"Gave Gold","floor":22,"damage_taken":0},{"event_name":"The Mausoleum","player_choice":"No","floor":29,"damage_taken":0},{"event_name":"Mysterious Sphere","player_choice":"Fight","floor":36,"damage_taken":0},{"event_name":"Winding Halls","player_choice":"Embrace Madness","floor":41,"damage_taken":0},{"event_name":"Tomb of Lord Red Mask","player_choice":"Paid","floor":48,"damage_taken":0}],"boss_relics":[{"not_picked":["Question Card","Calling Bell"],"picked":"Runic Dome"},{"not_picked":["White Beast Statue","Eternal Feather"],"picked":"Orrery"}],"potions_floor_spawned":[2,10,14,21,23,35,42],"seed_played":"1763859613059080691","ascension_level":4,"is_trial":false}