{"gold_per_floor":[113,133,133,133,144,144,175,175,175,175,185,185,215,215,215,320,320,338,253,203,217,232,232,260,260,260,260,275,286,286,301,301,402,402,414,414,434,450,496,496,531,293,317,317,329,70,70,88,88,88],"floor_reached":51,"playtime":15408,"items_purged":["Strike_R","Strike_R"],"score":1083,"play_id":"56952675-889f-46a2-98ac-7589133a8729","local_time":"20190226223325","is_ascension_mode":true,"campfire_choices":[{"data":"Twin Strike","floor":6,"key":"SMITH"},{"data":"Offering","floor":8,"key":"SMITH"},{"data":"Cleave","floor":10,"key":"SMITH"},{"data":"Twin Strike","floor":12,"key":"SMITH"},{"data":"Strike_R","floor":15,"key":"PURGE"},{"data":"Barricade","floor":23,"key":"SMITH"},{"data":"Metallicize","floor":27,"key":"SMITH"},{"data":"Body Slam","floor":30,"key":"SMITH"},{"data":"Entrench","floor":32,"key":"SMITH"},{"data":"Metallicize","floor":40,"key":"SMITH"},{"data":"Impervious","floor":44,"key":"SMITH"},{"floor":47,"key":"REST"},{"floor":49,"key":"REST"}],"neow_cost":"NONE","seed_source_timestamp":997881085788271,"circlet_count":0,"master_deck":["AscendersBane","Strike_R","Defend_R","Defend_R","Defend_R","Defend_R","Bash+1","Twin Strike+1","Cleave+1","Offering+1","Twin Strike+1","Barricade+1","Headbutt+1","Entrench+1","Metallicize+1","Body Slam+1","Shrug It Off+1","Evolve+1","Flame Barrier","Metallicize+1","Dual Wield+1","Impervious+1","Disarm+1","Exhume","Ghostly Armor+1"],"relics":["Burning Blood","Juzu Bracelet","Mango","Self Forming Clay","Meat on the Bone","Peace Pipe","Sozu","Shuriken","Omamori","Darkstone Periapt","Mark of Pain","Incense Burner","Blue Candle","Strawberry"],"potions_floor_usage":[7,16],"damage_taken":[{"damage":3,"enemies":"Jaw Worm","floor":1,"turns":5},{"damage":2,"enemies":"2 Louse","floor":2,"turns":3},{"damage":0,"enemies":"Small Slimes","floor":5,"turns":2},{"damage":32,"enemies":"Gremlin Nob","floor":7,"turns":4},{"damage":6,"enemies":"2 Fungi Beasts","floor":11,"turns":2},{"damage":23,"enemies":"Lagavulin","floor":13,"turns":4},{"damage":22,"enemies":"Slime Boss","floor":16,"turns":13},{"damage":10,"enemies":"Shell Parasite","floor":18,"turns":6},{"damage":12,"enemies":"Spheric Guardian","floor":21,"turns":3},{"damage":24,"enemies":"Snake Plant","floor":22,"turns":3},{"damage":24,"enemies":"Gremlin Leader","floor":24,"turns":5},{"damage":10,"enemies":"Chosen and Byrds","floor":28,"turns":5},{"damage":6,"enemies":"Snecko","floor":29,"turns":4},{"damage":26,"enemies":"Snake Plant","floor":31,"turns":5},{"damage":17,"enemies":"Automaton","floor":33,"turns":15},{"damage":41,"enemies":"3 Darklings","floor":35,"turns":5},{"damage":10,"enemies":"3 Shapes","floor":37,"turns":4},{"damage":22,"enemies":"Sphere and 2 Shapes","floor":38,"turns":21},{"damage":28,"enemies":"2 Orb Walkers","floor":39,"turns":6},{"damage":6,"enemies":"Reptomancer","floor":41,"turns":7},{"damage":57,"enemies":"Writhing Mass","floor":45,"turns":11},{"damage":44,"enemies":"Jaw Worm Horde","floor":48,"turns":6},{"damage":29,"enemies":"Awakened One","floor":50,"turns":10}],"seed_played":"1187874689498767489","potions_obtained":[{"floor":2,"key":"PowerPotion"},{"floor":13,"key":"FearPotion"}],"is_trial":false,"path_per_floor":["M","M","?","?","M","R","E","R","T","R","M","R","E","?","R","B",null,"M","?","?","M","M","R","E","?","T","R","M","M","R","M","R","B",null,"M","?","M","M","?","R","E","$","T","R","M","$","R","M","R","B",null],"character_chosen":"IRONCLAD","items_purchased":["Impervious","Exhume"],"campfire_rested":2,"item_purchase_floors":[42,46],"current_hp_per_floor":[75,79,79,75,81,81,55,55,55,55,55,55,50,81,81,65,87,83,83,83,77,59,59,53,53,53,53,61,61,61,53,53,54,84,61,61,57,53,43,43,55,55,62,62,23,23,53,27,57,46],"gold":88,"neow_bonus":"RANDOM_COMMON_RELIC","is_prod":false,"is_daily":false,"chose_seed":false,"campfire_upgraded":10,"win_rate":0,"timestamp":1551216805,"path_taken":["M","M","?","?","M","R","E","R","T","R","M","R","E","?","R","BOSS","M","?","?","M","M","R","E","?","T","R","M","M","R","M","R","BOSS","M","?","M","M","?","R","E","?","T","R","M","$","R","M","R","BOSS"],"build_version":"2019-01-23","purchased_purges":2,"victory":true,"max_hp_per_floor":[80,80,80,94,94,94,94,94,94,94,94,94,94,94,94,94,94,94,94,94,94,94,94,94,94,94,94,94,94,94,94,94,94,94,94,94,94,94,94,94,94,94,101,101,101,101,101,101,101,101],"card_choices":[{"not_picked":["Pummel","Rupture"],"picked":"Twin Strike","floor":1},{"not_picked":["Sentinel","Anger","Warcry"],"picked":"SKIP","floor":2},{"not_picked":["Carnage","Seeing Red"],"picked":"Cleave","floor":5},{"not_picked":["Clothesline","Pommel Strike"],"picked":"Offering","floor":7},{"not_picked":["Thunderclap","Headbutt"],"picked":"Twin Strike","floor":11},{"not_picked":["Flex","Sentinel","Anger"],"picked":"SKIP","floor":13},{"not_picked":["Berserk","Dark Embrace"],"picked":"Barricade","floor":16},{"not_picked":["Havoc+1","Wild Strike"],"picked":"Headbutt+1","floor":18},{"not_picked":["Dropkick+1","Clash","Twin Strike"],"picked":"SKIP","floor":21},{"not_picked":["Clothesline","Wild Strike","Thunderclap"],"picked":"SKIP","floor":22},{"not_picked":["Spot Weakness","Second Wind+1"],"picked":"Entrench","floor":24},{"not_picked":["Armaments","Intimidate+1"],"picked":"Body Slam","floor":28},{"not_picked":["Sever Soul","Cleave"],"picked":"Shrug It Off+1","floor":29},{"not_picked":["Rampage+1","Intimidate"],"picked":"Evolve+1","floor":31},{"not_picked":["Fiend Fire","Brutality"],"picked":"Demon Form","floor":33},{"not_picked":["Searing Blow","Pommel Strike+1"],"picked":"Flame Barrier","floor":35},{"not_picked":["Warcry","Hemokinesis+1","Sentinel+1"],"picked":"SKIP","floor":37},{"not_picked":["Pommel Strike","Wild Strike"],"picked":"Metallicize","floor":38},{"not_picked":["Battle Trance+1","Clothesline"],"picked":"Dual Wield+1","floor":41},{"not_picked":["Intimidate+1","Seeing Red+1"],"picked":"Disarm+1","floor":45},{"not_picked":["Dark Embrace","Heavy Blade"],"picked":"Ghostly Armor+1","floor":48}],"player_experience":561420,"relics_obtained":[{"floor":7,"key":"Self Forming Clay"},{"floor":9,"key":"Meat on the Bone"},{"floor":13,"key":"Peace Pipe"},{"floor":24,"key":"Omamori"},{"floor":26,"key":"Darkstone Periapt"},{"floor":39,"key":"Incense Burner"},{"floor":41,"key":"Blue Candle"},{"floor":43,"key":"Strawberry"}],"event_choices":[{"damage_healed":0,"gold_gain":0,"player_choice":"Grow","damage_taken":0,"max_hp_gain":0,"max_hp_loss":0,"event_name":"Living Wall","floor":3,"gold_loss":0,"cards_upgraded":["Bash"]},{"damage_healed":0,"gold_gain":0,"player_choice":"Success","damage_taken":18,"relics_obtained":["Mango"],"max_hp_gain":0,"max_hp_loss":0,"event_name":"Scrap Ooze","floor":4,"gold_loss":0},{"damage_healed":31,"gold_gain":0,"player_choice":"Banana","damage_taken":0,"max_hp_gain":0,"max_hp_loss":0,"event_name":"Big Fish","floor":14,"gold_loss":0},{"damage_healed":0,"gold_gain":0,"player_choice":"Obtained Relic","damage_taken":0,"relics_obtained":["Shuriken"],"max_hp_gain":0,"max_hp_loss":0,"event_name":"Addict","floor":19,"gold_loss":85},{"damage_healed":0,"gold_gain":0,"player_choice":"Bet on Owner","damage_taken":0,"max_hp_gain":0,"max_hp_loss":0,"event_name":"The Joust","floor":20,"gold_loss":50},{"damage_healed":0,"gold_gain":0,"cards_transformed":["Strike_R"],"player_choice":"Transformed","damage_taken":0,"max_hp_gain":0,"max_hp_loss":0,"event_name":"Transmorgrifier","floor":25,"gold_loss":0,"cards_obtained":["Metallicize"]},{"cards_removed":["Demon Form"],"damage_healed":0,"gold_gain":0,"player_choice":"Removed Power","damage_taken":0,"max_hp_gain":0,"max_hp_loss":0,"event_name":"Falling","floor":36,"gold_loss":0},{"damage_healed":0,"gold_gain":0,"player_choice":"Fight","damage_taken":0,"max_hp_gain":0,"max_hp_loss":0,"event_name":"Mysterious Sphere","floor":39,"gold_loss":0}],"is_beta":false,"boss_relics":[{"not_picked":["Runic Cube","Black Blood"],"picked":"Sozu"},{"not_picked":["White Beast Statue","Orrery"],"picked":"Mark of Pain"}],"items_purged_floors":[42,46],"is_endless":false,"potions_floor_spawned":[2,13,22,29,31,38,45,48],"ascension_level":10}