{"path_per_floor":["M","M","?","M","M","E","R","E","T","M","M","M","E","M","R","B",null,"M","M","$","M","M","?","R","E","T","R","M","E","T","E","R","B",null,"M","?","?","?","M","E","R","E","T","M","M","R","E","M","R","B"],"character_chosen":"DEFECT","items_purchased":["Defragment","Mercury Hourglass","Stack"],"gold_per_floor":[117,128,128,147,161,194,194,229,229,245,263,280,312,328,328,400,400,400,355,15,15,15,15,15,15,15,15,15,15,15,15,15,15,15,15,15,15,15,15,15,15,15,15,15,15,15,15,15,15,15],"floor_reached":51,"campfire_rested":6,"playtime":4039,"item_purchase_floors":[20,20,20],"current_hp_per_floor":[67,67,72,68,67,35,35,33,33,33,32,29,3,3,30,27,74,60,49,49,47,37,37,64,49,49,49,28,23,23,5,32,32,76,64,54,54,54,54,35,62,62,62,38,43,70,58,58,85,20],"items_purged":[],"gold":15,"score":1618,"play_id":"db8792c6-5df9-423b-a744-cca68e25ee41","local_time":"20180526195515","is_prod":false,"is_daily":false,"chose_seed":false,"is_ascension_mode":true,"campfire_upgraded":2,"win_rate":0,"timestamp":1527389715,"campfire_choices":[{"data":"Beam Cell","floor":7,"key":"SMITH"},{"floor":15,"key":"REST"},{"floor":24,"key":"REST"},{"data":"Defragment","floor":27,"key":"SMITH"},{"floor":32,"key":"REST"},{"floor":41,"key":"REST"},{"floor":46,"key":"REST"},{"floor":49,"key":"REST"}],"path_taken":["M","M","?","M","M","E","R","E","T","M","M","M","E","M","R","BOSS","M","?","$","M","M","?","R","E","T","R","M","E","?","E","R","BOSS","M","?","?","?","M","E","R","E","T","M","M","R","E","M","R","BOSS"],"build_version":"2018-05-25","seed_source_timestamp":20990110000732,"purchased_purges":0,"victory":true,"master_deck":["Strike_B","Strike_B","Strike_B","Strike_B","Defend_B","Defend_B","Defend_B","Defend_B","Dualcast","AscendersBane","Coolheaded","Go for the Eyes","Beam Cell+1","Sunder","BootSequence","Coolheaded","White Noise","Go for the Eyes","Ball Lightning","All For One","Hologram","Fission","Steam","Defragment+1","Stack","Leap","Capacitor+1","Chaos","Consume+1","Rainbow","Coolheaded","Apotheosis","Panache","Injury","Turbo+1","Skim+1","Go for the Eyes+1","Gash","Leap","Creative AI"],"max_hp_per_floor":[78,78,83,83,83,83,83,90,90,90,90,90,90,90,90,90,90,90,90,90,90,90,90,90,90,90,90,90,90,90,90,90,90,90,90,90,90,90,90,90,90,90,90,90,90,90,90,90,90,90],"relics":["Cracked Core","Kunai","Strawberry","Letter Opener","Unceasing Top","Ectoplasm","Mercury Hourglass","Lantern","DataDisk","Tiny Chest","Boot","Ornamental Fan","Cursed Key","Sundial","War Paint","Happy Flower"],"card_choices":[{"not_picked":["Conserve Battery","Compile Driver"],"picked":"Coolheaded","floor":1},{"not_picked":["Steam","Hologram"],"picked":"Go for the Eyes","floor":2},{"not_picked":["Reprogram","Meteor Strike"],"picked":"Beam Cell","floor":4},{"not_picked":["Go for the Eyes","Chaos"],"picked":"Sunder","floor":5},{"not_picked":["Redo","Compile Driver"],"picked":"BootSequence","floor":6},{"not_picked":["BootSequence","Steam"],"picked":"Coolheaded","floor":8},{"not_picked":["Storm","Barrage"],"picked":"White Noise","floor":10},{"not_picked":["Hello World","Go for the Eyes","Rip and Tear"],"picked":"SKIP","floor":11},{"not_picked":["Hello World","Rip and Tear"],"picked":"Go for the Eyes","floor":11},{"not_picked":["Blizzard","Turbo"],"picked":"Ball Lightning","floor":12},{"not_picked":["Sweeping Beam","Turbo"],"picked":"All For One","floor":13},{"not_picked":["Tempest","Sunder"],"picked":"Hologram","floor":14},{"not_picked":["Rainbow","Reboot"],"picked":"Fission","floor":16},{"not_picked":["Redo","Auto Shields"],"picked":"Steam","floor":18},{"not_picked":["Storm+1","Scrape","Coolheaded"],"picked":"SKIP","floor":19},{"not_picked":["Chill","Heatsinks+1"],"picked":"Leap","floor":21},{"not_picked":["Rebound","Barrage","Sweeping Beam"],"picked":"SKIP","floor":22},{"not_picked":["Redo","Thunder Strike","Beam Cell"],"picked":"SKIP","floor":25},{"not_picked":["Melter","Compile Driver","Sweeping Beam"],"picked":"SKIP","floor":28},{"not_picked":["Coolheaded","Redo"],"picked":"Chaos","floor":29},{"not_picked":["Compile Driver","Go for the Eyes"],"picked":"Consume","floor":31},{"not_picked":["Core Surge","Biased Cognition"],"picked":"Rainbow","floor":33},{"not_picked":["Steam Power","Compile Driver"],"picked":"Coolheaded","floor":35},{"not_picked":["Mind Blast","Jack Of All Trades"],"picked":"Apotheosis","floor":36},{"not_picked":["Bandage Up","Enlightenment"],"picked":"Panache","floor":36},{"not_picked":["Skim","Sweeping Beam"],"picked":"Turbo","floor":39},{"not_picked":["Hyperbeam","Coolheaded","Cold Snap+1"],"picked":"SKIP","floor":40},{"not_picked":["Ball Lightning","Redo"],"picked":"Skim+1","floor":42},{"not_picked":["Ball Lightning+1","Streamline"],"picked":"Go for the Eyes+1","floor":44},{"not_picked":["Go for the Eyes","Loop"],"picked":"Gash","floor":45},{"not_picked":["Coolheaded","Turbo"],"picked":"Leap","floor":47},{"not_picked":["Sweeping Beam","Stack"],"picked":"Creative AI","floor":48}],"player_experience":1645618,"potions_floor_usage":[5,8,13,25,25,29,31,31,50],"damage_taken":[{"damage":4,"enemies":"2 Louse","floor":1,"turns":4},{"damage":0,"enemies":"Small Slimes","floor":2,"turns":5},{"damage":4,"enemies":"Cultist","floor":4,"turns":3},{"damage":1,"enemies":"Lots of Slimes","floor":5,"turns":3},{"damage":32,"enemies":"Gremlin Nob","floor":6,"turns":5},{"damage":9,"enemies":"3 Sentries","floor":8,"turns":9},{"damage":0,"enemies":"Exordium Thugs","floor":10,"turns":3},{"damage":1,"enemies":"Looter","floor":11,"turns":2},{"damage":3,"enemies":"3 Louse","floor":12,"turns":2},{"damage":26,"enemies":"Gremlin Nob","floor":13,"turns":4},{"damage":0,"enemies":"Blue Slaver","floor":14,"turns":2},{"damage":10,"enemies":"The Guardian","floor":16,"turns":12},{"damage":14,"enemies":"Chosen","floor":18,"turns":5},{"damage":11,"enemies":"2 Thieves","floor":19,"turns":3},{"damage":2,"enemies":"Centurion and Healer","floor":21,"turns":6},{"damage":10,"enemies":"Snake Plant","floor":22,"turns":5},{"damage":15,"enemies":"Gremlin Leader","floor":25,"turns":7},{"damage":21,"enemies":"3 Cultists","floor":28,"turns":5},{"damage":5,"enemies":"Slavers","floor":29,"turns":4},{"damage":18,"enemies":"Book of Stabbing","floor":31,"turns":4},{"damage":0,"enemies":"Champ","floor":33,"turns":15},{"damage":12,"enemies":"3 Darklings","floor":35,"turns":4},{"damage":0,"enemies":"3 Shapes","floor":39,"turns":4},{"damage":19,"enemies":"Nemesis","floor":40,"turns":5},{"damage":0,"enemies":"Giant Head","floor":42,"turns":8},{"damage":24,"enemies":"Spire Growth","floor":44,"turns":4},{"damage":2,"enemies":"Maw","floor":45,"turns":6},{"damage":12,"enemies":"2 Orb Walkers","floor":47,"turns":3},{"damage":0,"enemies":"4 Shapes","floor":48,"turns":6},{"damage":65,"enemies":"Donu and Deca","floor":50,"turns":7}],"relics_obtained":[{"floor":6,"key":"Kunai"},{"floor":8,"key":"Strawberry"},{"floor":9,"key":"Letter Opener"},{"floor":13,"key":"Unceasing Top"},{"floor":25,"key":"Lantern"},{"floor":26,"key":"DataDisk"},{"floor":29,"key":"Tiny Chest"},{"floor":30,"key":"Boot"},{"floor":31,"key":"Ornamental Fan"},{"floor":40,"key":"Sundial"},{"floor":42,"key":"War Paint"},{"floor":47,"key":"Happy Flower"}],"event_choices":[{"event_name":"Big Fish","player_choice":"Donut","floor":3,"damage_taken":0},{"event_name":"The Library","player_choice":"Read","floor":23,"damage_taken":0},{"event_name":"SensoryStone","player_choice":"Memory 3","floor":36,"damage_taken":0},{"event_name":"Accursed Blacksmith","player_choice":"Forge","floor":38,"damage_taken":0}],"boss_relics":[{"not_picked":["Tiny House","Black Star"],"picked":"Ectoplasm"},{"not_picked":["White Beast Statue","Lizard Tail"],"picked":"Cursed Key"}],"items_purged_floors":[],"potions_floor_spawned":[1,2,10,12,13,14,21,28,29,35,44,45,48],"seed_played":"-5469132774170902417","ascension_level":15,"potions_obtained":[{"floor":1,"key":"SkillPotion"},{"floor":2,"key":"Explosive Potion"},{"floor":10,"key":"FairyPotion"},{"floor":12,"key":"FearPotion"},{"floor":13,"key":"GamblersBrew"},{"floor":14,"key":"Energy Potion"},{"floor":21,"key":"Strength Potion"},{"floor":28,"key":"Fire Potion"},{"floor":29,"key":"FearPotion"},{"floor":35,"key":"Energy Potion"},{"floor":44,"key":"Fire Potion"},{"floor":45,"key":"AttackPotion"},{"floor":48,"key":"Fire Potion"}],"is_trial":false}