{"gold_per_floor":[110,110,126,126,0,0,28,28,28,28,47,375,375,386,386,485,485,495,13,30,30,30],"floor_reached":22,"playtime":1101,"items_purged":["Strike_R","Combust"],"score":211,"play_id":"e8b90a61-8dcc-443e-b2a0-eb834153376e","local_time":"20190218010706","is_ascension_mode":true,"campfire_choices":[{"data":"Shrug It Off","floor":6,"key":"SMITH"},{"data":"Limit Break","floor":8,"key":"SMITH"},{"data":"Inflame","floor":13,"key":"SMITH"},{"floor":15,"key":"REST"}],"neow_cost":"NONE","seed_source_timestamp":2956486834183072,"circlet_count":0,"master_deck":["Strike_R","Strike_R","Strike_R","Strike_R+1","Defend_R+1","Defend_R","Defend_R","Defend_R","Bash","Cleave+1","Shrug It Off+1","Limit Break+1","Inflame+1","Impervious","Feed","True Grit","Thunderclap","Clothesline","Burning Pact","Brutality"],"relics":["Burning Blood","Bag of Preparation","Bottled Lightning","Old Coin","Orrery","StoneCalendar"],"potions_floor_usage":[1,7,7,14,16,16,18,20,20,21,21],"damage_taken":[{"damage":10,"enemies":"Small Slimes","floor":1,"turns":6},{"damage":1,"enemies":"Cultist","floor":3,"turns":4},{"damage":15,"enemies":"Lagavulin","floor":7,"turns":9},{"damage":0,"enemies":"2 Louse","floor":11,"turns":2},{"damage":27,"enemies":"Gremlin Nob","floor":12,"turns":4},{"damage":0,"enemies":"Looter","floor":14,"turns":3},{"damage":19,"enemies":"Hexaghost","floor":16,"turns":7},{"damage":43,"enemies":"Spheric Guardian","floor":18,"turns":8},{"damage":23,"enemies":"3 Byrds","floor":20,"turns":4},{"damage":23,"enemies":"Colosseum Slavers","floor":21,"turns":6},{"damage":20,"enemies":"Snake Plant","floor":22,"turns":4}],"seed_played":"2894014936327153526","potions_obtained":[{"floor":0,"key":"SpeedPotion"},{"floor":0,"key":"PowerPotion"},{"floor":0,"key":"EssenceOfSteel"},{"floor":11,"key":"SpeedPotion"},{"floor":12,"key":"Energy Potion"},{"floor":14,"key":"Swift Potion"},{"floor":16,"key":"LiquidBronze"},{"floor":18,"key":"BloodPotion"},{"floor":20,"key":"Energy Potion"}],"is_trial":false,"path_per_floor":["M","?","M","?","$","R","E","R","T","$","M","E","R","M","R","B",null,"M","$","M","?","M"],"character_chosen":"IRONCLAD","items_purchased":["Strength Potion","StoneCalendar","Ancient Potion"],"campfire_rested":1,"item_purchase_floors":[5,19,19],"current_hp_per_floor":[76,76,80,64,64,64,55,55,55,55,61,40,40,46,70,57,80,46,46,37,20,0],"gold":30,"neow_bonus":"THREE_SMALL_POTIONS","is_prod":false,"is_daily":false,"chose_seed":false,"campfire_upgraded":3,"win_rate":0,"timestamp":1550470026,"path_taken":["M","?","?","?","$","R","E","R","T","$","M","E","R","M","R","BOSS","M","$","M","?","M"],"build_version":"2019-02-06","purchased_purges":2,"victory":false,"max_hp_per_floor":[80,80,80,80,80,80,80,80,80,80,80,80,80,80,80,80,80,83,83,83,83,83],"card_choices":[{"not_picked":["Warcry","Sword Boomerang"],"picked":"Cleave","floor":1},{"not_picked":["Clothesline","Rampage"],"picked":"Shrug It Off","floor":3},{"not_picked":["Thunderclap","Body Slam"],"picked":"Limit Break","floor":7},{"not_picked":["Anger","Thunderclap"],"picked":"Inflame","floor":11},{"not_picked":["Entrench","Twin Strike"],"picked":"Impervious","floor":12},{"not_picked":["Body Slam","Twin Strike"],"picked":"Combust","floor":14},{"not_picked":["Berserk","Double Tap"],"picked":"Feed","floor":16},{"not_picked":["Dual Wield","Corruption"],"picked":"True Grit","floor":17},{"not_picked":["Armaments","Fire Breathing"],"picked":"Thunderclap","floor":17},{"not_picked":["Rampage","Anger"],"picked":"Clothesline","floor":17},{"not_picked":["Spot Weakness","Armaments"],"picked":"Burning Pact","floor":18},{"not_picked":["Iron Wave","Twin Strike+1"],"picked":"Brutality","floor":20}],"player_experience":133803,"relics_obtained":[{"floor":7,"key":"Bag of Preparation"},{"floor":9,"key":"Bottled Lightning"},{"floor":12,"key":"Old Coin"}],"event_choices":[{"damage_healed":0,"gold_gain":0,"player_choice":"Upgraded","damage_taken":0,"max_hp_gain":0,"max_hp_loss":0,"event_name":"Upgrade Shrine","floor":2,"gold_loss":0,"cards_upgraded":["Cleave"]},{"damage_healed":0,"gold_gain":0,"player_choice":"Entered Light","damage_taken":16,"max_hp_gain":0,"max_hp_loss":0,"event_name":"Shining Light","floor":4,"gold_loss":0,"cards_upgraded":["Strike_R","Defend_R"]},{"damage_healed":0,"gold_gain":0,"player_choice":"Fight","damage_taken":0,"max_hp_gain":0,"max_hp_loss":0,"event_name":"Colosseum","floor":21,"gold_loss":0},{"damage_healed":0,"gold_gain":0,"player_choice":"Fled From Nobs","damage_taken":0,"max_hp_gain":0,"max_hp_loss":0,"event_name":"Colosseum","floor":21,"gold_loss":0}],"is_beta":true,"boss_relics":[{"not_picked":["Calling Bell","Runic Cube"],"picked":"Orrery"}],"items_purged_floors":[5,19],"is_endless":false,"potions_floor_spawned":[11,12,14,16,18,20,21],"killed_by":"Snake Plant","ascension_level":2}