{"gold_per_floor":[219,219,16,34,53,53,78,78,152,152,182,182,182,217,217,217],"floor_reached":16,"playtime":795,"items_purged":["Strike_R"],"score":117,"play_id":"6aa713f3-0edc-48a7-b98d-a0c815faf07b","local_time":"20190219120313","is_ascension_mode":true,"campfire_choices":[{"data":"Armaments","floor":6,"key":"SMITH"},{"data":"Shrug It Off","floor":8,"key":"SMITH"},{"floor":10,"key":"REST"},{"floor":12,"key":"REST"},{"floor":15,"key":"REST"}],"neow_cost":"NONE","seed_source_timestamp":3082553511320979,"circlet_count":0,"master_deck":["Strike_R","Strike_R","Strike_R","Defend_R+1","Defend_R","Defend_R","Defend_R","Bash","Shrug It Off+1","Pummel","Flex+1","Armaments+1","Exhume","Uppercut","Iron Wave"],"relics":["Burning Blood","War Paint","Dodecahedron","Odd Mushroom","Pen Nib"],"potions_floor_usage":[7,7,16],"damage_taken":[{"damage":5,"enemies":"2 Louse","floor":1,"turns":4},{"damage":0,"enemies":"Small Slimes","floor":4,"turns":5},{"damage":0,"enemies":"Jaw Worm","floor":5,"turns":4},{"damage":39,"enemies":"Lagavulin","floor":7,"turns":9},{"damage":44,"enemies":"The Mushroom Lair","floor":11,"turns":8},{"damage":12,"enemies":"3 Sentries","floor":14,"turns":12},{"damage":77,"enemies":"Hexaghost","floor":16,"turns":14}],"seed_played":"5583397149603135778","potions_obtained":[{"floor":1,"key":"SkillPotion"},{"floor":14,"key":"Block Potion"}],"is_trial":false,"path_per_floor":["M","?","$","M","M","R","E","R","T","R","?","R","?","E","R","B"],"character_chosen":"IRONCLAD","items_purchased":["Pummel","Strength Potion"],"campfire_rested":3,"item_purchase_floors":[3,3],"current_hp_per_floor":[80,80,80,80,80,80,47,47,47,71,33,57,57,51,75,0],"gold":217,"neow_bonus":"HUNDRED_GOLD","is_prod":false,"is_daily":false,"chose_seed":false,"campfire_upgraded":2,"win_rate":0,"timestamp":1550595793,"path_taken":["M","?","$","M","M","R","E","R","T","R","?","R","?","E","R","BOSS"],"build_version":"2019-02-06","purchased_purges":1,"victory":false,"max_hp_per_floor":[80,80,80,80,80,80,80,80,80,80,80,80,80,80,80,80],"card_choices":[{"not_picked":["Thunderclap","Heavy Blade"],"picked":"Shrug It Off","floor":1},{"not_picked":["Pommel Strike","Twin Strike"],"picked":"Flex","floor":4},{"not_picked":["Heavy Blade","True Grit"],"picked":"Armaments","floor":5},{"not_picked":["Sword Boomerang","Clothesline"],"picked":"Exhume","floor":7},{"not_picked":["Dual Wield","Power Through"],"picked":"Uppercut","floor":11},{"not_picked":["Bloodletting","Clothesline"],"picked":"Iron Wave","floor":14}],"player_experience":151555,"relics_obtained":[{"floor":7,"key":"War Paint"},{"floor":9,"key":"Dodecahedron"},{"floor":11,"key":"Odd Mushroom"},{"floor":14,"key":"Pen Nib"}],"event_choices":[{"cards_removed":["Strike_R"],"damage_healed":0,"gold_gain":0,"player_choice":"Forget","damage_taken":0,"max_hp_gain":0,"max_hp_loss":0,"event_name":"Living Wall","floor":2,"gold_loss":0},{"damage_healed":0,"gold_gain":0,"player_choice":"Fought Mushrooms","damage_taken":0,"max_hp_gain":0,"max_hp_loss":0,"event_name":"Mushrooms","floor":11,"gold_loss":0},{"damage_healed":0,"gold_gain":0,"player_choice":"Ignored","damage_taken":0,"max_hp_gain":0,"max_hp_loss":0,"event_name":"Liars Game","floor":13,"gold_loss":0}],"is_beta":true,"boss_relics":[],"items_purged_floors":[3],"is_endless":false,"potions_floor_spawned":[1,14],"killed_by":"Hexaghost","ascension_level":2}