{"gold_per_floor":[119,294,38,55,55,55,88,101,101,137,155,155],"floor_reached":12,"playtime":720,"items_purged":["Doubt"],"score":136,"play_id":"ed6584f8-0bc2-4fef-a87d-725269705217","local_time":"20190221204248","is_ascension_mode":true,"campfire_choices":[{"data":"Metallicize","floor":6,"key":"SMITH"}],"neow_cost":"NONE","seed_source_timestamp":573973502743179,"circlet_count":0,"master_deck":["Strike_R","Strike_R","Strike_R","Strike_R","Strike_R","Defend_R","Defend_R","Defend_R","Defend_R","Bash","Metallicize+1","Body Slam","Shrug It Off","Shrug It Off","Juggernaut"],"relics":["Burning Blood","NeowsBlessing","Blood Vial","Golden Idol","Dodecahedron","The Courier","Peace Pipe"],"potions_floor_usage":[10,10,12],"damage_taken":[{"damage":0,"enemies":"2 Louse","floor":1,"turns":1},{"damage":0,"enemies":"Small Slimes","floor":4,"turns":1},{"damage":0,"enemies":"3 Sentries","floor":7,"turns":2},{"damage":9,"enemies":"Jaw Worm","floor":8,"turns":4},{"damage":59,"enemies":"Lagavulin","floor":10,"turns":10},{"damage":30,"enemies":"Large Slime","floor":11,"turns":12},{"damage":19,"enemies":"Exordium Thugs","floor":12,"turns":3}],"seed_played":"-1925313208310378416","potions_obtained":[{"floor":7,"key":"Block Potion"},{"floor":8,"key":"Regen Potion"},{"floor":10,"key":"Dexterity Potion"}],"is_trial":false,"path_per_floor":["M","?","$","M","?","R","E","M","T","E","M","M"],"character_chosen":"IRONCLAD","items_purchased":["Metallicize","Blood Vial"],"campfire_rested":0,"item_purchase_floors":[3,3],"current_hp_per_floor":[80,80,80,80,60,60,68,67,67,31,9,0],"gold":155,"neow_bonus":"THREE_ENEMY_KILL","is_prod":false,"is_daily":false,"chose_seed":false,"campfire_upgraded":1,"win_rate":0,"timestamp":1550778168,"path_taken":["M","?","$","M","?","R","E","M","T","E","M","M"],"build_version":"2019-01-23","purchased_purges":1,"victory":false,"max_hp_per_floor":[80,80,80,80,80,80,80,80,80,80,80,80],"card_choices":[{"not_picked":["Twin Strike","True Grit","Body Slam"],"picked":"SKIP","floor":1},{"not_picked":["Pommel Strike","Iron Wave","Carnage"],"picked":"SKIP","floor":4},{"not_picked":["Dark Embrace","Seeing Red"],"picked":"Body Slam","floor":7},{"not_picked":["Anger","Spot Weakness"],"picked":"Shrug It Off","floor":8},{"not_picked":["Rage","Body Slam"],"picked":"Shrug It Off","floor":10},{"not_picked":["Combust","Warcry"],"picked":"Juggernaut","floor":11}],"player_experience":327916,"relics_obtained":[{"floor":7,"key":"Dodecahedron"},{"floor":9,"key":"The Courier"},{"floor":10,"key":"Peace Pipe"}],"event_choices":[{"damage_healed":0,"gold_gain":175,"player_choice":"AGREE","damage_taken":0,"max_hp_gain":0,"max_hp_loss":0,"event_name":"Liars Game","floor":2,"gold_loss":0,"cards_obtained":["Doubt"]},{"damage_healed":0,"gold_gain":0,"player_choice":"Take Damage","damage_taken":20,"relics_obtained":["Golden Idol"],"max_hp_gain":0,"max_hp_loss":0,"event_name":"Golden Idol","floor":5,"gold_loss":0}],"is_beta":false,"boss_relics":[],"items_purged_floors":[3],"is_endless":false,"potions_floor_spawned":[7,8,10],"killed_by":"Exordium Thugs","ascension_level":4}