{"path_per_floor":["M","M","?","M","M","R","M","E","T","$","E","$","R","$","R","B",null,"M","M","?","M","$","E","R"],"character_chosen":"DEFECT","items_purchased":["Membership Card","Oddly Smooth Stone","Mercury Hourglass","Singing Bowl","Leap"],"gold_per_floor":[116,130,90,103,122,122,138,472,495,170,204,6,6,6,6,83,113,113,125,125,144,11,11,11,11],"floor_reached":25,"campfire_rested":1,"playtime":1439,"current_hp_per_floor":[64,58,58,53,38,38,33,13,13,13,17,17,17,17,17,12,61,63,53,53,41,41,14,36,0],"items_purged":[],"gold":11,"score":429,"play_id":"d80d0a59-2d8c-47c1-896b-541432bcd6ce","local_time":"20180512164712","is_prod":false,"is_daily":false,"chose_seed":false,"is_ascension_mode":true,"campfire_upgraded":3,"timestamp":1526168832,"path_taken":["M","M","?","M","?","R","M","E","T","$","E","$","R","?","R","BOSS","M","M","?","?","$","E","R","E"],"build_version":"2018-05-12v2","seed_source_timestamp":1829334270845755,"purchased_purges":0,"victory":false,"master_deck":["Defend_B","Defend_B+1","Defend_B","Defend_B","Zap+1","Dualcast","AscendersBane","Hello World+1","Leap+1","Steam","Defragment+1","Self Repair","Leap+1","Nova+1","Echo Form","Steam","Hologram","Bite","Bite","Bite","Bite","Bite","Lockon+1","Leap"],"max_hp_per_floor":[71,71,71,71,71,71,71,71,71,71,71,71,71,71,71,71,76,76,76,76,76,76,76,76,76],"relics":["Cracked Core","Old Coin","War Paint","Membership Card","Oddly Smooth Stone","Mercury Hourglass","Tiny House","Singing Bowl"],"card_choices":[{"not_picked":["Turbo","Capacitor"],"picked":"Hello World","floor":1},{"not_picked":["Chill","Stack"],"picked":"Leap","floor":2},{"not_picked":["Consume","Double Energy"],"picked":"Steam","floor":4},{"not_picked":["FTL","Impulse"],"picked":"Defragment","floor":5},{"not_picked":["Rip and Tear","Chill"],"picked":"Self Repair","floor":7},{"not_picked":["Chaos","Doom and Gloom"],"picked":"Leap","floor":8},{"not_picked":["Auto Shields","Gash"],"picked":"Nova","floor":11},{"not_picked":["Amplify","Hyperbeam"],"picked":"Echo Form","floor":16},{"not_picked":["Leap","Skim"],"picked":"Steam","floor":17},{"not_picked":["Blizzard","Barrage"],"picked":"Hologram","floor":19},{"not_picked":["Hologram","Sweeping Beam"],"picked":"Lockon+1","floor":21}],"player_experience":1443893,"potions_floor_usage":[8,8,8,16,18,21,23],"damage_taken":[{"damage":0,"enemies":"Jaw Worm","floor":1,"turns":3},{"damage":6,"enemies":"Cultist","floor":2,"turns":3},{"damage":5,"enemies":"2 Louse","floor":4,"turns":3},{"damage":15,"enemies":"Gremlin Gang","floor":5,"turns":5},{"damage":5,"enemies":"Exordium Thugs","floor":7,"turns":4},{"damage":27,"enemies":"Gremlin Nob","floor":8,"turns":4},{"damage":3,"enemies":"Lagavulin","floor":11,"turns":8},{"damage":40,"enemies":"Slime Boss","floor":16,"turns":7},{"damage":0,"enemies":"3 Byrds","floor":18,"turns":2},{"damage":19,"enemies":"Chosen","floor":19,"turns":6},{"damage":26,"enemies":"3 Cultists","floor":21,"turns":5},{"damage":37,"enemies":"Slavers","floor":23,"turns":4},{"damage":44,"enemies":"Book of Stabbing","floor":25,"turns":7}],"event_choices":[{"event_name":"The Woman in Blue","player_choice":"Bought 3 Potions","floor":3,"damage_taken":0},{"event_name":"Vampires","player_choice":"Became a vampire (Vial)","floor":20,"damage_taken":0}],"boss_relics":[{"not_picked":["Black Star","Calling Bell"],"picked":"Tiny House"}],"potions_floor_spawned":[5,8,11,16,18,23],"seed_played":"-5284765722628131610","killed_by":"Book of Stabbing","ascension_level":15,"is_trial":false}