{"gold_per_floor":[119,137,157,30,30,63,73,73,125,195,207,207,233,252,252,354,354,279,126,126,126,126,126,126,126,126,126,126,126,126,126,126,126,126,126,126,126,126,126,126,126,126,126,126,126,26,26,26,26,26],"floor_reached":51,"playtime":3022,"items_purged":["Strike_G","Pain"],"score":786,"play_id":"e552b2b3-cd7e-4325-9f30-22c24ff8983b","local_time":"20190221213211","is_ascension_mode":true,"campfire_choices":[{"floor":8,"key":"DIG"},{"floor":12,"key":"REST"},{"floor":15,"key":"REST"},{"floor":23,"key":"DIG"},{"floor":25,"key":"REST"},{"floor":29,"key":"REST"},{"floor":32,"key":"REST"},{"floor":40,"key":"REST"},{"floor":42,"key":"DIG"},{"floor":45,"key":"DIG"},{"floor":49,"key":"DIG"}],"neow_cost":"TEN_PERCENT_HP_LOSS","seed_source_timestamp":3287238887335519,"circlet_count":0,"master_deck":["Defend_G","Defend_G+1","Defend_G","Defend_G","Defend_G","Strike_G","Strike_G+1","Survivor","Neutralize","Sucker Punch+1","Noxious Fumes","Dash","Finisher","Dagger Spray","Dodge and Roll","Leg Sweep+1","Caltrops","Quick Slash+1","Predator+1","Backstab+1","PiercingWail+1","Infinite Blades","Die Die Die","Acrobatics","Noxious Fumes","Blur+1","Distraction+1","Adrenaline+1","Leg Sweep+1","PiercingWail"],"relics":["Ring of the Snake","Shovel","Pear","Whetstone","Pen Nib","Dream Catcher","Ectoplasm","Snake Skull","Juzu Bracelet","Oddly Smooth Stone","Empty Cage","Torii","WarpedTongs","War Paint","Shuriken","Turnip","Strawberry"],"potions_floor_usage":[6,16,18,28,33,35,50,50],"damage_taken":[{"damage":23,"enemies":"Cultist","floor":1,"turns":8},{"damage":0,"enemies":"Small Slimes","floor":2,"turns":5},{"damage":0,"enemies":"2 Louse","floor":3,"turns":3},{"damage":11,"enemies":"Gremlin Nob","floor":6,"turns":6},{"damage":7,"enemies":"Large Slime","floor":7,"turns":7},{"damage":9,"enemies":"Exordium Thugs","floor":11,"turns":5},{"damage":16,"enemies":"Lagavulin","floor":13,"turns":10},{"damage":0,"enemies":"Looter","floor":14,"turns":4},{"damage":7,"enemies":"The Guardian","floor":16,"turns":13},{"damage":15,"enemies":"2 Thieves","floor":18,"turns":5},{"damage":1,"enemies":"Shell Parasite","floor":20,"turns":6},{"damage":3,"enemies":"3 Cultists","floor":21,"turns":6},{"damage":4,"enemies":"Centurion and Healer","floor":24,"turns":8},{"damage":1,"enemies":"Cultist and Chosen","floor":27,"turns":4},{"damage":12,"enemies":"Snake Plant","floor":28,"turns":4},{"damage":7,"enemies":"Centurion and Healer","floor":30,"turns":5},{"damage":0,"enemies":"Cultist and Chosen","floor":31,"turns":4},{"damage":10,"enemies":"Automaton","floor":33,"turns":10},{"damage":15,"enemies":"3 Darklings","floor":35,"turns":5},{"damage":1,"enemies":"Mind Bloom Boss Battle","floor":36,"turns":8},{"damage":3,"enemies":"Orb Walker","floor":39,"turns":3},{"damage":9,"enemies":"Writhing Mass","floor":44,"turns":8},{"damage":42,"enemies":"Donu and Deca","floor":50,"turns":10}],"seed_played":"323911235976218002","potions_obtained":[{"floor":2,"key":"Energy Potion"},{"floor":6,"key":"SpeedPotion"},{"floor":13,"key":"Ancient Potion"},{"floor":14,"key":"Block Potion"},{"floor":16,"key":"Regen Potion"},{"floor":20,"key":"Ancient Potion"},{"floor":24,"key":"PowerPotion"},{"floor":28,"key":"Dexterity Potion"},{"floor":31,"key":"Poison Potion"},{"floor":36,"key":"LiquidBronze"},{"floor":44,"key":"Dexterity Potion"}],"is_trial":false,"path_per_floor":["M","M","M","$","?","E","M","R","T","?","M","R","E","M","R","B",null,"M","$","M","M","$","R","M","R","T","M","M","R","M","M","R","B",null,"M","?","?","?","M","R","?","R","T","M","R","$","$","?","R","B",null],"character_chosen":"THE_SILENT","items_purchased":["Block Potion","Snake Skull"],"campfire_rested":6,"item_purchase_floors":[4,19],"current_hp_per_floor":[40,40,40,40,61,60,53,53,53,53,44,65,49,49,70,63,71,56,56,55,52,52,52,48,69,69,68,56,73,66,66,73,63,71,56,55,55,55,52,73,73,73,73,64,64,64,64,64,71,29],"gold":26,"neow_bonus":"ONE_RARE_RELIC","is_prod":false,"is_daily":false,"chose_seed":false,"campfire_upgraded":0,"win_rate":0,"timestamp":1550802731,"path_taken":["M","M","M","$","?","E","M","R","T","?","M","R","E","M","R","BOSS","M","$","M","M","$","R","M","R","T","M","M","R","M","M","R","BOSS","M","?","?","?","M","R","?","R","T","M","R","?","$","?","R","BOSS"],"build_version":"2019-02-06","purchased_purges":2,"victory":true,"max_hp_per_floor":[63,63,63,63,63,73,73,73,73,73,73,73,73,73,73,73,73,73,73,73,73,73,73,73,73,73,73,73,73,73,73,73,73,73,73,73,73,73,73,73,73,73,73,73,73,73,73,69,76,76],"card_choices":[{"not_picked":["Flying Knee","Infinite Blades"],"picked":"Sucker Punch","floor":1},{"not_picked":["All Out Attack","Predator"],"picked":"Noxious Fumes","floor":2},{"not_picked":["Dagger Throw","Slice"],"picked":"Dash","floor":3},{"not_picked":["Catalyst","After Image"],"picked":"Finisher","floor":6},{"not_picked":["Blur","Quick Slash"],"picked":"Dagger Spray","floor":7},{"not_picked":["Acrobatics","Expertise"],"picked":"Dodge and Roll","floor":11},{"not_picked":["All Out Attack","Backstab"],"picked":"Leg Sweep","floor":13},{"not_picked":["Bane","Setup","Underhanded Strike"],"picked":"SKIP","floor":14},{"not_picked":["Escape Plan","Infinite Blades"],"picked":"Caltrops","floor":15},{"not_picked":["Slice","Cloak And Dagger"],"picked":"Quick Slash+1","floor":18},{"not_picked":["Flying Knee","Deflect"],"picked":"Predator+1","floor":20},{"not_picked":["PiercingWail","Storm of Steel"],"picked":"Backstab+1","floor":21},{"not_picked":["Terror","Acrobatics"],"picked":"PiercingWail+1","floor":24},{"not_picked":["Riddle With Holes","PiercingWail"],"picked":"Infinite Blades","floor":25},{"not_picked":["Cloak And Dagger","Quick Slash+1"],"picked":"Die Die Die","floor":27},{"not_picked":["Masterful Stab","Distraction+1","Blur"],"picked":"SKIP","floor":28},{"not_picked":["Catalyst+1","PiercingWail"],"picked":"Acrobatics","floor":29},{"not_picked":["Backstab","Bane+1"],"picked":"Noxious Fumes","floor":30},{"not_picked":["Terror+1","Choke+1"],"picked":"Blur+1","floor":31},{"not_picked":["Riddle With Holes","Backflip"],"picked":"Distraction+1","floor":32},{"not_picked":["After Image","Grand Finale"],"picked":"Adrenaline","floor":33},{"not_picked":["PiercingWail","Finisher+1","Flying Knee"],"picked":"SKIP","floor":35},{"not_picked":["PiercingWail","Dagger Spray+1","Slice+1"],"picked":"SKIP","floor":39},{"not_picked":["Slice","Outmaneuver"],"picked":"Leg Sweep+1","floor":40},{"not_picked":["Acrobatics+1","Quick Slash"],"picked":"PiercingWail","floor":44}],"player_experience":196557,"relics_obtained":[{"floor":6,"key":"Pear"},{"floor":8,"key":"Whetstone"},{"floor":9,"key":"Pen Nib"},{"floor":13,"key":"Dream Catcher"},{"floor":23,"key":"Juzu Bracelet"},{"floor":26,"key":"Oddly Smooth Stone"},{"floor":36,"key":"Torii"},{"floor":42,"key":"War Paint"},{"floor":43,"key":"Shuriken"},{"floor":45,"key":"Turnip"},{"floor":49,"key":"Strawberry"}],"event_choices":[{"damage_healed":21,"gold_gain":0,"player_choice":"Banana","damage_taken":0,"max_hp_gain":0,"max_hp_loss":0,"event_name":"Big Fish","floor":5,"gold_loss":0},{"damage_healed":0,"gold_gain":70,"player_choice":"Gained Gold","damage_taken":0,"max_hp_gain":0,"max_hp_loss":0,"event_name":"Golden Wing","floor":10,"gold_loss":0},{"damage_healed":0,"gold_gain":0,"player_choice":"Fight","damage_taken":0,"max_hp_gain":0,"max_hp_loss":0,"event_name":"MindBloom","floor":36,"gold_loss":0},{"damage_healed":0,"gold_gain":0,"player_choice":"Rummage","damage_taken":0,"relics_obtained":["WarpedTongs"],"max_hp_gain":0,"max_hp_loss":0,"event_name":"Accursed Blacksmith","floor":37,"gold_loss":0,"cards_obtained":["Pain"]},{"damage_healed":0,"gold_gain":0,"player_choice":"Ignored","damage_taken":0,"max_hp_gain":0,"max_hp_loss":0,"event_name":"Mysterious Sphere","floor":38,"gold_loss":0},{"damage_healed":0,"gold_gain":0,"player_choice":"Upgraded","damage_taken":0,"max_hp_gain":0,"max_hp_loss":0,"event_name":"Upgrade Shrine","floor":41,"gold_loss":0,"cards_upgraded":["Adrenaline"]},{"damage_healed":0,"gold_gain":0,"player_choice":"Max HP","damage_taken":0,"max_hp_gain":0,"max_hp_loss":4,"event_name":"Winding Halls","floor":48,"gold_loss":0}],"is_beta":true,"boss_relics":[{"not_picked":["Runic Dome","Lizard Tail"],"picked":"Ectoplasm"},{"not_picked":["White Beast Statue","Fusion Hammer"],"picked":"Empty Cage"}],"items_purged_floors":[4,46],"is_endless":false,"potions_floor_spawned":[2,6,13,14,16,20,24,28,31,36,44],"ascension_level":5}