{"gold_per_floor":[214,55,55,73,92,92,92,92,92,104,104,120,120,135,135,237,237,248,265,280,379,393,393,236,236,236,247,263,77,77,90,90,90],"floor_reached":33,"playtime":1823,"items_purged":["Strike_B","Strike_B"],"score":241,"play_id":"a888f4b1-6527-4b8e-a6ba-9f19e2a12cff","local_time":"20190227142439","is_ascension_mode":false,"campfire_choices":[{"data":"Sunder","floor":6,"key":"SMITH"},{"data":"White Noise","floor":8,"key":"SMITH"},{"data":"Loop","floor":15,"key":"SMITH"},{"data":"Echo Form","floor":23,"key":"SMITH"},{"data":"Self Repair","floor":25,"key":"SMITH"},{"floor":32,"key":"REST"}],"neow_cost":"NONE","seed_source_timestamp":3781210951780385,"circlet_count":0,"master_deck":["Strike_B","Defend_B","Defend_B","Defend_B","Defend_B","Zap","Dualcast","White Noise+1","Coolheaded","Loop+1","Sunder+1","Cold Snap","Self Repair+1","Steam","Conserve Battery","Finesse","Hyperbeam","Zap","Compile Driver","Echo Form+1","Go for the Eyes+1","Cold Snap","Turbo","Stack","Static Discharge","Leap","Capacitor","Stack","Go for the Eyes"],"relics":["Cracked Core"],"potions_floor_usage":[16,16,27,33],"damage_taken":[{"damage":1,"enemies":"Jaw Worm","floor":1,"turns":4},{"damage":0,"enemies":"2 Louse","floor":4,"turns":2},{"damage":0,"enemies":"Small Slimes","floor":5,"turns":3},{"damage":17,"enemies":"Gremlin Gang","floor":10,"turns":5},{"damage":16,"enemies":"Large Slime","floor":12,"turns":7},{"damage":3,"enemies":"Exordium Thugs","floor":14,"turns":3},{"damage":11,"enemies":"Slime Boss","floor":16,"turns":9},{"damage":16,"enemies":"Spheric Guardian","floor":18,"turns":4},{"damage":11,"enemies":"Chosen","floor":19,"turns":7},{"damage":16,"enemies":"Snake Plant","floor":20,"turns":4},{"damage":12,"enemies":"Centurion and Healer","floor":22,"turns":15},{"damage":15,"enemies":"Chosen and Byrds","floor":27,"turns":7},{"damage":23,"enemies":"Snake Plant","floor":28,"turns":5},{"damage":0,"enemies":"Centurion and Healer","floor":31,"turns":12},{"damage":69,"enemies":"Collector","floor":33,"turns":6}],"seed_played":"7318396168337090521","potions_obtained":[{"floor":5,"key":"Weak Potion"},{"floor":12,"key":"FearPotion"},{"floor":14,"key":"Explosive Potion"},{"floor":16,"key":"Strength Potion"},{"floor":19,"key":"AttackPotion"},{"floor":27,"key":"SteroidPotion"},{"floor":28,"key":"Swift Potion"}],"is_trial":false,"path_per_floor":["M","$","?","M","M","R","?","R","T","M","?","M","?","M","R","B",null,"M","M","M","?","M","R","$","R","T","M","M","$","T","M","R","B"],"character_chosen":"DEFECT","items_purchased":["Coolheaded","Loop","Sunder","Static Discharge","Capacitor","Stack"],"campfire_rested":1,"item_purchase_floors":[2,2,2,24,29,29],"current_hp_per_floor":[74,74,67,67,67,67,67,67,67,57,57,48,48,52,52,48,75,66,62,53,53,48,48,48,48,48,43,20,20,20,30,52,0],"gold":90,"neow_bonus":"HUNDRED_GOLD","is_prod":false,"is_daily":false,"chose_seed":false,"campfire_upgraded":5,"win_rate":0,"timestamp":1551295479,"path_taken":["M","$","?","M","M","R","?","R","T","M","?","M","?","M","R","BOSS","M","?","M","?","M","R","$","R","T","M","M","$","?","M","R","BOSS"],"build_version":"2019-02-06","purchased_purges":2,"victory":false,"max_hp_per_floor":[75,75,75,75,75,75,75,75,75,75,75,75,75,75,75,75,75,75,75,75,75,75,75,75,75,75,75,75,75,75,75,75,75],"card_choices":[{"not_picked":["Redo","Force Field"],"picked":"White Noise","floor":1},{"not_picked":["Lockon","Coolheaded"],"picked":"Cold Snap","floor":4},{"not_picked":["Leap","Stack"],"picked":"Self Repair","floor":5},{"not_picked":["Double Energy","White Noise"],"picked":"Steam","floor":10},{"not_picked":["Redo","Go for the Eyes"],"picked":"Conserve Battery","floor":12},{"not_picked":["Capacitor","Coolheaded"],"picked":"Compile Driver","floor":14},{"not_picked":["Reboot","All For One"],"picked":"Echo Form","floor":16},{"not_picked":["Streamline","Recycle+1"],"picked":"Go for the Eyes+1","floor":18},{"not_picked":["Redo","Hello World"],"picked":"Cold Snap","floor":19},{"not_picked":["Aggregate","Self Repair"],"picked":"Turbo","floor":20},{"not_picked":["Leap","Coolheaded"],"picked":"Stack","floor":22},{"not_picked":["Streamline","Melter+1","Hello World"],"picked":"SKIP","floor":27},{"not_picked":["Cold Snap","Barrage"],"picked":"Leap","floor":28},{"not_picked":["Aggregate+1","Ball Lightning"],"picked":"Go for the Eyes","floor":31}],"player_experience":289869,"relics_obtained":[],"event_choices":[{"cards_removed":["Strike_B"],"damage_healed":0,"gold_gain":0,"player_choice":"Card Removal","damage_taken":7,"max_hp_gain":0,"max_hp_loss":0,"event_name":"Golden Wing","floor":3,"gold_loss":0},{"damage_healed":0,"gold_gain":0,"player_choice":"Searched \u00270\u0027 times","damage_taken":0,"max_hp_gain":0,"max_hp_loss":0,"event_name":"Dead Adventurer","floor":7,"gold_loss":0},{"damage_healed":0,"gold_gain":0,"player_choice":"Ignored","damage_taken":0,"max_hp_gain":0,"max_hp_loss":0,"event_name":"Liars Game","floor":11,"gold_loss":0},{"damage_healed":0,"gold_gain":0,"player_choice":"3 cards matched","damage_taken":0,"max_hp_gain":0,"max_hp_loss":0,"event_name":"Match and Keep!","floor":13,"gold_loss":0,"cards_obtained":["Finesse","Hyperbeam","Zap"]},{"damage_healed":0,"gold_gain":99,"player_choice":"Stole From Cult","damage_taken":0,"max_hp_gain":0,"max_hp_loss":0,"event_name":"Nest","floor":21,"gold_loss":0}],"is_beta":true,"boss_relics":[{"not_picked":[]}],"items_purged_floors":[24,29],"is_endless":false,"potions_floor_spawned":[5,12,14,16,19,27,28],"killed_by":"Collector","ascension_level":0}