{"gold_per_floor":[112,132,142,157,157,157,188,188,212,212,226,226,252,252,252,252],"floor_reached":16,"playtime":589,"items_purged":[],"score":162,"play_id":"fe8dc122-98ad-4829-ae60-c69dd5969025","local_time":"20190226102835","is_ascension_mode":true,"campfire_choices":[{"data":"Disarm","floor":6,"key":"SMITH"},{"data":"Double Tap","floor":8,"key":"SMITH"},{"data":"Clothesline","floor":10,"key":"SMITH"},{"data":"Battle Trance","floor":15,"key":"SMITH"}],"neow_cost":"PERCENT_DAMAGE","seed_source_timestamp":969258920585425,"circlet_count":0,"master_deck":["Strike_R","Strike_R","Strike_R","Strike_R","Strike_R","Defend_R","Defend_R+1","Defend_R","Defend_R+1","Bash+1","Double Tap+1","Twin Strike","Disarm+1","Clothesline+1","Carnage","Ghostly Armor","Doubt","Panacea","Battle Trance+1"],"relics":["Burning Blood","PreservedInsect","Potion Belt","War Paint"],"potions_floor_usage":[7,7,13,14],"damage_taken":[{"damage":3,"enemies":"2 Louse","floor":1,"turns":3},{"damage":1,"enemies":"Cultist","floor":2,"turns":3},{"damage":13,"enemies":"Small Slimes","floor":3,"turns":5},{"damage":16,"enemies":"3 Louse","floor":4,"turns":4},{"damage":34,"enemies":"3 Sentries","floor":7,"turns":8},{"damage":6,"enemies":"Looter","floor":11,"turns":3},{"damage":14,"enemies":"Gremlin Nob","floor":13,"turns":4},{"damage":0,"enemies":"Gremlin Gang","floor":14,"turns":1},{"damage":28,"enemies":"Hexaghost","floor":16,"turns":11}],"seed_played":"2959875333352955074","potions_obtained":[{"floor":1,"key":"SmokeBomb"},{"floor":3,"key":"Strength Potion"},{"floor":4,"key":"Regen Potion"},{"floor":11,"key":"Block Potion"}],"is_trial":false,"path_per_floor":["M","M","M","M","?","R","E","R","T","R","M","?","E","M","R","B"],"character_chosen":"IRONCLAD","items_purchased":[],"campfire_rested":0,"item_purchase_floors":[],"current_hp_per_floor":[54,59,52,42,42,42,29,29,29,29,29,29,21,27,27,0],"gold":252,"neow_bonus":"THREE_RARE_CARDS","is_prod":false,"is_daily":false,"chose_seed":false,"campfire_upgraded":4,"win_rate":0,"timestamp":1551173315,"path_taken":["M","M","M","M","?","R","E","R","T","R","M","?","E","M","R","BOSS"],"build_version":"2019-01-23","purchased_purges":0,"victory":false,"max_hp_per_floor":[80,80,80,80,80,80,80,80,80,80,80,80,80,80,80,80],"card_choices":[{"not_picked":["Exhume","Offering"],"picked":"Double Tap","floor":0},{"not_picked":["Entrench","Anger"],"picked":"Twin Strike","floor":1},{"not_picked":["Bloodletting","Anger"],"picked":"Disarm","floor":2},{"not_picked":["Havoc","Clash"],"picked":"Clothesline","floor":3},{"not_picked":["True Grit","Second Wind","Disarm"],"picked":"SKIP","floor":4},{"not_picked":["Corruption","Iron Wave"],"picked":"Carnage","floor":7},{"not_picked":["Pommel Strike","True Grit"],"picked":"Ghostly Armor","floor":11},{"not_picked":["Dropkick","Searing Blow"],"picked":"Battle Trance","floor":13}],"player_experience":537299,"relics_obtained":[{"floor":7,"key":"PreservedInsect"},{"floor":9,"key":"Potion Belt"},{"floor":13,"key":"War Paint"}],"event_choices":[{"damage_healed":0,"gold_gain":0,"player_choice":"Grow","damage_taken":0,"max_hp_gain":0,"max_hp_loss":0,"event_name":"Living Wall","floor":5,"gold_loss":0,"cards_upgraded":["Bash"]},{"damage_healed":0,"gold_gain":0,"player_choice":"2 cards matched","damage_taken":0,"max_hp_gain":0,"max_hp_loss":0,"event_name":"Match and Keep!","floor":12,"gold_loss":0,"cards_obtained":["Doubt","Panacea"]}],"is_beta":false,"boss_relics":[],"items_purged_floors":[],"is_endless":false,"potions_floor_spawned":[1,3,4,11],"killed_by":"Hexaghost","ascension_level":9}