{"path_per_floor":["M","M","M","M","M","R","E","M","T","?","M","$","R","E","R","B",null,"M","?","?","?","M","E","R","E","T","E","$","E","R","M","R","B",null,"M"],"character_chosen":"THE_SILENT","items_purchased":["Concentrate","Adrenaline","Strength Potion"],"gold_per_floor":[116,126,146,159,174,174,200,214,214,278,289,19,19,45,45,146,146,165,165,165,196,206,237,237,262,262,293,193,220,220,239,239,338,338,351],"floor_reached":36,"campfire_rested":0,"playtime":4343,"current_hp_per_floor":[52,52,52,49,48,48,47,47,47,45,45,45,45,41,41,34,59,59,59,59,59,59,59,59,66,66,66,66,66,66,66,66,66,74,71],"items_purged":["Parasite","Strike_G"],"gold":351,"score":828,"play_id":"57df6bff-5b83-4edf-8c64-c7af10dfa55b","is_prod":false,"is_daily":false,"is_ascension_mode":true,"campfire_upgraded":6,"path_taken":["M","M","M","M","M","R","E","M","T","?","?","$","R","E","R","BOSS","M","?","?","?","M","E","R","E","T","E","$","E","R","M","R","BOSS","M","?"],"build_version":"2018-02-12-BETA1","purchased_purges":2,"victory":false,"master_deck":["Defend_G","Defend_G","Defend_G","Defend_G","Defend_G","Strike_G","Strike_G","Strike_G","Survivor","Neutralize+1","Terror+1","Well Laid Plans+1","Dash","Backflip","Backstab","Calculated Gamble+1","Expertise+1","Concentrate","Adrenaline+1","Underhanded Strike","Grand Finale+1","Backstab","Expertise+1","Setup+1","Burst+1"],"max_hp_per_floor":[70,70,70,70,70,70,70,70,70,70,70,67,67,67,67,67,67,67,67,67,67,67,67,67,77,77,77,77,77,77,77,77,77,77,77],"relics":["Ring of the Snake","Tough Bandages","Bottled Tornado","Regal Pillow","Frozen Egg 2","Cursed Key","Red Mask","Blue Candle","Pear","Toxic Egg 2","Darkstone Periapt","Black Star"],"card_choices":[{"not_picked":["Underhanded Strike","Reflex"],"picked":"Terror"},{"not_picked":["Flying Knee","Acrobatics"],"picked":"Well Laid Plans"},{"not_picked":["Catalyst","Slice"],"picked":"Dash"},{"not_picked":["Underhanded Strike","Quick Slash"],"picked":"Backflip"},{"not_picked":["Blade Dance","Dodge and Roll"],"picked":"Backstab"},{"not_picked":["Slice","Eviscerate"],"picked":"Calculated Gamble"},{"not_picked":["Finisher","Poisoned Stab"],"picked":"Expertise"},{"not_picked":["Eviscerate","Backflip"],"picked":"Underhanded Strike"},{"not_picked":["Storm of Steel","Die Die Die"],"picked":"Grand Finale"},{"not_picked":["Dagger Throw","Dodge and Roll"],"picked":"Backstab"},{"not_picked":["Infinite Blades","Eviscerate"],"picked":"Expertise"},{"not_picked":["Deadly Poison","Quick Slash"],"picked":"Setup"},{"not_picked":["Die Die Die","Storm of Steel"],"picked":"Burst"}],"player_experience":161545,"potions_floor_usage":[5,7,7,10,23,25,27,36,36],"damage_taken":[{"damage":11,"enemies":"Jaw Worm","floor":1,"turns":4},{"damage":0,"enemies":"2 Louse","floor":2,"turns":5},{"damage":0,"enemies":"Cultist","floor":3,"turns":3},{"damage":3,"enemies":"Exordium Thugs","floor":4,"turns":5},{"damage":1,"enemies":"Lots of Slimes","floor":5,"turns":9},{"damage":1,"enemies":"Lagavulin","floor":7,"turns":9},{"damage":0,"enemies":"Blue Slaver","floor":8,"turns":2},{"damage":2,"enemies":"Gremlin Nob","floor":10,"turns":5},{"damage":0,"enemies":"Exordium Wildlife","floor":11,"turns":4},{"damage":4,"enemies":"3 Sentries","floor":14,"turns":6},{"damage":7,"enemies":"The Guardian","floor":16,"turns":11},{"damage":0,"enemies":"3 Byrds","floor":18,"turns":3},{"damage":0,"enemies":"Masked Bandits","floor":21,"turns":1},{"damage":0,"enemies":"Shell Parasite","floor":22,"turns":4},{"damage":0,"enemies":"Book of Stabbing","floor":23,"turns":2},{"damage":3,"enemies":"Slavers","floor":25,"turns":2},{"damage":0,"enemies":"Book of Stabbing","floor":27,"turns":2},{"damage":0,"enemies":"Gremlin Leader","floor":29,"turns":4},{"damage":0,"enemies":"Snake Plant","floor":31,"turns":2},{"damage":0,"enemies":"Champ","floor":33,"turns":6},{"damage":3,"enemies":"3 Shapes","floor":35,"turns":2},{"damage":93,"enemies":"Mysterious Sphere","floor":36,"turns":7}],"event_choices":[{"event_name":"Dead Adventurer","player_choice":"Searched \u00271\u0027 times","floor":10,"damage_taken":0},{"event_name":"Upgrade Shrine","player_choice":"Upgraded","floor":19,"damage_taken":0},{"event_name":"Back to Basics","player_choice":"Elegance","floor":20,"damage_taken":0},{"event_name":"Masked Bandits","player_choice":"Fought over 165 gold","floor":21,"damage_taken":0},{"event_name":"Mysterious Sphere","player_choice":"Fight","floor":36,"damage_taken":0}],"boss_relics":[{"not_picked":["The Specimen","Runic Dome"],"picked":"Cursed Key"},{"not_picked":["Runic Pyramid","Snecko Eye"],"picked":"Black Star"}],"potions_floor_spawned":[3,4,5,11,16,18,25,31,33,35],"seed_played":"7615277513631252680","killed_by":"Mysterious Sphere","ascension_level":10,"is_trial":false}