{"gold_per_floor":[119,132,146,135,10,41,41,73,85,97,139,151,198,223,235,247],"floor_reached":16,"playtime":1046,"items_purged":["Strike_G"],"score":182,"play_id":"22ff8705-8a24-43bf-8baf-f88f0aa373a9","local_time":"20190224003031","is_ascension_mode":true,"campfire_choices":[{"floor":10,"key":"REST"},{"floor":12,"key":"REST"},{"floor":15,"key":"REST"}],"neow_cost":"NONE","seed_source_timestamp":3472746425435722,"circlet_count":0,"master_deck":["Defend_G","Defend_G","Defend_G","Defend_G","Defend_G","Strike_G","Strike_G+1","Strike_G","Strike_G+1","Survivor","Neutralize","Endless Agony","Dagger Spray","Dagger Throw","Quick Slash","Quick Slash","Blur","Finisher","Dodge and Roll+1","Deflect+1"],"relics":["Ring of the Snake","Blood Vial","MawBank","Whetstone","The Courier","Toxic Egg 2"],"potions_floor_usage":[6,8,8,13,16],"damage_taken":[{"damage":0,"enemies":"2 Louse","floor":1,"turns":3},{"damage":0,"enemies":"Cultist","floor":2,"turns":5},{"damage":0,"enemies":"Jaw Worm","floor":3,"turns":4},{"damage":1,"enemies":"Exordium Thugs","floor":4,"turns":4},{"damage":32,"enemies":"Gremlin Nob","floor":6,"turns":4},{"damage":12,"enemies":"Lagavulin","floor":8,"turns":11},{"damage":32,"enemies":"Gremlin Nob","floor":11,"turns":4},{"damage":34,"enemies":"3 Sentries","floor":13,"turns":11},{"damage":2,"enemies":"Large Slime","floor":14,"turns":7},{"damage":41,"enemies":"Hexaghost","floor":16,"turns":16}],"seed_played":"-4272386537825849509","potions_obtained":[{"floor":2,"key":"Dexterity Potion"},{"floor":4,"key":"FearPotion"},{"floor":6,"key":"SkillPotion"},{"floor":11,"key":"Swift Potion"},{"floor":14,"key":"SkillPotion"}],"is_trial":false,"path_per_floor":["M","M","M","M","$","E","$","E","T","R","E","R","E","M","R","B"],"character_chosen":"THE_SILENT","items_purchased":["Quick Slash"],"campfire_rested":3,"item_purchase_floors":[5],"current_hp_per_floor":[70,70,70,69,69,37,37,27,27,50,20,43,11,11,34,0],"gold":247,"neow_bonus":"TEN_PERCENT_HP_BONUS","is_prod":false,"is_daily":false,"chose_seed":false,"campfire_upgraded":0,"win_rate":0,"timestamp":1550986231,"path_taken":["M","M","M","M","$","E","$","E","T","R","E","R","E","M","R","BOSS"],"build_version":"2019-02-06","purchased_purges":1,"victory":false,"max_hp_per_floor":[77,77,77,77,77,77,77,77,77,77,77,77,77,77,77,77],"card_choices":[{"not_picked":["Prepared","Acrobatics"],"picked":"Endless Agony","floor":1},{"not_picked":["Tactician","Infinite Blades"],"picked":"Dagger Spray","floor":2},{"not_picked":["Blade Dance","Underhanded Strike"],"picked":"Dagger Throw","floor":3},{"not_picked":["Bouncing Flask","Well Laid Plans","Outmaneuver"],"picked":"SKIP","floor":4},{"not_picked":["Acrobatics","Tactician"],"picked":"Quick Slash","floor":6},{"not_picked":["Envenom","Bane"],"picked":"Blur","floor":8},{"not_picked":["Concentrate","Phantasmal Killer"],"picked":"Finisher","floor":11},{"not_picked":["Distraction","Terror"],"picked":"Dodge and Roll","floor":13},{"not_picked":["Backflip+1","Heel Hook"],"picked":"Deflect+1","floor":14}],"player_experience":223956,"relics_obtained":[{"floor":6,"key":"Blood Vial"},{"floor":8,"key":"MawBank"},{"floor":9,"key":"Whetstone"},{"floor":11,"key":"The Courier"},{"floor":13,"key":"Toxic Egg 2"}],"event_choices":[],"is_beta":true,"boss_relics":[],"items_purged_floors":[5],"is_endless":false,"potions_floor_spawned":[2,4,6,11,14],"killed_by":"Hexaghost","ascension_level":8}