{"gold_per_floor":[118,135,135,135,148,189,189,233,233,233],"floor_reached":10,"playtime":622,"items_purged":[],"score":141,"play_id":"41cbbeb5-fa16-4e39-9985-939de8d701b7","local_time":"20190212131322","is_ascension_mode":true,"campfire_choices":[{"data":"Uppercut","floor":7,"key":"SMITH"}],"neow_cost":"NONE","seed_source_timestamp":1868294131557245,"circlet_count":0,"master_deck":["AscendersBane","Strike_R","Strike_R","Strike_R","Strike_R","Defend_R","Defend_R","Defend_R+1","Defend_R","Bash","Uppercut+1","True Grit+1","Anger","Injury","Armaments","Body Slam","True Grit"],"relics":["Burning Blood","Golden Idol","Self Forming Clay","Dodecahedron","Ornamental Fan"],"potions_floor_usage":[6],"damage_taken":[{"damage":4,"enemies":"2 Louse","floor":1,"turns":2},{"damage":5,"enemies":"Small Slimes","floor":2,"turns":4},{"damage":2,"enemies":"Jaw Worm","floor":5,"turns":5},{"damage":23,"enemies":"Gremlin Nob","floor":6,"turns":4},{"damage":13,"enemies":"Lagavulin","floor":8,"turns":7},{"damage":14,"enemies":"Lagavulin Event","floor":10,"turns":5}],"seed_played":"7740978671256721951","potions_obtained":[{"floor":2,"key":"AttackPotion"}],"is_trial":false,"path_per_floor":["M","M","?","?","M","E","R","E","T","?"],"character_chosen":"IRONCLAD","items_purchased":[],"campfire_rested":0,"item_purchase_floors":[],"current_hp_per_floor":[70,71,48,48,52,35,35,28,28,14],"gold":233,"neow_bonus":"TRANSFORM_CARD","is_prod":false,"is_daily":false,"chose_seed":false,"campfire_upgraded":1,"win_rate":0,"timestamp":1550006002,"path_taken":["M","M","?","?","M","E","R","E","T","?"],"build_version":"2019-02-06","purchased_purges":0,"victory":false,"max_hp_per_floor":[75,75,75,75,75,75,75,75,75,75],"card_choices":[{"not_picked":["Headbutt","Cleave"],"picked":"True Grit","floor":1},{"not_picked":["Clothesline","Corruption"],"picked":"Anger","floor":2},{"not_picked":["Wild Strike","Uppercut"],"picked":"Armaments","floor":5},{"not_picked":["Clothesline","Clash"],"picked":"Body Slam","floor":6},{"not_picked":["Reckless Charge","Metallicize"],"picked":"True Grit","floor":8}],"player_experience":775496,"relics_obtained":[{"floor":6,"key":"Self Forming Clay"},{"floor":8,"key":"Dodecahedron"},{"floor":9,"key":"Ornamental Fan"}],"event_choices":[{"damage_healed":0,"gold_gain":0,"player_choice":"Entered Light","damage_taken":23,"max_hp_gain":0,"max_hp_loss":0,"event_name":"Shining Light","floor":3,"gold_loss":0,"cards_upgraded":["True Grit","Defend_R"]},{"damage_healed":0,"gold_gain":0,"player_choice":"Take Wound","damage_taken":0,"relics_obtained":["Golden Idol"],"max_hp_gain":0,"max_hp_loss":0,"event_name":"Golden Idol","floor":4,"gold_loss":0,"cards_obtained":["Injury"]},{"damage_healed":0,"gold_gain":0,"player_choice":"Searched \u00271\u0027 times","damage_taken":0,"max_hp_gain":0,"max_hp_loss":0,"event_name":"Dead Adventurer","floor":10,"gold_loss":0}],"is_beta":true,"boss_relics":[],"items_purged_floors":[],"is_endless":false,"potions_floor_spawned":[2],"killed_by":"Lagavulin Event","ascension_level":17}