{"gold_per_floor":[115,132,34,134,145,180,196,209,260,260,274,92,119,130,130,225,225,245,35,35,52,52,52,52,87,135,135,95,111,128,78,78,78],"floor_reached":33,"playtime":1748,"items_purged":["Strike_R","Strike_R","Strike_R"],"score":360,"play_id":"7983d503-36d8-4065-90cd-3ff146036a21","local_time":"20190223163838","is_ascension_mode":true,"campfire_choices":[{"data":"Searing Blow","floor":10,"key":"SMITH"},{"data":"Searing Blow+1","floor":15,"key":"SMITH"},{"data":"Searing Blow+2","floor":23,"key":"SMITH"},{"data":"Searing Blow+3","floor":27,"key":"SMITH"},{"floor":32,"key":"REST"}],"neow_cost":"NONE","seed_source_timestamp":731093527503331,"circlet_count":0,"master_deck":["Strike_R","Strike_R","Defend_R","Defend_R","Defend_R","Defend_R","Bash","Demon Form","Pommel Strike","Headbutt","Searing Blow+5","Shrug It Off","Evolve","Shockwave","Offering","Double Tap","Battle Trance","Seeing Red+1","Parasite"],"relics":["Burning Blood","Smiling Mask","Anchor","Dodecahedron","Cursed Key","MutagenicStrength","Bronze Scales","Strawberry"],"potions_floor_usage":[13,13,14,16,16],"damage_taken":[{"damage":12,"enemies":"Jaw Worm","floor":1,"turns":3},{"damage":1,"enemies":"Cultist","floor":2,"turns":3},{"damage":0,"enemies":"2 Louse","floor":5,"turns":4},{"damage":27,"enemies":"Lagavulin","floor":6,"turns":7},{"damage":9,"enemies":"Large Slime","floor":7,"turns":6},{"damage":17,"enemies":"Looter","floor":8,"turns":3},{"damage":10,"enemies":"2 Fungi Beasts","floor":11,"turns":3},{"damage":11,"enemies":"3 Sentries","floor":13,"turns":10},{"damage":0,"enemies":"Gremlin Gang","floor":14,"turns":3},{"damage":18,"enemies":"Slime Boss","floor":16,"turns":8},{"damage":12,"enemies":"2 Thieves","floor":18,"turns":4},{"damage":10,"enemies":"Shell Parasite","floor":21,"turns":4},{"damage":42,"enemies":"Book of Stabbing","floor":25,"turns":5},{"damage":24,"enemies":"Snecko","floor":29,"turns":4},{"damage":6,"enemies":"Centurion and Healer","floor":30,"turns":3},{"damage":47,"enemies":"Collector","floor":33,"turns":3}],"seed_played":"1697007594687359219","potions_obtained":[{"floor":5,"key":"BloodPotion"},{"floor":6,"key":"Weak Potion"},{"floor":13,"key":"Explosive Potion"},{"floor":14,"key":"LiquidBronze"},{"floor":25,"key":"FearPotion"}],"is_trial":false,"path_per_floor":["M","M","$","?","M","E","M","M","T","R","M","$","E","M","R","B",null,"M","$","?","M","?","R","?","E","T","R","?","M","M","$","R","B"],"character_chosen":"IRONCLAD","items_purchased":["Searing Blow","Shrug It Off","Evolve","SpeedPotion","Double Tap"],"campfire_rested":1,"item_purchase_floors":[3,3,12,12,19],"current_hp_per_floor":[66,71,71,71,77,56,53,42,42,42,38,38,41,47,47,35,69,63,63,63,59,59,59,59,23,30,30,30,12,12,12,38,0],"gold":78,"neow_bonus":"ONE_RANDOM_RARE_CARD","is_prod":false,"is_daily":false,"chose_seed":false,"campfire_upgraded":4,"win_rate":0,"timestamp":1550936318,"path_taken":["M","M","$","?","M","E","?","M","T","R","M","?","E","M","R","BOSS","M","$","?","M","?","R","?","E","T","R","?","?","M","$","R","BOSS"],"build_version":"2019-01-23","purchased_purges":3,"victory":false,"max_hp_per_floor":[80,80,80,80,80,80,80,80,80,80,80,80,80,80,80,80,80,80,80,80,80,80,80,80,80,87,87,87,87,87,87,87,87],"card_choices":[{"not_picked":["Headbutt","Thunderclap"],"picked":"Pommel Strike","floor":1},{"not_picked":["Cleave","Combust"],"picked":"Headbutt","floor":2},{"not_picked":["Infernal Blade","Clothesline","Heavy Blade"],"picked":"SKIP","floor":5},{"not_picked":["Wild Strike","Infernal Blade","Headbutt"],"picked":"SKIP","floor":6},{"not_picked":["Warcry","Infernal Blade","Rampage"],"picked":"SKIP","floor":7},{"not_picked":["Clash","Cleave","Blood for Blood"],"picked":"SKIP","floor":8},{"not_picked":["Brutality","Iron Wave","Anger"],"picked":"SKIP","floor":11},{"not_picked":["Iron Wave","Brutality","Sentinel"],"picked":"SKIP","floor":13},{"not_picked":["Inflame","Headbutt"],"picked":"Shockwave","floor":14},{"not_picked":["Bludgeon","Exhume"],"picked":"Offering","floor":16},{"not_picked":["Dropkick+1","Uppercut+1","Feel No Pain"],"picked":"SKIP","floor":18},{"not_picked":["Heavy Blade","Perfected Strike"],"picked":"Battle Trance","floor":21},{"not_picked":["Reckless Charge+1","Sever Soul"],"picked":"Seeing Red+1","floor":25},{"not_picked":["Pummel","Carnage+1","Flex"],"picked":"SKIP","floor":29},{"not_picked":["Clothesline+1","Body Slam+1","Thunderclap"],"picked":"SKIP","floor":30}],"player_experience":395888,"relics_obtained":[{"floor":6,"key":"Smiling Mask"},{"floor":9,"key":"Anchor"},{"floor":13,"key":"Dodecahedron"},{"floor":25,"key":"Bronze Scales"},{"floor":26,"key":"Strawberry"}],"event_choices":[{"damage_healed":0,"gold_gain":100,"player_choice":"Pray","damage_taken":0,"max_hp_gain":0,"max_hp_loss":0,"event_name":"Golden Shrine","floor":4,"gold_loss":0},{"damage_healed":0,"gold_gain":0,"player_choice":"Ignored","damage_taken":0,"max_hp_gain":0,"max_hp_loss":0,"event_name":"Beggar","floor":22,"gold_loss":0},{"damage_healed":0,"gold_gain":0,"player_choice":"Inject Mutagens","damage_taken":0,"relics_obtained":["MutagenicStrength"],"max_hp_gain":0,"max_hp_loss":0,"event_name":"Drug Dealer","floor":24,"gold_loss":0},{"damage_healed":0,"gold_gain":0,"player_choice":"Upgrade","damage_taken":0,"max_hp_gain":0,"max_hp_loss":0,"event_name":"Designer","floor":28,"gold_loss":40,"cards_upgraded":["Searing Blow"]}],"is_beta":false,"boss_relics":[{"not_picked":["Tiny House","Ectoplasm"],"picked":"Cursed Key"}],"items_purged_floors":[12,19,31],"is_endless":false,"potions_floor_spawned":[5,6,13,14,25],"killed_by":"Collector","ascension_level":6}