{"gold_per_floor":[116,127,140,20,34,34,34,109,132,144,144,144,160,170,170,265,265,278,293,116,116,116,144,144],"floor_reached":24,"playtime":1100,"items_purged":["Strike_B","Strike_B"],"score":208,"play_id":"c8b1c4a0-57e4-4335-8103-d9a1a905ff30","local_time":"20190215121300","is_ascension_mode":false,"campfire_choices":[{"data":"Zap","floor":6,"key":"SMITH"},{"floor":12,"key":"REST"},{"floor":15,"key":"REST"}],"neow_cost":"NONE","seed_source_timestamp":2737229377650461,"circlet_count":0,"master_deck":["Strike_B","Strike_B+1","Defend_B","Defend_B","Defend_B","Zap+1","Dualcast+1","Steam Power","Turbo","Skim+1","Go for the Eyes","Gash","Gash","Seek","Scrape","Decay"],"relics":["Cracked Core","Vajra","Busted Crown","Centennial Puzzle"],"potions_floor_usage":[10,13,16,24],"damage_taken":[{"damage":0,"enemies":"Cultist","floor":1,"turns":3},{"damage":0,"enemies":"Small Slimes","floor":2,"turns":2},{"damage":3,"enemies":"2 Louse","floor":3,"turns":2},{"damage":2,"enemies":"Looter","floor":5,"turns":3},{"damage":19,"enemies":"Gremlin Gang","floor":10,"turns":4},{"damage":2,"enemies":"Blue Slaver","floor":13,"turns":3},{"damage":0,"enemies":"Red Slaver","floor":14,"turns":2},{"damage":17,"enemies":"Slime Boss","floor":16,"turns":8},{"damage":26,"enemies":"3 Byrds","floor":18,"turns":6},{"damage":0,"enemies":"Chosen","floor":19,"turns":4},{"damage":15,"enemies":"Book of Stabbing","floor":23,"turns":4},{"damage":36,"enemies":"3 Cultists","floor":24,"turns":4}],"seed_played":"-6667809043387063833","potions_obtained":[{"floor":1,"key":"FearPotion"},{"floor":2,"key":"AttackPotion"},{"floor":10,"key":"FocusPotion"},{"floor":13,"key":"PowerPotion"},{"floor":19,"key":"Explosive Potion"}],"is_trial":false,"path_per_floor":["M","M","M","$","M","R","$","?","T","M","?","R","M","M","R","B",null,"M","M","$","?","?","E","M"],"character_chosen":"DEFECT","items_purchased":["Go for the Eyes","Scrape"],"campfire_rested":2,"item_purchase_floors":[4,20],"current_hp_per_floor":[75,75,72,72,70,70,70,63,63,44,29,51,49,49,71,54,75,49,49,49,49,49,34,0],"gold":144,"neow_bonus":"UPGRADE_CARD","is_prod":false,"is_daily":false,"chose_seed":false,"campfire_upgraded":1,"win_rate":0.0,"timestamp":1550250780,"path_taken":["M","M","M","$","M","R","$","?","T","?","?","R","M","M","R","BOSS","M","M","$","?","?","E","M"],"build_version":"2019-02-06","purchased_purges":2,"victory":false,"max_hp_per_floor":[75,75,75,75,75,75,75,75,75,75,75,75,75,75,75,75,75,75,75,75,75,75,75,75],"card_choices":[{"not_picked":["Cold Snap","BootSequence"],"picked":"Steam Power","floor":1},{"not_picked":["Melter","Double Energy"],"picked":"Turbo","floor":2},{"not_picked":["White Noise","Turbo"],"picked":"Skim","floor":3},{"not_picked":["Static Discharge","Rainbow","Hologram"],"picked":"SKIP","floor":5},{"not_picked":["Double Energy","Storm","Ball Lightning"],"picked":"SKIP","floor":10},{"not_picked":["Redo","Hologram"],"picked":"Gash","floor":13},{"not_picked":["Leap","Sweeping Beam"],"picked":"Gash","floor":14},{"not_picked":["Biased Cognition","Buffer"],"picked":"Seek","floor":16},{"not_picked":["Leap"],"picked":"SKIP","floor":18},{"not_picked":["Rebound+1"],"picked":"SKIP","floor":19},{"not_picked":["Doom and Gloom"],"picked":"SKIP","floor":23}],"player_experience":116379,"relics_obtained":[{"floor":9,"key":"Vajra"},{"floor":23,"key":"Centennial Puzzle"}],"event_choices":[{"damage_healed":0,"gold_gain":75,"player_choice":"Touch","damage_taken":7,"max_hp_gain":0,"max_hp_loss":0,"event_name":"FaceTrader","floor":8,"gold_loss":0},{"damage_healed":0,"gold_gain":0,"player_choice":"Entered Light","damage_taken":15,"max_hp_gain":0,"max_hp_loss":0,"event_name":"Shining Light","floor":11,"gold_loss":0,"cards_upgraded":["Strike_B","Skim"]},{"cards_removed":["Defend_B"],"damage_healed":0,"gold_gain":0,"player_choice":"Elegance","damage_taken":0,"max_hp_gain":0,"max_hp_loss":0,"event_name":"Back to Basics","floor":21,"gold_loss":0},{"damage_healed":0,"gold_gain":0,"player_choice":"Smashed Altar","damage_taken":0,"max_hp_gain":0,"max_hp_loss":0,"event_name":"Forgotten Altar","floor":22,"gold_loss":0,"cards_obtained":["Decay"]}],"is_beta":true,"boss_relics":[{"not_picked":["Velvet Choker","Runic Dome"],"picked":"Busted Crown"}],"items_purged_floors":[4,20],"is_endless":false,"potions_floor_spawned":[1,2,10,13,19],"killed_by":"3 Cultists","ascension_level":0}