{"path_per_floor":["M","M","M","M","$","R","E","R","T","E","$","E","M","?","R","B",null,"M","?","?","M","M","R","E","M","T","R","$","M","R","T","R","B",null,"M","?","?","M","?"],"character_chosen":"DEFECT","items_purchased":["All For One","Coolheaded","Capacitor","Capacitor","DataDisk"],"gold_per_floor":[109,126,142,160,25,25,52,52,79,111,36,63,74,74,74,153,153,125,125,125,135,146,146,175,188,239,239,36,56,56,56,56,130,130,143,143,143,156,156,156],"floor_reached":40,"campfire_rested":2,"playtime":3364,"item_purchase_floors":[5,11,11,28,28],"current_hp_per_floor":[63,56,56,54,54,54,29,50,50,36,36,10,8,25,46,35,62,62,49,49,42,44,44,37,47,47,47,47,49,49,49,49,46,48,40,40,49,34,34,0],"items_purged":[],"gold":156,"score":792,"play_id":"8ea7ab6e-4dd6-470d-acce-e275168f7597","local_time":"20180525174757","is_prod":false,"is_daily":false,"chose_seed":false,"is_ascension_mode":true,"campfire_upgraded":5,"win_rate":0,"timestamp":1527295677,"campfire_choices":[{"data":"Go for the Eyes","floor":6,"key":"SMITH"},{"floor":8,"key":"REST"},{"floor":15,"key":"REST"},{"data":"Seek","floor":23,"key":"SMITH"},{"data":"Capacitor","floor":27,"key":"SMITH"},{"data":"Capacitor","floor":30,"key":"SMITH"},{"data":"Barrage","floor":32,"key":"SMITH"}],"path_taken":["M","M","?","M","$","R","E","R","T","E","$","E","M","?","R","BOSS","M","?","?","?","M","R","E","M","T","R","?","M","R","?","R","BOSS","M","?","?","M","?","M"],"build_version":"2018-05-24","seed_source_timestamp":644563881566441,"purchased_purges":0,"victory":false,"master_deck":["Defend_B","Defend_B","Defend_B","Defend_B","Zap+1","Dualcast","AscendersBane","Rebound","White Noise","Go for the Eyes+1","Barrage+1","All For One","Go for the Eyes","Chill","Coolheaded+1","Capacitor+1","Cold Snap","Coolheaded","Parasite","Seek+1","Gash","Bite","Bite","Bite","Bite","Bite","Stack","Darkness","Gash+1","Leap+1","Capacitor+1","Echo Form","Turbo+1","Writhe","Steam"],"max_hp_per_floor":[71,71,71,71,71,71,71,71,71,71,71,71,71,71,71,71,71,71,49,49,49,49,49,49,49,49,49,49,49,49,49,49,49,49,49,49,49,49,49,49],"relics":["Cracked Core","Happy Flower","Bag of Preparation","Oddly Smooth Stone","Emotion Chip","Runic Dome","Letter Opener","Pen Nib","DataDisk","Juzu Bracelet","White Beast Statue"],"card_choices":[{"not_picked":["Redo","Steam"],"picked":"Rebound","floor":1},{"not_picked":["Hologram","Lockon"],"picked":"White Noise","floor":2},{"not_picked":["Redo","Steam"],"picked":"Go for the Eyes","floor":3},{"not_picked":["Biased Cognition","Coolheaded"],"picked":"Barrage","floor":4},{"not_picked":["Streamline","Sweeping Beam"],"picked":"Go for the Eyes","floor":7},{"not_picked":["Reboot","Go for the Eyes"],"picked":"Chill","floor":10},{"not_picked":["Stack","Coolheaded"],"picked":"Cold Snap","floor":12},{"not_picked":["Barrage","Rebound"],"picked":"Coolheaded","floor":13},{"not_picked":["Thunder Strike","Fission"],"picked":"Seek","floor":16},{"not_picked":["Coolheaded","Reprogram"],"picked":"Gash","floor":18},{"not_picked":["Force Field","Redo"],"picked":"Stack","floor":21},{"not_picked":["Recycle","Undo"],"picked":"Darkness","floor":22},{"not_picked":["Sweeping Beam","Recycle"],"picked":"Gash+1","floor":24},{"not_picked":["Reboot","Beam Cell+1"],"picked":"Leap+1","floor":25},{"not_picked":["Coolheaded","Rebound","Compile Driver"],"picked":"SKIP","floor":29},{"not_picked":["Core Surge","Biased Cognition"],"picked":"Echo Form","floor":33},{"not_picked":["Compile Driver","Glacier"],"picked":"Turbo+1","floor":35},{"not_picked":["Stack","Fusion"],"picked":"Steam","floor":38}],"player_experience":1621637,"potions_floor_usage":[10,12,24,40,40],"damage_taken":[{"damage":1,"enemies":"Cultist","floor":1,"turns":4},{"damage":7,"enemies":"2 Louse","floor":2,"turns":3},{"damage":0,"enemies":"Small Slimes","floor":3,"turns":2},{"damage":2,"enemies":"2 Fungi Beasts","floor":4,"turns":3},{"damage":25,"enemies":"Lagavulin","floor":7,"turns":6},{"damage":14,"enemies":"3 Sentries","floor":10,"turns":5},{"damage":26,"enemies":"Gremlin Nob","floor":12,"turns":5},{"damage":2,"enemies":"Exordium Wildlife","floor":13,"turns":3},{"damage":11,"enemies":"Slime Boss","floor":16,"turns":11},{"damage":7,"enemies":"2 Thieves","floor":18,"turns":5},{"damage":7,"enemies":"Chosen","floor":21,"turns":3},{"damage":16,"enemies":"Sentry and Sphere","floor":22,"turns":7},{"damage":17,"enemies":"Book of Stabbing","floor":24,"turns":5},{"damage":0,"enemies":"Centurion and Healer","floor":25,"turns":6},{"damage":10,"enemies":"3 Cultists","floor":29,"turns":5},{"damage":23,"enemies":"Champ","floor":33,"turns":13},{"damage":13,"enemies":"Orb Walker","floor":35,"turns":4},{"damage":17,"enemies":"3 Shapes","floor":38,"turns":7},{"damage":56,"enemies":"Transient","floor":40,"turns":5}],"relics_obtained":[{"floor":7,"key":"Happy Flower"},{"floor":9,"key":"Bag of Preparation"},{"floor":10,"key":"Oddly Smooth Stone"},{"floor":12,"key":"Emotion Chip"},{"floor":24,"key":"Letter Opener"},{"floor":26,"key":"Pen Nib"},{"floor":31,"key":"Juzu Bracelet"}],"event_choices":[{"event_name":"Mushrooms","player_choice":"Healed and dodged fight","floor":14,"damage_taken":0},{"event_name":"Vampires","player_choice":"Became a vampire","floor":19,"damage_taken":0},{"event_name":"The Mausoleum","player_choice":"No","floor":20,"damage_taken":0},{"event_name":"Tomb of Lord Red Mask","player_choice":"Ignored","floor":36,"damage_taken":0},{"event_name":"Winding Halls","player_choice":"Writhe","floor":37,"damage_taken":0},{"event_name":"Upgrade Shrine","player_choice":"Upgraded","floor":39,"damage_taken":0}],"boss_relics":[{"not_picked":["Philosopher\u0027s Stone","Ectoplasm"],"picked":"Runic Dome"},{"not_picked":["Calling Bell","Runic Pyramid"],"picked":"White Beast Statue"}],"items_purged_floors":[],"potions_floor_spawned":[7,10,18,22,35,38],"seed_played":"-2764829857100291122","killed_by":"Transient","ascension_level":15,"potions_obtained":[{"floor":7,"key":"SkillPotion"},{"floor":10,"key":"PowerPotion"},{"floor":18,"key":"Dexterity Potion"},{"floor":22,"key":"Dexterity Potion"},{"floor":35,"key":"AttackPotion"},{"floor":38,"key":"SteroidPotion"}],"is_trial":false}