{"gold_per_floor":[111,68,83,83,97,129,129,161,161,181,181,181,181,51,51,125,125,125],"floor_reached":18,"playtime":801,"items_purged":["Strike_G"],"score":392,"play_id":"7dca245d-2c9d-4d3c-913b-67f257b6a81a","local_time":"20190225211722","is_ascension_mode":true,"campfire_choices":[{"floor":7,"key":"REST"},{"floor":12,"key":"REST"},{"data":"Riddle With Holes","floor":15,"key":"SMITH"}],"neow_cost":"NONE","seed_source_timestamp":20581706894510,"circlet_count":0,"master_deck":["AscendersBane","Defend_G","Defend_G","Defend_G","Defend_G","Defend_G","Strike_G","Strike_G","Strike_G","Survivor","Neutralize","Dagger Spray","Footwork","Quick Slash","Riddle With Holes+1","Venomology","Cloak And Dagger","Night Terror"],"relics":["Ring of the Snake","Ninja Scroll","Blue Candle","Molten Egg 2","Eternal Feather"],"potions_floor_usage":[6,8,16,16,18,18],"damage_taken":[{"damage":11,"enemies":"Jaw Worm","floor":1,"turns":6},{"damage":2,"enemies":"Small Slimes","floor":3,"turns":5},{"damage":2,"enemies":"2 Louse","floor":5,"turns":2},{"damage":16,"enemies":"3 Sentries","floor":6,"turns":7},{"damage":35,"enemies":"Gremlin Nob","floor":8,"turns":5},{"damage":5,"enemies":"Looter","floor":10,"turns":3},{"damage":0,"enemies":"Slime Boss","floor":16,"turns":6},{"damage":31,"enemies":"Shell Parasite","floor":18,"turns":8}],"seed_played":"-4004149531499300218","potions_obtained":[{"floor":1,"key":"SteroidPotion"},{"floor":5,"key":"LiquidBronze"}],"is_trial":false,"path_per_floor":["M","?","M","?","M","E","R","E","T","M","?","R","?","$","R","B",null,"M"],"character_chosen":"THE_SILENT","items_purchased":["SteroidPotion"],"campfire_rested":2,"item_purchase_floors":[14],"current_hp_per_floor":[48,48,46,46,44,28,47,26,26,21,21,40,40,40,40,40,60,29],"gold":125,"neow_bonus":"THREE_CARDS","is_prod":false,"is_daily":false,"chose_seed":false,"campfire_upgraded":1,"win_rate":0,"timestamp":1551147442,"path_taken":["M","?","M","?","M","E","R","E","T","M","?","R","?","$","R","BOSS","M"],"build_version":"2019-01-23","purchased_purges":1,"victory":false,"max_hp_per_floor":[66,66,66,66,66,66,66,66,66,66,66,66,66,66,66,66,66,66],"card_choices":[{"not_picked":["Masterful Stab","Leg Sweep"],"picked":"Dagger Spray","floor":0},{"not_picked":["Choke","Setup"],"picked":"Footwork","floor":1},{"not_picked":["Outmaneuver","Blur"],"picked":"Quick Slash","floor":3},{"not_picked":["Skewer","Dagger Spray"],"picked":"Riddle With Holes","floor":5},{"not_picked":["Prepared","Concentrate"],"picked":"Venomology","floor":6},{"not_picked":["Skewer","Quick Slash","Blur"],"picked":"SKIP","floor":8},{"not_picked":["Deflect","Masterful Stab+1","Deadly Poison"],"picked":"SKIP","floor":10},{"not_picked":["Tools of the Trade","Venomology"],"picked":"Night Terror","floor":16}],"player_experience":552691,"relics_obtained":[{"floor":6,"key":"Ninja Scroll"},{"floor":8,"key":"Blue Candle"},{"floor":9,"key":"Molten Egg 2"}],"event_choices":[{"damage_healed":0,"gold_gain":0,"player_choice":"Left Gold","damage_taken":0,"max_hp_gain":0,"max_hp_loss":0,"event_name":"World of Goop","floor":2,"gold_loss":43},{"damage_healed":0,"gold_gain":0,"player_choice":"Ignored","damage_taken":0,"max_hp_gain":0,"max_hp_loss":0,"event_name":"Shining Light","floor":4,"gold_loss":0},{"damage_healed":0,"gold_gain":0,"cards_transformed":["Strike_G"],"player_choice":"Change","damage_taken":0,"max_hp_gain":0,"max_hp_loss":0,"event_name":"Living Wall","floor":11,"gold_loss":0,"cards_obtained":["Cloak And Dagger"]},{"damage_healed":0,"gold_gain":0,"player_choice":"Fled","damage_taken":0,"max_hp_gain":0,"max_hp_loss":0,"event_name":"Scrap Ooze","floor":13,"gold_loss":0}],"is_beta":false,"boss_relics":[{"not_picked":["Empty Cage","Calling Bell"],"picked":"Eternal Feather"}],"items_purged_floors":[14],"is_endless":false,"potions_floor_spawned":[1,5],"killed_by":"Shell Parasite","ascension_level":16}