{"path_per_floor":["M","M","M","?","M","E","M","?","T","M","R","E","?","M","R","B",null,"M","M","?","?","$","R","E","M","T","$","R","E","M","M","R","B",null,"M","?","M","M","M","R","E","M","T","M","M","R","?","?","R","B"],"character_chosen":"IRONCLAD","items_purchased":["Secret Technique","True Grit"],"gold_per_floor":[14,29,44,44,60,87,103,103,103,119,119,154,154,171,171,267,267,267,267,267,267,44,44,44,44,44,44,44,44,44,44,44,44,44,44,44,44,44,44,44,44,44,44,44,44,44,0,0,0,0],"floor_reached":51,"campfire_rested":2,"playtime":14214,"current_hp_per_floor":[80,71,71,71,69,63,60,60,60,46,46,49,31,39,39,20,80,75,78,78,78,78,78,48,56,56,56,56,37,25,29,68,32,83,65,65,55,82,83,83,83,56,56,48,55,83,83,69,69,81],"items_purged":[],"gold":0,"score":583,"play_id":"e8b0c30d-790a-44ac-a3cb-80e467accee9","is_prod":false,"is_daily":false,"is_ascension_mode":false,"campfire_upgraded":6,"path_taken":["M","M","M","?","M","E","M","?","T","M","R","E","?","M","R","BOSS","M","M","?","?","$","R","E","M","T","?","R","E","?","?","R","BOSS","M","?","M","M","M","R","E","M","T","M","M","R","?","?","R","BOSS"],"build_version":"2018-02-15-PROD1","purchased_purges":0,"victory":true,"master_deck":["Strike_R","Strike_R+1","Strike_R","Defend_R","Defend_R","Defend_R","Bash+1","Rampage+1","Dark Embrace+1","Burning Pact","Infernal Blade","Spot Weakness","Clothesline","Shrug It Off","Shockwave+1","Headbutt","Headbutt","Second Wind","Shrug It Off","Limit Break","Iron Wave+1","Shrug It Off","Limit Break+1","Feel No Pain+1","Secret Technique+1","True Grit","Pummel","Pummel","Warcry+1","Whirlwind","Sword Boomerang+1","Reaper","Sword Boomerang","Feel No Pain+1","Limit Break","Flame Barrier+1","Anger+1","Flex+1"],"max_hp_per_floor":[80,80,80,80,80,80,80,80,80,80,80,80,80,80,80,80,80,80,80,80,80,80,80,80,83,83,83,83,83,83,83,83,83,83,83,83,83,83,83,83,83,83,83,83,83,83,83,83,83,83],"relics":["Burning Blood","Bottled Flame","Torii","Whetstone","Regal Pillow","Ectoplasm","Sundial","Vajra","Dream Catcher","Runic Pyramid","Anchor","Champion Belt","Red Mask","Unceasing Top"],"card_choices":[{"not_picked":["Clash","Dropkick"],"picked":"Burning Pact"},{"not_picked":["Perfected Strike","Heavy Blade"],"picked":"Infernal Blade"},{"not_picked":["Fire Breathing","Twin Strike"],"picked":"Spot Weakness"},{"not_picked":["Anger","Cleave"],"picked":"Shrug It Off"},{"not_picked":["Thunderclap","Heavy Blade"],"picked":"Shockwave"},{"not_picked":["Thunderclap","Reaper"],"picked":"Headbutt"},{"not_picked":["Cleave","True Grit"],"picked":"Headbutt"},{"not_picked":["Thunderclap","Rupture"],"picked":"Second Wind"},{"not_picked":["Anger","Sword Boomerang"],"picked":"Shrug It Off"},{"not_picked":["Demon Form","Fiend Fire"],"picked":"Limit Break"},{"not_picked":["Pommel Strike","Rampage"],"picked":"Iron Wave"},{"not_picked":["Bloodletting","Heavy Blade"],"picked":"Shrug It Off"},{"not_picked":["Bloodletting","Rupture"],"picked":"Pummel"},{"not_picked":["Corruption","Pommel Strike"],"picked":"Headbutt"},{"not_picked":["Flame Barrier","Infernal Blade"],"picked":"Pummel"},{"not_picked":["Thunderclap","Twin Strike"],"picked":"Warcry"},{"not_picked":["Burning Pact","Twin Strike"],"picked":"Whirlwind"},{"not_picked":["True Grit","Cleave"],"picked":"Sword Boomerang"},{"not_picked":["Impervious","Berserk"],"picked":"Reaper"},{"not_picked":["Headbutt","Shrug It Off"],"picked":"Sword Boomerang"},{"not_picked":["Sword Boomerang","Dropkick"],"picked":"Feel No Pain"},{"not_picked":["Heavy Blade","Cleave"],"picked":"Limit Break"},{"not_picked":["Sever Soul","Rage"],"picked":"Flame Barrier"},{"not_picked":["Rage","Body Slam"],"picked":"Anger"},{"not_picked":["Fire Breathing","Iron Wave"],"picked":"Flex"}],"player_experience":35601,"potions_floor_usage":[33,33,33,45,50,50,50],"damage_taken":[{"damage":5.0,"enemies":"2 Louse","floor":1.0,"turns":3.0},{"damage":15.0,"enemies":"Small Slimes","floor":2.0,"turns":4.0},{"damage":6.0,"enemies":"Jaw Worm","floor":3.0,"turns":4.0},{"damage":8.0,"enemies":"2 Fungi Beasts","floor":5.0,"turns":3.0},{"damage":27.0,"enemies":"3 Sentries","floor":6.0,"turns":8.0},{"damage":9.0,"enemies":"Gremlin Gang","floor":7.0,"turns":5.0},{"damage":20.0,"enemies":"Large Slime","floor":10.0,"turns":7.0},{"damage":3.0,"enemies":"Lagavulin","floor":12.0,"turns":8.0},{"damage":3.0,"enemies":"Blue Slaver","floor":14.0,"turns":4.0},{"damage":25.0,"enemies":"Hexaghost","floor":16.0,"turns":10.0},{"damage":11.0,"enemies":"Shell Parasite","floor":18.0,"turns":5.0},{"damage":3.0,"enemies":"Spheric Guardian","floor":19.0,"turns":5.0},{"damage":36.0,"enemies":"Gremlin Leader","floor":24.0,"turns":8.0},{"damage":1,"enemies":"Centurion and Healer","floor":25,"turns":5},{"damage":25,"enemies":"Gremlin Leader","floor":29,"turns":4},{"damage":18,"enemies":"Snecko","floor":30,"turns":7},{"damage":2,"enemies":"3 Cultists","floor":31,"turns":5},{"damage":42,"enemies":"Collector","floor":33,"turns":9},{"damage":24,"enemies":"3 Darklings","floor":35,"turns":3},{"damage":16,"enemies":"Orb Walker","floor":37,"turns":3},{"damage":10,"enemies":"3 Darklings","floor":38,"turns":5},{"damage":25,"enemies":"Maw","floor":39,"turns":9},{"damage":29,"enemies":"Nemesis","floor":41,"turns":7},{"damage":54,"enemies":"4 Shapes","floor":42,"turns":5},{"damage":48,"enemies":"Sphere and 2 Shapes","floor":44,"turns":5},{"damage":27,"enemies":"3 Darklings","floor":45,"turns":4},{"damage":20,"enemies":"Mysterious Sphere","floor":48,"turns":5},{"damage":64,"enemies":"Awakened One","floor":50,"turns":9}],"event_choices":[{"event_name":"Living Wall","player_choice":"Change","floor":4.0,"damage_taken":0.0},{"event_name":"Match and Keep!","player_choice":"0 cards matched","floor":8.0,"damage_taken":0.0},{"event_name":"Scrap Ooze","player_choice":"success","floor":13.0,"damage_taken":18.0},{"event_name":"Duplicator","player_choice":"One dupe","floor":20.0,"damage_taken":0.0},{"event_name":"The Library","player_choice":"Read","floor":21.0,"damage_taken":0.0},{"event_name":"Tomb of Lord Red Mask","player_choice":"Paid","floor":47,"damage_taken":0},{"event_name":"Mysterious Sphere","player_choice":"Fight","floor":48,"damage_taken":0}],"boss_relics":[{"not_picked":["Philosopher\u0027s Stone","Eternal Feather"],"picked":"Runic Pyramid"}],"potions_floor_spawned":[3,5,6,10,18,24,29,31,39,41,42,44,48],"seed_played":"-8030403834789325420","ascension_level":0,"is_trial":false}