{"path_per_floor":["M","M","M","?","M","R","M","R","T","R","E","?","R","E","R","B",null,"M","M","?","?","$","E","R","M","T","R","E","$","M","M","R","B",null,"M","M","M","?","M","R","$","R","T","?","M","R","?","E","R","B"],"character_chosen":"THE_SILENT","items_purchased":["Infinite Blades","Ancient Tea Set"],"gold_per_floor":[117,134,152,152,162,162,181,181,181,181,213,213,213,240,240,341,341,281,281,281,281,247,247,247,247,247,247,247,45,45,45,45,45,45,45,45,45,45,45,45,45,45,45,45,45,45,45,45,45,45],"floor_reached":51,"campfire_rested":1,"playtime":5887,"current_hp_per_floor":[63,60,60,65,62,62,59,59,59,59,42,42,64,41,41,37,66,63,62,62,62,62,62,62,62,62,62,62,62,62,62,62,50,69,69,69,69,69,69,69,69,69,69,59,59,59,59,59,59,55],"items_purged":["Strike_G"],"gold":45,"play_id":"b5dfc3ea-628d-47e3-85e7-cd8ae64cde6a","is_prod":false,"is_daily":false,"is_ascension_mode":true,"campfire_upgraded":11,"path_taken":["M","M","M","?","M","R","M","R","T","R","E","?","R","E","R","BOSS","M","M","?","?","$","E","R","M","T","R","E","$","M","?","R","BOSS","M","M","M","?","M","R","?","R","T","?","M","R","?","E","R","BOSS"],"build_version":"2018-01-25-PROD3","purchased_purges":2,"victory":true,"master_deck":["Defend_G+1","Defend_G+1","Defend_G+1","Defend_G+1","Defend_G+1","Strike_G+1","Survivor+1","Neutralize+1","Prepared+1","Poisoned Stab+1","PiercingWail+1","Noxious Fumes+1","Escape Plan+1","Cloak And Dagger+1","Footwork+1","Cloak And Dagger+1","Infinite Blades","Acrobatics+1","Calculated Gamble+1","Well Laid Plans+1","Reflex+1","Tactician+1","Adrenaline","Footwork+1","Acrobatics+1","Noxious Fumes+1","Madness","Madness","Adrenaline","Backflip"],"max_hp_per_floor":[70,70,70,75,75,75,75,75,75,75,75,75,75,75,75,75,75,75,75,75,75,75,75,75,75,75,75,75,75,75,75,75,75,75,75,75,75,75,75,75,75,75,75,75,75,75,75,75,75,75],"relics":["Ring of the Snake","Ginger","Lantern","Shuriken","Ectoplasm","War Paint","Paper Crane","Smiling Mask","Ancient Tea Set","Lizard Tail","Art of War","Anchor"],"card_choices":[{"not_picked":["Dagger Spray","Malaise"],"picked":"Poisoned Stab"},{"not_picked":["Terror","Eviscerate"],"picked":"PiercingWail"},{"not_picked":["All Out Attack","Acrobatics"],"picked":"Noxious Fumes"},{"not_picked":["Crippling Poison","Dodge and Roll"],"picked":"Escape Plan"},{"not_picked":["Crippling Poison","Bane"],"picked":"Cloak And Dagger"},{"not_picked":["Predator","Catalyst"],"picked":"Footwork"},{"not_picked":["Underhanded Strike","Backflip"],"picked":"Cloak And Dagger"},{"not_picked":["Bane","Predator"],"picked":"Acrobatics"},{"not_picked":["Poisoned Stab","Masterful Stab"],"picked":"Calculated Gamble"},{"not_picked":["Deadly Poison","Dagger Spray"],"picked":"Well Laid Plans"},{"not_picked":["Poisoned Stab","Slice"],"picked":"Reflex"},{"not_picked":["Riddle With Holes","Reflex"],"picked":"Tactician"},{"not_picked":["Venomology","Grand Finale"],"picked":"Adrenaline"},{"not_picked":["Bane","Reflex"],"picked":"Footwork"},{"not_picked":["Bouncing Flask","Slice"],"picked":"Acrobatics"},{"not_picked":["Backstab","Backflip"],"picked":"Noxious Fumes"},{"not_picked":["Dodge and Roll","Eviscerate"],"picked":"Adrenaline"},{"not_picked":["Flying Knee","PiercingWail"],"picked":"Backflip"}],"player_experience":504922,"potions_floor_usage":[11,11,23,48,48,50,50],"damage_taken":[{"damage":0,"enemies":"Cultist","floor":1,"turns":4},{"damage":3,"enemies":"Jaw Worm","floor":2,"turns":5},{"damage":0,"enemies":"2 Louse","floor":3,"turns":3},{"damage":3,"enemies":"Gremlin Gang","floor":5,"turns":6},{"damage":3,"enemies":"2 Fungi Beasts","floor":7,"turns":5},{"damage":17,"enemies":"3 Sentries","floor":11,"turns":5},{"damage":23,"enemies":"Gremlin Nob","floor":14,"turns":5},{"damage":4,"enemies":"Hexaghost","floor":16,"turns":9},{"damage":3,"enemies":"2 Thieves","floor":18,"turns":4},{"damage":1,"enemies":"Chosen","floor":19,"turns":5},{"damage":0,"enemies":"Book of Stabbing","floor":23,"turns":5},{"damage":0,"enemies":"Snake Plant","floor":25,"turns":4},{"damage":0,"enemies":"Gremlin Leader","floor":28,"turns":6},{"damage":0,"enemies":"Centurion and Healer","floor":30,"turns":5},{"damage":0,"enemies":"Snecko","floor":31,"turns":5},{"damage":12,"enemies":"Champ","floor":33,"turns":9},{"damage":0,"enemies":"3 Shapes","floor":35,"turns":5},{"damage":0,"enemies":"Orb Walker","floor":36,"turns":4},{"damage":0,"enemies":"Maw","floor":37,"turns":7},{"damage":0,"enemies":"3 Darklings","floor":39,"turns":4},{"damage":0,"enemies":"Sphere and 2 Shapes","floor":45,"turns":4},{"damage":0,"enemies":"2 Orb Walkers","floor":48,"turns":5},{"damage":4,"enemies":"Time Eater","floor":50,"turns":12}],"event_choices":[{"event_name":"Big Fish","player_choice":"Donut","floor":4,"damage_taken":0},{"event_name":"Upgrade Shrine","player_choice":"Upgraded","floor":12,"damage_taken":0},{"event_name":"Back to Basics","player_choice":"Simplicity","floor":20,"damage_taken":0},{"event_name":"Vampires","player_choice":"Ignored","floor":21,"damage_taken":0},{"event_name":"Bonfire Elementals","player_choice":"BASIC","floor":38,"damage_taken":0},{"event_name":"Winding Halls","player_choice":"Embrace Madness","floor":44,"damage_taken":0}],"boss_relics":[{"not_picked":["Velvet Choker","Cursed Key"],"picked":"Ectoplasm"},{"not_picked":["Question Card","Orrery"],"picked":"Lizard Tail"}],"potions_floor_spawned":[5,7,11,14,18,19,23,33,35,37,48],"seed_played":"363829603929307591","ascension_level":8,"is_trial":false}