{"gold_per_floor":[20,33,33,33,46,46,61,92,116,116,134,161,161,86,86,162,162,176,176,20,37,53,53,78,93,93,93,93,106,116,147,147,226,226,246,260,277,277,293,293,306,322,375,393,9,9,27,42,42,42],"floor_reached":51,"playtime":4177,"items_purged":["Strike_R","Strike_R"],"score":1442,"play_id":"49266541-2db0-465b-884e-64eb646f6e57","local_time":"20190226233024","is_ascension_mode":true,"campfire_choices":[{"data":"Bash","floor":6,"key":"SMITH"},{"floor":10,"key":"REST"},{"data":"Disarm","floor":13,"key":"SMITH"},{"data":"Heavy Blade","floor":15,"key":"SMITH"},{"floor":23,"key":"REST"},{"data":"True Grit","floor":27,"key":"SMITH"},{"data":"Spot Weakness","floor":32,"key":"SMITH"},{"floor":40,"key":"REST"},{"data":"Dual Wield","floor":49,"key":"SMITH"}],"neow_cost":"NO_GOLD","seed_source_timestamp":36723204893261,"circlet_count":0,"master_deck":["AscendersBane","Strike_R+1","Strike_R+1","Defend_R","Defend_R","Defend_R","Defend_R","Bash+1","Feed+1","Carnage","Inflame","Clothesline","Heavy Blade+1","Feel No Pain","Disarm+1","Reaper","Battle Trance","Corruption","Impervious","Cleave","True Grit+1","Spot Weakness+1","Shockwave","Dual Wield+1","Dark Embrace","Headbutt","Metallicize"],"relics":["Burning Blood","Pen Nib","Whetstone","Bronze Scales","Velvet Choker","Pantograph","Kunai","Runic Pyramid","Vajra","Paper Frog"],"potions_floor_usage":[7,8,16,24,33,37,41,47],"damage_taken":[{"damage":6,"enemies":"Cultist","floor":1,"turns":3},{"damage":0,"enemies":"2 Louse","floor":2,"turns":2},{"damage":12,"enemies":"Jaw Worm","floor":5,"turns":3},{"damage":15,"enemies":"Red Slaver","floor":7,"turns":4},{"damage":58,"enemies":"3 Sentries","floor":8,"turns":11},{"damage":18,"enemies":"3 Louse","floor":11,"turns":4},{"damage":8,"enemies":"Gremlin Nob","floor":12,"turns":3},{"damage":7,"enemies":"Hexaghost","floor":16,"turns":9},{"damage":15,"enemies":"3 Byrds","floor":18,"turns":2},{"damage":14,"enemies":"2 Thieves","floor":21,"turns":4},{"damage":42,"enemies":"Chosen and Byrds","floor":22,"turns":4},{"damage":17,"enemies":"Slavers","floor":24,"turns":4},{"damage":21,"enemies":"Sentry and Sphere","floor":25,"turns":6},{"damage":46,"enemies":"Shelled Parasite and Fungi","floor":29,"turns":9},{"damage":3,"enemies":"Snake Plant","floor":30,"turns":5},{"damage":2,"enemies":"Gremlin Leader","floor":31,"turns":8},{"damage":38,"enemies":"Champ","floor":33,"turns":17},{"damage":24,"enemies":"3 Shapes","floor":35,"turns":8},{"damage":0,"enemies":"Orb Walker","floor":36,"turns":3},{"damage":109,"enemies":"Transient","floor":37,"turns":6},{"damage":28,"enemies":"3 Darklings","floor":39,"turns":7},{"damage":8,"enemies":"Spire Growth","floor":41,"turns":6},{"damage":30,"enemies":"Writhing Mass","floor":42,"turns":7},{"damage":24,"enemies":"4 Shapes","floor":44,"turns":9},{"damage":40,"enemies":"Jaw Worm Horde","floor":47,"turns":5},{"damage":80,"enemies":"Spire Growth","floor":48,"turns":7},{"damage":81,"enemies":"Donu and Deca","floor":50,"turns":8}],"seed_played":"-7577340488350927141","potions_obtained":[{"floor":1,"key":"Block Potion"},{"floor":5,"key":"SteroidPotion"},{"floor":11,"key":"Block Potion"},{"floor":22,"key":"Explosive Potion"},{"floor":30,"key":"FearPotion"},{"floor":31,"key":"FearPotion"},{"floor":33,"key":"SpeedPotion"},{"floor":39,"key":"Explosive Potion"},{"floor":41,"key":"Energy Potion"},{"floor":42,"key":"FearPotion"}],"is_trial":false,"path_per_floor":["M","M","?","?","M","R","M","E","T","R","M","E","R","$","R","B",null,"M","?","$","M","M","R","E","M","T","R","?","M","M","E","R","B",null,"M","M","M","?","M","R","M","M","T","M","$","?","M","M","R","B",null],"character_chosen":"IRONCLAD","items_purchased":["Impervious","Paper Frog"],"campfire_rested":3,"item_purchase_floors":[20,45],"current_hp_per_floor":[71,77,77,77,75,75,70,22,22,49,41,39,39,39,39,38,80,71,71,71,63,43,72,71,63,63,63,63,32,52,87,87,114,114,104,114,35,35,53,90,107,104,104,133,133,133,135,87,87,63],"gold":42,"neow_bonus":"THREE_RARE_CARDS","is_prod":false,"is_daily":false,"chose_seed":false,"campfire_upgraded":6,"win_rate":0,"timestamp":1551241824,"path_taken":["M","?","?","?","M","R","M","E","T","R","M","E","R","$","R","BOSS","M","?","$","M","M","R","E","M","T","R","?","M","?","E","R","BOSS","M","M","M","?","M","R","M","M","T","M","$","?","?","M","R","BOSS"],"build_version":"2019-01-23","purchased_purges":2,"victory":true,"max_hp_per_floor":[78,78,78,78,82,82,86,90,90,90,94,94,94,94,94,94,94,94,94,94,94,98,98,102,102,102,102,102,106,110,114,114,114,114,118,122,122,122,126,126,130,134,134,142,142,142,146,150,150,150],"card_choices":[{"not_picked":["Brutality","Limit Break"],"picked":"Feed","floor":0},{"not_picked":["Sword Boomerang","Fire Breathing"],"picked":"Carnage","floor":1},{"not_picked":["Infernal Blade","Heavy Blade"],"picked":"Inflame","floor":2},{"not_picked":["Battle Trance","Corruption"],"picked":"Clothesline","floor":5},{"not_picked":["Blood for Blood","Body Slam","Searing Blow"],"picked":"SKIP","floor":7},{"not_picked":["Corruption","Combust"],"picked":"Heavy Blade","floor":8},{"not_picked":["Havoc","Searing Blow"],"picked":"Feel No Pain","floor":11},{"not_picked":["Havoc","Pummel"],"picked":"Disarm","floor":12},{"not_picked":["Impervious","Brutality"],"picked":"Reaper","floor":16},{"not_picked":["Pommel Strike+1","Sever Soul"],"picked":"Battle Trance","floor":18},{"not_picked":["Body Slam","Wild Strike+1"],"picked":"Cleave","floor":21},{"not_picked":["Clash","Iron Wave"],"picked":"True Grit","floor":22},{"not_picked":["Second Wind","Seeing Red","Anger+1"],"picked":"SKIP","floor":24},{"not_picked":["Sever Soul+1","Twin Strike"],"picked":"Spot Weakness","floor":25},{"not_picked":["Battle Trance","Infernal Blade"],"picked":"Shockwave","floor":29},{"not_picked":["Rampage","Cleave"],"picked":"Dual Wield","floor":30},{"not_picked":["Twin Strike","Seeing Red+1","Pommel Strike"],"picked":"SKIP","floor":31},{"not_picked":["Immolate","Offering"],"picked":"Dark Embrace","floor":33},{"not_picked":["Body Slam+1","Clash","Blood for Blood"],"picked":"SKIP","floor":35},{"not_picked":["Cleave","Pommel Strike"],"picked":"Headbutt","floor":36},{"not_picked":["Twin Strike+1","Perfected Strike","Headbutt"],"picked":"SKIP","floor":37},{"not_picked":["Armaments+1","Cleave","Blood for Blood"],"picked":"SKIP","floor":39},{"not_picked":["Wild Strike","Burning Pact"],"picked":"Metallicize","floor":41},{"not_picked":["Havoc","Shrug It Off","Fire Breathing"],"picked":"SKIP","floor":42},{"not_picked":["Twin Strike","Headbutt","Wild Strike"],"picked":"SKIP","floor":44},{"not_picked":["Anger","Sword Boomerang","Rage+1"],"picked":"SKIP","floor":47},{"not_picked":["Seeing Red","Perfected Strike","Body Slam"],"picked":"SKIP","floor":48}],"player_experience":553492,"relics_obtained":[{"floor":8,"key":"Pen Nib"},{"floor":9,"key":"Whetstone"},{"floor":12,"key":"Bronze Scales"},{"floor":24,"key":"Pantograph"},{"floor":31,"key":"Kunai"},{"floor":43,"key":"Vajra"}],"event_choices":[{"damage_healed":0,"gold_gain":0,"player_choice":"Ignored","damage_taken":0,"max_hp_gain":0,"max_hp_loss":0,"event_name":"Liars Game","floor":3,"gold_loss":0},{"damage_healed":0,"gold_gain":0,"player_choice":"Forge","damage_taken":0,"max_hp_gain":0,"max_hp_loss":0,"event_name":"Accursed Blacksmith","floor":4,"gold_loss":0,"cards_upgraded":["Feed"]},{"damage_healed":0,"gold_gain":0,"player_choice":"Read","damage_taken":0,"max_hp_gain":0,"max_hp_loss":0,"event_name":"The Library","floor":19,"gold_loss":0,"cards_obtained":["Corruption"]},{"cards_removed":["Strike_R"],"damage_healed":0,"gold_gain":0,"player_choice":"Purged","damage_taken":0,"max_hp_gain":0,"max_hp_loss":0,"event_name":"Purifier","floor":28,"gold_loss":0},{"damage_healed":0,"gold_gain":0,"player_choice":"Memory 1","damage_taken":0,"max_hp_gain":0,"max_hp_loss":0,"event_name":"SensoryStone","floor":38,"gold_loss":0},{"damage_healed":0,"gold_gain":0,"player_choice":"Ignored","damage_taken":0,"max_hp_gain":0,"max_hp_loss":0,"event_name":"WeMeetAgain","floor":46,"gold_loss":0}],"is_beta":false,"boss_relics":[{"not_picked":["Lizard Tail","Mark of Pain"],"picked":"Velvet Choker"},{"not_picked":["Eternal Feather","Cursed Key"],"picked":"Runic Pyramid"}],"items_purged_floors":[14,45],"is_endless":false,"potions_floor_spawned":[1,5,11,22,30,31,33,39,41,42],"ascension_level":18}