{"path_per_floor":["M","M","?","M","M","R","E","R","T","E","$","R","M","M","R","B",null,"M","$","?","M","M"],"character_chosen":"IRONCLAD","items_purchased":["Bloodletting","Anger","Combust","Bag of Preparation"],"gold_per_floor":[109,119,119,143,162,162,195,195,271,314,167,167,192,211,211,340,340,353,71,21,34,59,59],"floor_reached":23,"campfire_rested":2,"playtime":1897,"current_hp_per_floor":[76,74,54,56,34,34,18,42,42,14,14,38,26,29,29,9,62,50,50,50,33,33,0],"items_purged":["Strike_R","Anger"],"gold":59,"score":305,"play_id":"697f8a29-1687-48d8-afde-33d86470298a","local_time":"20180417222205","is_prod":false,"is_daily":false,"chose_seed":false,"is_ascension_mode":true,"campfire_upgraded":2,"timestamp":1524028925,"path_taken":["M","M","?","M","M","R","E","R","T","E","$","R","M","M","R","BOSS","M","$","?","M","M","E"],"build_version":"2018-04-12","seed_source_timestamp":185975264421911,"purchased_purges":2,"victory":false,"master_deck":["Bash","AscendersBane","Fire Breathing","Flex","Armaments+1","Shrug It Off","Rupture","Clash","Bloodletting","Anger+1","Flex","Clash","Demon Form","Sentinel","Twin Strike","Reckless Charge","Shrug It Off","Armaments","Pommel Strike","Rage","Clash+1","Combust","Sever Soul+1"],"max_hp_per_floor":[80,80,80,80,80,80,80,80,80,80,80,80,80,80,80,80,80,80,80,80,80,80,80],"relics":["Burning Blood","Orichalcum","Golden Idol","Gambling Chip","Smiling Mask","Gremlin Horn","Pandora\u0027s Box","Bag of Preparation"],"card_choices":[{"not_picked":["Cleave","Sever Soul"],"picked":"Fire Breathing","floor":1},{"not_picked":["Clothesline","Headbutt"],"picked":"Flex","floor":2},{"not_picked":["Perfected Strike","Cleave"],"picked":"Armaments","floor":4},{"not_picked":["Iron Wave","Double Tap"],"picked":"Shrug It Off","floor":5},{"not_picked":["Intimidate","Warcry"],"picked":"Rupture","floor":7},{"not_picked":["Shrug It Off","Uppercut"],"picked":"Clash","floor":10},{"not_picked":["Sword Boomerang","Headbutt"],"picked":"Flex","floor":13},{"not_picked":["Perfected Strike","Immolate"],"picked":"Clash","floor":14},{"not_picked":["Reaper","Exhume"],"picked":"Demon Form","floor":16},{"not_picked":["Sword Boomerang","Body Slam"],"picked":"Clash","floor":18},{"not_picked":["Uppercut","Metallicize"],"picked":"Sever Soul","floor":21}],"player_experience":421113,"potions_floor_usage":[7,10,16,23,23,23],"damage_taken":[{"damage":2,"enemies":"2 Louse","floor":1,"turns":3},{"damage":8,"enemies":"Jaw Worm","floor":2,"turns":5},{"damage":4,"enemies":"Cultist","floor":4,"turns":5},{"damage":28,"enemies":"Gremlin Gang","floor":5,"turns":7},{"damage":22,"enemies":"3 Sentries","floor":7,"turns":12},{"damage":34,"enemies":"Gremlin Nob","floor":10,"turns":6},{"damage":18,"enemies":"Large Slime","floor":13,"turns":7},{"damage":3,"enemies":"Looter","floor":14,"turns":3},{"damage":26,"enemies":"Slime Boss","floor":16,"turns":6},{"damage":18,"enemies":"2 Thieves","floor":18,"turns":4},{"damage":23,"enemies":"Shell Parasite","floor":21,"turns":5},{"damage":6,"enemies":"3 Cultists","floor":22,"turns":3},{"damage":37,"enemies":"Gremlin Leader","floor":23,"turns":4}],"event_choices":[{"event_name":"Golden Idol","player_choice":"Take Damage","floor":3,"damage_taken":0},{"event_name":"The Joust","player_choice":"Bet on Murderer","floor":20,"damage_taken":0}],"boss_relics":[{"not_picked":["Calling Bell","Tiny House"],"picked":"Pandora\u0027s Box"}],"potions_floor_spawned":[2,4,10,13,14,18],"seed_played":"-3784435731701659700","killed_by":"Gremlin Leader","ascension_level":10,"is_trial":false}