{"path_per_floor":["M","M","M","M","M","E","R","?","T","E","M","E","M","E","R","B",null,"M","M","$","?","?","E","R","E","T","M","$","R","M","?","R","B",null,"M","M","?","$","M","R","M","M","T","R","E","R","E","M","R","B"],"character_chosen":"THE_SILENT","items_purchased":["Noxious Fumes","Shuriken","Strength Potion"],"gold_per_floor":[113,129,141,152,163,198,198,198,198,223,240,267,284,312,312,386,386,396,408,297,212,212,243,243,268,268,287,187,187,202,202,202,276,276,290,310,358,49,64,64,84,95,146,146,180,180,206,224,224,224],"floor_reached":51,"campfire_rested":3,"playtime":5739,"current_hp_per_floor":[57,48,48,42,42,25,25,25,25,36,36,21,21,21,21,20,55,40,40,40,40,53,43,43,31,31,20,20,20,20,20,20,28,54,43,43,26,26,26,44,44,44,44,44,32,50,50,50,63,19],"items_purged":["Parasite","Strike_G"],"gold":224,"score":1170,"play_id":"a02a4ecd-c07f-4ba5-841f-3752bb5c16fd","is_prod":false,"is_daily":false,"is_ascension_mode":true,"campfire_upgraded":3,"path_taken":["M","M","M","M","M","E","R","?","T","E","M","E","M","E","R","BOSS","M","M","$","?","?","E","R","E","T","M","$","R","M","?","R","BOSS","M","M","?","$","M","R","M","M","T","R","E","R","E","M","R","BOSS"],"build_version":"2018-02-16-BETA2","purchased_purges":2,"victory":true,"master_deck":["Defend_G+1","Defend_G+1","Defend_G+1","Defend_G+1","Defend_G+1","Strike_G+1","Strike_G+1","Strike_G+1","Survivor","Neutralize+1","Footwork+1","Sucker Punch","Dagger Throw","Infinite Blades","Cloak And Dagger","Doppelganger","Cloak And Dagger","Well Laid Plans","Terror","Infinite Blades","Tactician","Cloak And Dagger","Dagger Throw","Backstab","Blur","Die Die Die","Backflip","Noxious Fumes+1","Predator","Footwork+1","Envenom","Caltrops","Leg Sweep","Choke","Bane","Backstab","Phantasmal Killer","Leg Sweep"],"max_hp_per_floor":[66,66,66,66,66,66,66,66,66,66,66,66,66,66,66,66,66,66,66,63,63,63,63,63,63,63,63,63,63,63,63,63,63,63,63,63,63,63,63,63,63,63,63,63,63,63,63,63,63,63],"relics":["Ring of the Snake","Oddly Smooth Stone","Girya","Gambling Chip","Lantern","Ninja Scroll","Orrery","Prayer Wheel","Mummified Hand","Pantograph","Ancient Tea Set","Runic Dome","Du-Vu Doll","Shuriken","Art of War","Dead Branch","Frozen Egg 2"],"card_choices":[{"not_picked":["Deadly Poison","Bane"],"picked":"Footwork"},{"not_picked":["Crippling Poison","PiercingWail"],"picked":"Sucker Punch"},{"not_picked":["Predator","Bane"],"picked":"Dagger Throw"},{"not_picked":["Prepared","PiercingWail"],"picked":"Infinite Blades"},{"not_picked":["PiercingWail","Flechettes"],"picked":"Cloak And Dagger"},{"not_picked":["Quick Slash","Acrobatics"],"picked":"Cloak And Dagger"},{"not_picked":["Backflip","Leg Sweep"],"picked":"Well Laid Plans"},{"not_picked":["Riddle With Holes","Infinite Blades"],"picked":"Terror"},{"not_picked":["Riddle With Holes","Deflect"],"picked":"Infinite Blades"},{"not_picked":["Burst","Phantasmal Killer"],"picked":"Tactician"},{"not_picked":["Blur","Blade Dance"],"picked":"Cloak And Dagger"},{"not_picked":["Slice","Crippling Poison"],"picked":"Dagger Throw"},{"not_picked":["Underhanded Strike","Deadly Poison"],"picked":"Backstab"},{"not_picked":["PiercingWail","Bouncing Flask"],"picked":"Blur"},{"not_picked":["Outmaneuver","Malaise"],"picked":"Die Die Die"},{"not_picked":["Choke","All Out Attack"],"picked":"Backflip"},{"not_picked":["Sucker Punch","Quick Slash"],"picked":"Predator"},{"not_picked":["Caltrops","Underhanded Strike"],"picked":"Footwork"},{"not_picked":["Die Die Die","Venomology"],"picked":"Envenom"},{"not_picked":["Leg Sweep","Crippling Poison"],"picked":"Caltrops"},{"not_picked":["Deflect","Tactician"],"picked":"Leg Sweep"},{"not_picked":["Catalyst","Cloak And Dagger"],"picked":"Choke"},{"not_picked":["Cloak And Dagger","Underhanded Strike"],"picked":"Bane"},{"not_picked":["Dagger Throw","Expertise"],"picked":"Backstab"},{"not_picked":["Prepared","PiercingWail"],"picked":"Phantasmal Killer"},{"not_picked":["Expertise","Underhanded Strike"],"picked":"Leg Sweep"}],"player_experience":749663,"potions_floor_usage":[4,6,10,12,23,23,30,33,33,45,50,50],"damage_taken":[{"damage":2,"enemies":"Small Slimes","floor":1,"turns":5},{"damage":9,"enemies":"Cultist","floor":2,"turns":4},{"damage":0,"enemies":"Jaw Worm","floor":3,"turns":7},{"damage":6,"enemies":"Lots of Slimes","floor":4,"turns":7},{"damage":0,"enemies":"2 Fungi Beasts","floor":5,"turns":4},{"damage":17,"enemies":"Gremlin Nob","floor":6,"turns":4},{"damage":1,"enemies":"Lagavulin","floor":10,"turns":10},{"damage":0,"enemies":"Blue Slaver","floor":11,"turns":4},{"damage":15,"enemies":"Gremlin Nob","floor":12,"turns":4},{"damage":0,"enemies":"3 Louse","floor":13,"turns":4},{"damage":0,"enemies":"Lagavulin","floor":14,"turns":6},{"damage":1,"enemies":"Slime Boss","floor":16,"turns":7},{"damage":15,"enemies":"Chosen","floor":18,"turns":4},{"damage":0,"enemies":"2 Thieves","floor":19,"turns":4},{"damage":10,"enemies":"Slavers","floor":23,"turns":4},{"damage":12,"enemies":"Gremlin Leader","floor":25,"turns":4},{"damage":11,"enemies":"Centurion and Healer","floor":27,"turns":3},{"damage":0,"enemies":"3 Cultists","floor":30,"turns":3},{"damage":17,"enemies":"Champ","floor":33,"turns":10},{"damage":11,"enemies":"Flame Bruiser 1 Orb","floor":35,"turns":3},{"damage":0,"enemies":"Orb Walker","floor":36,"turns":2},{"damage":17,"enemies":"Mysterious Sphere","floor":37,"turns":5},{"damage":0,"enemies":"Flame Bruiser 2 Orb","floor":39,"turns":5},{"damage":0,"enemies":"Spire Growth","floor":41,"turns":4},{"damage":0,"enemies":"3 Darklings","floor":42,"turns":4},{"damage":12,"enemies":"2 Orb Walkers","floor":45,"turns":4},{"damage":0,"enemies":"Giant Head","floor":47,"turns":2},{"damage":0,"enemies":"4 Shapes","floor":48,"turns":3},{"damage":44,"enemies":"Time Eater","floor":50,"turns":6}],"event_choices":[{"event_name":"Transmorgrifier","player_choice":"Transform","floor":8,"damage_taken":0},{"event_name":"Addict","player_choice":"Obtained Relic","floor":21,"damage_taken":0},{"event_name":"The Library","player_choice":"Heal","floor":22,"damage_taken":0},{"event_name":"Back to Basics","player_choice":"Simplicity","floor":31,"damage_taken":0},{"event_name":"Mysterious Sphere","player_choice":"Fight","floor":37,"damage_taken":0}],"boss_relics":[{"not_picked":["Snecko Eye","White Beast Statue"],"picked":"Orrery"},{"not_picked":["Philosopher\u0027s Stone","Black Star"],"picked":"Runic Dome"}],"potions_floor_spawned":[3,5,6,10,16,18,19,23,27,36,41,42,48],"seed_played":"-8836562359629368929","ascension_level":15,"is_trial":false}