{"path_per_floor":["M","M","M","M","M","E","M","M","T","R","E","R","M","E","R","B",null,"M","M","M","?","$","R","E","M","T","$","M","R","M","M","R","B",null,"M","M","M","?","$","R","?","$","T","R","M","M","R","$","R","B"],"character_chosen":"THE_SILENT","items_purchased":["Peace Pipe","Master of Strategy"],"gold_per_floor":[115,125,144,162,172,197,215,228,228,228,254,254,266,291,291,389,419,429,442,458,458,86,86,113,123,204,26,44,44,60,80,80,182,182,198,215,235,235,135,135,135,10,10,10,27,37,37,37,37,37],"floor_reached":51,"campfire_rested":1,"playtime":4783,"current_hp_per_floor":[67,65,65,64,64,49,46,37,37,37,31,52,52,47,47,47,75,71,71,71,71,71,71,69,56,56,56,55,55,55,55,55,52,75,63,61,58,58,58,58,58,58,72,72,72,71,71,71,71,71],"items_purged":["Defend_G","Defend_G","Survivor"],"gold":37,"score":620,"play_id":"55dbd9a6-f67a-4916-9ee6-3d0809995660","is_prod":false,"is_daily":false,"is_ascension_mode":false,"campfire_upgraded":2,"path_taken":["M","M","M","M","M","E","M","M","T","R","E","R","M","E","R","BOSS","M","M","M","?","?","R","E","M","T","$","M","R","M","M","R","BOSS","M","M","?","?","$","R","?","$","T","R","M","M","R","?","R","BOSS"],"build_version":"2018-02-12-BETA1","purchased_purges":3,"victory":true,"master_deck":["Neutralize+1","Noxious Fumes+1","Prepared+1","Backflip+1","Malaise+1","Bullet Time+1","Backflip+1","Acrobatics+1","Well Laid Plans+1","Outmaneuver+1","Master of Strategy+1","PiercingWail+1","After Image","Wraith Form+1","Wraith Form+1","Dodge and Roll+1","Prepared+1","Prepared+1"],"max_hp_per_floor":[70,70,70,70,70,70,70,70,70,70,70,70,70,70,70,70,75,75,75,75,75,75,75,75,75,75,75,75,75,75,75,75,75,75,75,75,75,75,75,75,75,75,89,89,89,89,89,89,89,89],"relics":["Ring of the Snake","Toxic Egg 2","Frozen Eye","Bronze Scales","Regal Pillow","Tiny House","Peace Pipe","Centennial Puzzle","Paper Crane","Astrolabe","Mango"],"card_choices":[{"not_picked":["Deflect","Backflip"],"picked":"Flying Knee"},{"not_picked":["A Thousand Cuts","Flying Knee"],"picked":"Dash"},{"not_picked":["Dagger Spray","Flying Knee"],"picked":"Noxious Fumes"},{"not_picked":["Distraction","Caltrops"],"picked":"Prepared"},{"not_picked":["Deadly Poison","Poisoned Stab"],"picked":"Prepared"},{"not_picked":["Expertise","Backstab"],"picked":"Backflip"},{"not_picked":["Quick Slash","Predator"],"picked":"Malaise"},{"not_picked":["Die Die Die","Unload"],"picked":"Bullet Time"},{"not_picked":["Endless Agony","Deflect"],"picked":"Backflip"},{"not_picked":["Deflect","Quick Slash"],"picked":"Acrobatics"},{"not_picked":["Poisoned Stab","Backflip"],"picked":"Well Laid Plans"},{"not_picked":["Backflip","Quick Slash"],"picked":"Outmaneuver"},{"not_picked":["Sucker Punch","Flying Knee"],"picked":"Skewer"},{"not_picked":["Expertise","Outmaneuver"],"picked":"PiercingWail"},{"not_picked":["Die Die Die","Doppelganger"],"picked":"After Image"},{"not_picked":["Deadly Poison","Slice"],"picked":"Prepared"},{"not_picked":["Skewer","Slice"],"picked":"Prepared"}],"player_experience":2135,"potions_floor_usage":[5,18,20,24,25],"damage_taken":[{"damage":3,"enemies":"Jaw Worm","floor":1,"turns":5},{"damage":2,"enemies":"Small Slimes","floor":2,"turns":3},{"damage":0,"enemies":"2 Louse","floor":3,"turns":4},{"damage":1,"enemies":"Exordium Thugs","floor":4,"turns":5},{"damage":0,"enemies":"Gremlin Gang","floor":5,"turns":5},{"damage":15,"enemies":"Gremlin Nob","floor":6,"turns":5},{"damage":3,"enemies":"Large Slime","floor":7,"turns":6},{"damage":9,"enemies":"Exordium Wildlife","floor":8,"turns":4},{"damage":6,"enemies":"Lagavulin","floor":11,"turns":8},{"damage":0,"enemies":"Red Slaver","floor":13,"turns":4},{"damage":5,"enemies":"3 Sentries","floor":14,"turns":6},{"damage":0,"enemies":"Hexaghost","floor":16,"turns":10},{"damage":4,"enemies":"Chosen","floor":18,"turns":6},{"damage":0,"enemies":"3 Byrds","floor":19,"turns":3},{"damage":0,"enemies":"Snecko","floor":20,"turns":5},{"damage":2,"enemies":"Slavers","floor":24,"turns":6},{"damage":13,"enemies":"Chosen and Byrds","floor":25,"turns":6},{"damage":1,"enemies":"Slaver and Parasite","floor":28,"turns":6},{"damage":0,"enemies":"Snecko","floor":30,"turns":4},{"damage":0,"enemies":"Chosen and Byrds","floor":31,"turns":4},{"damage":3,"enemies":"Automaton","floor":33,"turns":12},{"damage":12,"enemies":"3 Darklings","floor":35,"turns":4},{"damage":2,"enemies":"Orb Walker","floor":36,"turns":3},{"damage":3,"enemies":"Flame Bruiser 2 Orb","floor":37,"turns":4},{"damage":0,"enemies":"4 Shapes","floor":45,"turns":4},{"damage":1,"enemies":"Spire Growth","floor":46,"turns":3},{"damage":0,"enemies":"Donu and Deca","floor":50,"turns":5}],"event_choices":[{"event_name":"Back to Basics","player_choice":"Elegance","floor":21,"damage_taken":0},{"event_name":"Mysterious Sphere","player_choice":"Ignore","floor":41,"damage_taken":0}],"boss_relics":[{"not_picked":["Runic Pyramid","Lizard Tail"],"picked":"Tiny House"},{"not_picked":["Question Card","Runic Dome"],"picked":"Astrolabe"}],"potions_floor_spawned":[4,6,8,11,16,19,30,31,33,35,36],"seed_played":"-3419497735322033512","ascension_level":0,"is_trial":false}