{"path_per_floor":["M","M","M","M","$","R","E","R","T","M","?","R","M","$","R","B",null,"M","?","?","$","M","M","E","R","T","$","E","M","R","M","R","B",null,"M","?","$","?","M","R","M","M","T","M","R","M","?","$","R","B"],"character_chosen":"DEFECT","items_purchased":["Defragment","FocusPotion","Defragment","Weak Potion","FocusPotion"],"gold_per_floor":[114,130,141,155,40,40,74,74,100,113,113,113,128,28,28,102,102,90,15,15,15,32,52,84,84,84,7,36,49,49,63,63,141,141,160,160,34,34,48,48,61,77,77,88,88,101,149,77,77,77],"floor_reached":51,"campfire_rested":6,"playtime":4494,"item_purchase_floors":[],"current_hp_per_floor":[62,62,59,57,57,57,39,39,39,39,39,39,39,39,39,39,63,63,63,63,63,63,56,11,33,33,33,33,33,55,55,75,75,75,42,42,42,42,34,61,61,54,58,58,82,82,55,55,79,39],"items_purged":["Strike_B","Strike_B"],"gold":77,"score":1337,"play_id":"989980fa-5f0a-42a9-a3e9-1431b2e7392c","local_time":"20180604113418","is_prod":false,"is_daily":false,"chose_seed":false,"is_ascension_mode":true,"campfire_upgraded":4,"win_rate":0,"timestamp":1528137258,"campfire_choices":[{"data":"Zap","floor":6.0,"key":"SMITH"},{"data":"Barrage","floor":8.0,"key":"SMITH"},{"data":"Defragment","floor":12.0,"key":"SMITH"},{"data":"Buffer","floor":15.0,"key":"SMITH"},{"floor":25.0,"key":"REST"},{"floor":30.0,"key":"REST"},{"floor":32.0,"key":"REST"},{"floor":40,"key":"REST"},{"floor":45,"key":"REST"},{"floor":49,"key":"REST"}],"path_taken":["M","M","M","M","$","R","E","R","T","M","?","R","M","$","R","BOSS","M","?","?","?","M","M","E","R","T","$","E","M","R","?","R","BOSS","M","?","$","?","?","R","M","M","T","M","R","M","?","$","R","BOSS"],"build_version":"2018-05-30v2","seed_source_timestamp":0,"purchased_purges":2,"victory":true,"master_deck":["Defend_B","Defend_B","Defend_B","Defend_B+1","Zap+1","Dualcast+1","AscendersBane","Undo","Barrage+1","Reinforced Body","Defragment+1","Coolheaded","Buffer+1","Seek","Cold Snap","Ball Lightning","Fission","Coolheaded","Sunder","Hologram","Echo Form","Loop","Defragment","Conserve Battery+1","Stack+1","Loop+1"],"max_hp_per_floor":[71,71,71,71,71,71,71,71,71,71,71,71,71,71,71,71,71,75,75,75,75,75,75,75,75,75,75,75,75,75,75,75,75,75,75,75,75,75,75,79,79,79,83,83,83,83,83,83,83,83],"relics":["Cracked Core","Bag of Preparation","Vajra","War Paint","Snecko Eye","Bronze Scales","Dodecahedron","Peace Pipe","Philosopher\u0027s Stone","Frozen Egg 2","Shovel"],"card_choices":[{"not_picked":["Beam Cell","Turbo"],"picked":"Undo","floor":1.0},{"not_picked":["Redo","Reprogram","Rebound"],"picked":"SKIP","floor":2.0},{"not_picked":["Rebound","Go for the Eyes"],"picked":"Barrage","floor":3.0},{"not_picked":["Go for the Eyes","Steam Power"],"picked":"Reinforced Body","floor":4.0},{"not_picked":["Rip and Tear","Rebound"],"picked":"Coolheaded","floor":7.0},{"not_picked":["Recycle","Sweeping Beam"],"picked":"Buffer","floor":10.0},{"not_picked":["Streamline","Rebound"],"picked":"Ball Lightning","floor":13.0},{"not_picked":["Reboot","Core Surge"],"picked":"Fission","floor":16.0},{"not_picked":["Rebound","Go for the Eyes"],"picked":"Coolheaded","floor":18.0},{"not_picked":["Turbo","Streamline+1","Leap"],"picked":"SKIP","floor":22.0},{"not_picked":["Conserve Battery","Stack","Beam Cell"],"picked":"SKIP","floor":23.0},{"not_picked":["FTL+1","Conserve Battery","Go for the Eyes"],"picked":"SKIP","floor":24.0},{"not_picked":["Steam","Scrape"],"picked":"Hologram","floor":28.0},{"not_picked":["Reinforced Body","Multi-Cast","Melter"],"picked":"SKIP","floor":29.0},{"not_picked":["Turbo","Self Repair","FTL+1"],"picked":"SKIP","floor":31.0},{"not_picked":["Rainbow","Hyperbeam"],"picked":"Echo Form","floor":33.0},{"not_picked":["Ball Lightning","Aggregate"],"picked":"Loop","floor":35.0},{"not_picked":["Steam+1","Go for the Eyes"],"picked":"Conserve Battery+1","floor":39},{"not_picked":["Hologram+1","Doom and Gloom"],"picked":"Stack+1","floor":41},{"not_picked":["Chill+1","Beam Cell+1"],"picked":"Loop+1","floor":42},{"not_picked":["Rebound","Consume+1","Hello World+1"],"picked":"SKIP","floor":44},{"not_picked":["Streamline","Conserve Battery","Skim"],"picked":"SKIP","floor":46}],"player_experience":1778379,"potions_floor_usage":[40,43,50,50,50],"damage_taken":[{"damage":2.0,"enemies":"Jaw Worm","floor":1.0,"turns":4.0},{"damage":0.0,"enemies":"Cultist","floor":2.0,"turns":3.0},{"damage":3.0,"enemies":"Small Slimes","floor":3.0,"turns":3.0},{"damage":2.0,"enemies":"2 Fungi Beasts","floor":4.0,"turns":4.0},{"damage":18.0,"enemies":"Lagavulin","floor":7.0,"turns":7.0},{"damage":0.0,"enemies":"Large Slime","floor":10.0,"turns":3.0},{"damage":0.0,"enemies":"Exordium Wildlife","floor":13.0,"turns":5.0},{"damage":0.0,"enemies":"Slime Boss","floor":16.0,"turns":9.0},{"damage":4.0,"enemies":"2 Thieves","floor":18.0,"turns":4.0},{"damage":0.0,"enemies":"Chosen","floor":22.0,"turns":4.0},{"damage":7.0,"enemies":"Snake Plant","floor":23.0,"turns":5.0},{"damage":45.0,"enemies":"Book of Stabbing","floor":24.0,"turns":8.0},{"damage":0.0,"enemies":"Gremlin Leader","floor":28.0,"turns":8.0},{"damage":0.0,"enemies":"Cultist and Chosen","floor":29.0,"turns":5.0},{"damage":0.0,"enemies":"Snecko","floor":31.0,"turns":5.0},{"damage":0.0,"enemies":"Automaton","floor":33.0,"turns":10.0},{"damage":33.0,"enemies":"3 Darklings","floor":35.0,"turns":6.0},{"damage":8,"enemies":"3 Shapes","floor":39,"turns":3},{"damage":0,"enemies":"Maw","floor":41,"turns":8},{"damage":7,"enemies":"Flame Bruiser 2 Orb","floor":42,"turns":9},{"damage":0,"enemies":"Spire Growth","floor":44,"turns":5},{"damage":0,"enemies":"Maw","floor":46,"turns":9},{"damage":27,"enemies":"Mysterious Sphere","floor":47,"turns":7},{"damage":40,"enemies":"Time Eater","floor":50,"turns":16}],"relics_obtained":[{"floor":7.0,"key":"Vajra"},{"floor":9.0,"key":"War Paint"},{"floor":24.0,"key":"Bronze Scales"},{"floor":26.0,"key":"Dodecahedron"},{"floor":28.0,"key":"Peace Pipe"},{"floor":43,"key":"Frozen Egg 2"},{"floor":47,"key":"Shovel"}],"event_choices":[{"event_name":"Match and Keep!","player_choice":"2 cards matched","floor":11.0,"damage_taken":0.0},{"event_name":"Match and Keep!","player_choice":"2 cards matched","floor":11.0,"damage_taken":0.0},{"event_name":"Beggar","player_choice":"Gave Gold","floor":19.0,"damage_taken":0.0},{"event_name":"The Library","player_choice":"Read","floor":20.0,"damage_taken":0.0},{"event_name":"Tomb of Lord Red Mask","player_choice":"Ignored","floor":36.0,"damage_taken":0.0},{"event_name":"Purifier","player_choice":"One Purge","floor":38,"damage_taken":0},{"event_name":"Mysterious Sphere","player_choice":"Fight","floor":47,"damage_taken":0}],"boss_relics":[],"items_purged_floors":[],"potions_floor_spawned":[1,3,10,16,22,23,29,39,42,44,46],"seed_played":"8501282266337865295","ascension_level":15,"potions_obtained":[{"floor":1.0,"key":"Poison Potion"},{"floor":3.0,"key":"FocusPotion"},{"floor":10.0,"key":"SkillPotion"},{"floor":16.0,"key":"Fruit Juice"},{"floor":22.0,"key":"EssenceOfSteel"},{"floor":29.0,"key":"LiquidBronze"},{"floor":39,"key":"Fruit Juice"},{"floor":42,"key":"Fruit Juice"},{"floor":44,"key":"FocusPotion"}],"is_trial":false}