{"gold_per_floor":[112,112,123,140,157,157,157,20,20,31,31,58,58,91,91,164,164,175,175,55,55,74,74,74],"floor_reached":24,"playtime":935,"items_purged":[],"score":320,"play_id":"dee19ba5-86a6-431a-8d32-1e5bdbb23068","local_time":"20190120233926","is_ascension_mode":true,"campfire_choices":[{"data":"Inflame","floor":6,"key":"SMITH"},{"data":"Armaments","floor":11,"key":"SMITH"},{"data":"Metallicize","floor":13,"key":"SMITH"},{"data":"Flex","floor":15,"key":"SMITH"},{"data":"Panacea","floor":23,"key":"SMITH"}],"neow_cost":"PERCENT_DAMAGE","seed_source_timestamp":950083623241300,"circlet_count":0,"master_deck":["AscendersBane","Strike_R","Strike_R","Strike_R","Strike_R","Strike_R","Defend_R","Defend_R","Defend_R","Defend_R","Bash+1","Finesse","Flex+1","Evolve","Inflame+1","Iron Wave","Armaments+1","Metallicize+1","Cleave","Pommel Strike","Offering","Panacea+1","Dropkick","Disarm"],"relics":["Burning Blood","Magic Flower","Odd Mushroom","Bottled Flame","Snecko Eye","Smiling Mask","Matryoshka"],"potions_floor_usage":[14,16],"damage_taken":[{"damage":4,"enemies":"Jaw Worm","floor":1,"turns":6},{"damage":1,"enemies":"Cultist","floor":3,"turns":4},{"damage":7,"enemies":"Small Slimes","floor":4,"turns":4},{"damage":15,"enemies":"Blue Slaver","floor":5,"turns":4},{"damage":10,"enemies":"3 Louse","floor":10,"turns":3},{"damage":21,"enemies":"The Mushroom Lair","floor":12,"turns":5},{"damage":24,"enemies":"Gremlin Nob","floor":14,"turns":6},{"damage":31,"enemies":"Hexaghost","floor":16,"turns":10},{"damage":15,"enemies":"Shell Parasite","floor":18,"turns":3},{"damage":26,"enemies":"Spheric Guardian","floor":22,"turns":6},{"damage":44,"enemies":"Book of Stabbing","floor":24,"turns":5}],"seed_played":"-8293564599003572039","potions_obtained":[{"floor":1,"key":"Ancient Potion"},{"floor":5,"key":"Weak Potion"},{"floor":16,"key":"Swift Potion"},{"floor":18,"key":"Weak Potion"}],"is_trial":false,"path_per_floor":["M","?","M","M","M","R","?","$","T","M","R","?","R","E","R","B",null,"M","?","$","T","M","R","E"],"character_chosen":"IRONCLAD","items_purchased":["Armaments","Metallicize","Cleave","Panacea","Dropkick"],"campfire_rested":0,"item_purchase_floors":[8,8,8,20,20],"current_hp_per_floor":[53,80,80,79,70,70,70,70,70,69,69,57,57,42,42,20,65,59,59,59,59,42,42,0],"gold":74,"neow_bonus":"RANDOM_COLORLESS_2","is_prod":false,"is_daily":false,"chose_seed":false,"campfire_upgraded":5,"win_rate":0,"timestamp":1548027566,"path_taken":["M","?","M","?","M","R","?","$","T","M","R","?","R","E","R","BOSS","M","?","?","?","M","R","E"],"build_version":"2019-01-17v2","purchased_purges":0,"victory":false,"max_hp_per_floor":[80,80,80,80,80,80,80,80,80,80,80,80,80,80,80,80,80,80,80,80,80,80,80,80],"card_choices":[{"not_picked":["Heavy Blade","Intimidate"],"picked":"Flex","floor":1},{"not_picked":["Cleave","Flex"],"picked":"Evolve","floor":3},{"not_picked":["Battle Trance","Anger"],"picked":"Inflame","floor":4},{"not_picked":["Heavy Blade","Infernal Blade"],"picked":"Iron Wave","floor":5},{"not_picked":["Clothesline","Power Through","Blood for Blood"],"picked":"SKIP","floor":10},{"not_picked":["Perfected Strike","Second Wind"],"picked":"Pommel Strike","floor":14},{"not_picked":["Exhume","Fiend Fire"],"picked":"Offering","floor":16},{"not_picked":["Perfected Strike+1","Thunderclap","Rampage"],"picked":"SKIP","floor":18},{"not_picked":["Dropkick","Flex"],"picked":"Disarm","floor":22}],"player_experience":551031,"relics_obtained":[{"floor":9,"key":"Magic Flower"},{"floor":12,"key":"Odd Mushroom"},{"floor":14,"key":"Bottled Flame"},{"floor":21,"key":"Matryoshka"}],"event_choices":[{"cards_removed":["Impatience"],"damage_healed":27,"gold_gain":0,"player_choice":"Offered Uncommon","damage_taken":0,"max_hp_gain":0,"max_hp_loss":0,"event_name":"Bonfire Elementals","floor":2,"gold_loss":0},{"damage_healed":0,"gold_gain":0,"player_choice":"Grow","damage_taken":0,"max_hp_gain":0,"max_hp_loss":0,"event_name":"Living Wall","floor":7,"gold_loss":0,"cards_upgraded":["Bash"]},{"damage_healed":0,"gold_gain":0,"player_choice":"Fought Mushrooms","damage_taken":0,"max_hp_gain":0,"max_hp_loss":0,"event_name":"Mushrooms","floor":12,"gold_loss":0},{"damage_healed":0,"gold_gain":0,"player_choice":"Gave Potion","damage_taken":0,"relics_obtained":["Smiling Mask"],"max_hp_gain":0,"max_hp_loss":0,"event_name":"WeMeetAgain","floor":19,"gold_loss":0}],"is_beta":false,"boss_relics":[{"not_picked":["Sozu","Mark of Pain"],"picked":"Snecko Eye"}],"items_purged_floors":[],"is_endless":false,"potions_floor_spawned":[1,5,12,16,18],"killed_by":"Book of Stabbing","ascension_level":13}