{"gold_per_floor":[119,119,138,138,161,161,1,1,1,21,62,62,76,76,76,174,174,194,194,194,37,60,95,0,0,51,71,71,71,85,109,109,202,202,217,217,217,237,262,262,278,278,278,278],"floor_reached":44,"playtime":2054,"items_purged":[],"score":818,"play_id":"5c8f6fb7-4ea6-479d-9fe5-ee4959853418","local_time":"20190310233731","is_ascension_mode":true,"campfire_choices":[{"data":"Darkness","floor":6,"key":"SMITH"},{"data":"Defragment","floor":12,"key":"SMITH"},{"floor":15,"key":"REST"},{"data":"Self Repair","floor":25,"key":"SMITH"},{"floor":28,"key":"REST"},{"data":"Biased Cognition","floor":32,"key":"SMITH"},{"data":"Go for the Eyes","floor":40,"key":"SMITH"},{"data":"White Noise","floor":42,"key":"SMITH"}],"neow_cost":"PERCENT_DAMAGE","seed_source_timestamp":622858505115300,"circlet_count":0,"master_deck":["AscendersBane","Strike_B+1","Strike_B+1","Defend_B+1","Defend_B+1","Defend_B+1","Defend_B+1","Dualcast+1","Cold Snap","Darkness+1","White Noise+1","FTL","Self Repair+1","Ball Lightning","Go for the Eyes+1","Defragment+1","Conserve Battery+1","Biased Cognition+1","Undo+1","Force Field+1","Conserve Battery+1","Conserve Battery+1","Multi-Cast+1"],"relics":["Cracked Core","Golden Idol","Toxic Egg 2","Oddly Smooth Stone","Regal Pillow","Sozu","DataDisk","Strawberry","Bag of Preparation","Velvet Choker"],"potions_floor_usage":[11],"damage_taken":[{"damage":0,"enemies":"Small Slimes","floor":1,"turns":3},{"damage":0,"enemies":"2 Louse","floor":3,"turns":2},{"damage":5,"enemies":"Jaw Worm","floor":5,"turns":3},{"damage":11,"enemies":"Red Slaver","floor":10,"turns":3},{"damage":0,"enemies":"Lagavulin","floor":11,"turns":7},{"damage":31,"enemies":"Gremlin Gang","floor":13,"turns":5},{"damage":14,"enemies":"Hexaghost","floor":16,"turns":9},{"damage":0,"enemies":"Chosen","floor":18,"turns":5},{"damage":18,"enemies":"2 Thieves","floor":22,"turns":5},{"damage":23,"enemies":"Gremlin Leader","floor":23,"turns":7},{"damage":18,"enemies":"Snake Plant","floor":27,"turns":3},{"damage":7,"enemies":"Snecko","floor":30,"turns":6},{"damage":12,"enemies":"Centurion and Healer","floor":31,"turns":9},{"damage":18,"enemies":"Automaton","floor":33,"turns":12},{"damage":11,"enemies":"Orb Walker","floor":35,"turns":4},{"damage":0,"enemies":"3 Shapes","floor":38,"turns":7},{"damage":7,"enemies":"Spire Growth","floor":39,"turns":5},{"damage":4,"enemies":"Transient","floor":41,"turns":5},{"damage":77,"enemies":"2 Orb Walkers","floor":44,"turns":5}],"seed_played":"-6490910931652634782","potions_obtained":[{"floor":5,"key":"EssenceOfSteel"},{"floor":10,"key":"Energy Potion"},{"floor":11,"key":"AttackPotion"}],"is_trial":false,"path_per_floor":["M","?","M","?","M","R","$","$","T","M","E","R","M","T","R","B",null,"M","?","?","$","M","E","?","R","T","M","R","?","M","M","R","B",null,"M","?","?","M","M","R","M","R","T","?"],"character_chosen":"DEFECT","items_purchased":["FTL","Self Repair","Ball Lightning","DataDisk"],"campfire_rested":2,"item_purchase_floors":[7,7,7,21],"current_hp_per_floor":[46,46,46,46,41,41,41,41,41,30,37,37,13,13,47,40,58,64,64,64,64,53,37,37,37,37,19,55,55,58,56,56,48,65,64,64,64,71,71,71,71,71,71,0],"gold":278,"neow_bonus":"REMOVE_TWO","is_prod":false,"is_daily":false,"chose_seed":false,"campfire_upgraded":6,"win_rate":0,"timestamp":1552261051,"path_taken":["M","?","M","?","M","R","?","$","T","?","E","R","?","?","R","BOSS","M","?","?","$","M","E","?","R","T","M","R","?","M","M","R","BOSS","M","?","?","M","?","R","?","R","T","?"],"build_version":"2019-01-23","purchased_purges":0,"victory":false,"max_hp_per_floor":[71,71,71,64,64,64,64,64,64,64,64,64,64,64,64,64,64,64,64,64,64,64,71,71,71,71,71,71,71,71,71,71,71,71,71,71,71,71,71,71,71,71,71,71],"card_choices":[{"not_picked":["Beam Cell","Turbo"],"picked":"Cold Snap","floor":1},{"not_picked":["Steam","Streamline"],"picked":"Darkness","floor":3},{"not_picked":["Barrage","Steam"],"picked":"White Noise","floor":5},{"not_picked":["Gash","Loop"],"picked":"Go for the Eyes","floor":10},{"not_picked":["Cold Snap","All For One"],"picked":"Defragment","floor":11},{"not_picked":["Turbo+1","Gash"],"picked":"Conserve Battery+1","floor":13},{"not_picked":["Echo Form","Machine Learning"],"picked":"Biased Cognition","floor":16},{"not_picked":["Barrage+1","Reprogram+1","Melter"],"picked":"SKIP","floor":18},{"not_picked":["Heatsinks","Blizzard"],"picked":"Undo+1","floor":22},{"not_picked":["Hello World","Hologram+1"],"picked":"Force Field+1","floor":23},{"not_picked":["Turbo+1","Compile Driver","Ball Lightning"],"picked":"SKIP","floor":27},{"not_picked":["Beam Cell","Hologram+1"],"picked":"Conserve Battery+1","floor":30},{"not_picked":["Beam Cell","Sunder+1"],"picked":"Conserve Battery+1","floor":31},{"not_picked":["All For One","Core Surge"],"picked":"Multi-Cast+1","floor":33},{"not_picked":["Go for the Eyes","Beam Cell","Storm"],"picked":"SKIP","floor":35},{"not_picked":["Streamline+1","Conserve Battery+1","Turbo+1"],"picked":"SKIP","floor":38},{"not_picked":["Redo+1","Doom and Gloom+1","Hologram+1"],"picked":"SKIP","floor":39},{"not_picked":["Redo+1","Steam Power+1","Scrape"],"picked":"SKIP","floor":41}],"player_experience":602307,"relics_obtained":[{"floor":9,"key":"Toxic Egg 2"},{"floor":11,"key":"Oddly Smooth Stone"},{"floor":14,"key":"Regal Pillow"},{"floor":23,"key":"Strawberry"},{"floor":26,"key":"Bag of Preparation"}],"event_choices":[{"damage_healed":0,"gold_gain":0,"player_choice":"Grow","damage_taken":0,"max_hp_gain":0,"max_hp_loss":0,"event_name":"Living Wall","floor":2,"gold_loss":0,"cards_upgraded":["Dualcast"]},{"damage_healed":0,"gold_gain":0,"player_choice":"Lose Max HP","damage_taken":0,"relics_obtained":["Golden Idol"],"max_hp_gain":0,"max_hp_loss":7,"event_name":"Golden Idol","floor":4,"gold_loss":0},{"damage_healed":0,"gold_gain":0,"player_choice":"Simplicity","damage_taken":0,"max_hp_gain":0,"max_hp_loss":0,"event_name":"Back to Basics","floor":19,"gold_loss":0,"cards_upgraded":["Strike_B","Strike_B","Defend_B","Defend_B","Defend_B","Defend_B"]},{"damage_healed":0,"gold_gain":0,"player_choice":"Ignored","damage_taken":0,"max_hp_gain":0,"max_hp_loss":0,"event_name":"Ghosts","floor":20,"gold_loss":0},{"damage_healed":0,"gold_gain":0,"player_choice":"Paid Fearfully","damage_taken":0,"max_hp_gain":0,"max_hp_loss":0,"event_name":"Masked Bandits","floor":24,"gold_loss":95},{"damage_healed":0,"gold_gain":0,"player_choice":"Ignored","damage_taken":0,"max_hp_gain":0,"max_hp_loss":0,"event_name":"Beggar","floor":29,"gold_loss":0},{"cards_removed":["Zap"],"damage_healed":0,"gold_gain":0,"player_choice":"Removed Skill","damage_taken":0,"max_hp_gain":0,"max_hp_loss":0,"event_name":"Falling","floor":36,"gold_loss":0},{"damage_healed":0,"gold_gain":0,"player_choice":"Got Potions","damage_taken":0,"max_hp_gain":0,"max_hp_loss":0,"event_name":"Lab","floor":37,"gold_loss":0},{"damage_healed":0,"gold_gain":0,"player_choice":"Fight","damage_taken":0,"max_hp_gain":0,"max_hp_loss":0,"event_name":"Mysterious Sphere","floor":44,"gold_loss":0}],"is_beta":false,"boss_relics":[{"not_picked":["Calling Bell","Fusion Hammer"],"picked":"Sozu"},{"not_picked":["Pandora\u0027s Box","Runic Dome"],"picked":"Velvet Choker"}],"items_purged_floors":[],"is_endless":false,"potions_floor_spawned":[5,10,11,18,27,30,31,35,38,41],"killed_by":"2 Orb Walkers","ascension_level":15}