{"gold_per_floor":[109,119,20,36,49,49,80,80,106,106,121,133,133,144,144,240,240,254,266,266,266,284,284,312,326,351,363,363,363,19,31,31,31],"floor_reached":33,"playtime":2132,"items_purged":["Decay"],"score":434,"play_id":"c5ca3a69-b0a9-491d-84fe-0719b22ce141","local_time":"20181125140700","is_ascension_mode":true,"campfire_choices":[{"data":"Rage","floor":6,"key":"SMITH"},{"floor":8,"key":"REST"},{"data":"Rage","floor":10,"key":"SMITH"},{"data":"Bash","floor":15,"key":"SMITH"},{"floor":23,"key":"REST"},{"floor":28,"key":"REST"},{"floor":32,"key":"REST"}],"neow_cost":"CURSE","seed_source_timestamp":2503764888205883,"circlet_count":0,"master_deck":["AscendersBane","Strike_R","Strike_R","Strike_R","Defend_R","Defend_R","Defend_R","Bash+1","Limit Break","True Grit","Anger","Cleave","Rage+1","Rage+1","Shrug It Off","Thunderclap","Offering","Armaments+1","Intimidate+1","Sentinel+1","Infernal Blade","Iron Wave+1","RitualDagger","Flash of Steel","Iron Wave","Feel No Pain","Reaper","Shrug It Off"],"relics":["Burning Blood","Happy Flower","Centennial Puzzle","Astrolabe","Bag of Marbles","Smiling Mask","ClockworkSouvenir","Red Skull"],"potions_floor_usage":[11,16,22,25,27,27,33],"damage_taken":[{"damage":8,"enemies":"Cultist","floor":1,"turns":4},{"damage":6,"enemies":"Jaw Worm","floor":2,"turns":5},{"damage":5,"enemies":"2 Louse","floor":4,"turns":3},{"damage":12,"enemies":"Blue Slaver","floor":5,"turns":4},{"damage":51,"enemies":"Gremlin Nob","floor":7,"turns":6},{"damage":11,"enemies":"Gremlin Gang","floor":11,"turns":4},{"damage":11,"enemies":"Looter","floor":12,"turns":4},{"damage":15,"enemies":"Large Slime","floor":14,"turns":6},{"damage":42,"enemies":"Hexaghost","floor":16,"turns":13},{"damage":22,"enemies":"Spheric Guardian","floor":18,"turns":6},{"damage":8,"enemies":"3 Byrds","floor":19,"turns":5},{"damage":10,"enemies":"Centurion and Healer","floor":22,"turns":10},{"damage":47,"enemies":"Book of Stabbing","floor":24,"turns":8},{"damage":6,"enemies":"Cultist and Chosen","floor":25,"turns":6},{"damage":6,"enemies":"Shelled Parasite and Fungi","floor":27,"turns":11},{"damage":13,"enemies":"Colosseum Slavers","floor":29,"turns":4},{"damage":17,"enemies":"Sentry and Sphere","floor":31,"turns":4},{"damage":70,"enemies":"Collector","floor":33,"turns":11}],"seed_played":"1309947428791407029","potions_obtained":[{"floor":7,"key":"LiquidBronze"},{"floor":11,"key":"Dexterity Potion"},{"floor":14,"key":"SpeedPotion"},{"floor":16,"key":"EssenceOfSteel"},{"floor":24,"key":"Fire Potion"},{"floor":25,"key":"Weak Potion"},{"floor":27,"key":"Explosive Potion"}],"is_trial":false,"path_per_floor":["M","M","$","M","M","R","E","R","T","R","M","M","?","M","R","B",null,"M","M","?","?","M","R","E","M","T","M","R","?","$","M","R","B"],"character_chosen":"IRONCLAD","items_purchased":["Anger","ClockworkSouvenir","Red Skull"],"campfire_rested":4,"item_purchase_floors":[3,30,30],"current_hp_per_floor":[70,70,70,71,65,65,20,44,44,44,39,34,80,71,71,35,69,53,51,45,29,25,49,8,8,8,8,32,25,25,19,43,0],"gold":31,"neow_bonus":"THREE_RARE_CARDS","is_prod":false,"is_daily":false,"chose_seed":false,"campfire_upgraded":3,"win_rate":0,"timestamp":1543154820,"path_taken":["M","M","$","?","M","R","E","R","T","R","M","M","?","?","R","BOSS","M","M","?","?","?","R","E","M","T","M","R","?","$","M","R","BOSS"],"build_version":"2018-11-15","purchased_purges":1,"victory":false,"max_hp_per_floor":[80,80,80,80,80,80,80,80,80,80,80,80,80,80,80,80,80,80,80,80,80,80,80,80,80,80,80,80,80,80,80,80,80],"card_choices":[{"not_picked":["Barricade","Dark Embrace"],"picked":"Limit Break","floor":0},{"not_picked":["Heavy Blade","Wild Strike"],"picked":"True Grit","floor":1},{"not_picked":["Warcry","True Grit","Clothesline"],"picked":"SKIP","floor":2},{"not_picked":["Metallicize","Headbutt"],"picked":"Cleave","floor":4},{"not_picked":["Headbutt","Rampage"],"picked":"Rage","floor":5},{"not_picked":["Carnage","Fire Breathing"],"picked":"Rage","floor":7},{"not_picked":["Wild Strike","Warcry"],"picked":"Shrug It Off","floor":11},{"not_picked":["Cleave","Wild Strike"],"picked":"Infernal Blade","floor":12},{"not_picked":["Berserk","Combust"],"picked":"Thunderclap","floor":14},{"not_picked":["Reaper","Exhume"],"picked":"Offering","floor":16},{"not_picked":["Rage","Rampage"],"picked":"Infernal Blade","floor":18},{"not_picked":["Warcry","Armaments"],"picked":"Iron Wave+1","floor":19},{"not_picked":["Heavy Blade","Clash"],"picked":"Iron Wave","floor":22},{"not_picked":["Blood for Blood","Entrench","Clash"],"picked":"SKIP","floor":24},{"not_picked":["Blood for Blood+1","Rupture"],"picked":"Feel No Pain","floor":25},{"not_picked":["Thunderclap","Wild Strike"],"picked":"Reaper","floor":27},{"not_picked":["Clothesline","Whirlwind"],"picked":"Shrug It Off","floor":31}],"player_experience":509108,"relics_obtained":[{"floor":7,"key":"Happy Flower"},{"floor":9,"key":"Centennial Puzzle"},{"floor":24,"key":"Bag of Marbles"},{"floor":26,"key":"Smiling Mask"}],"event_choices":[{"cards_removed":["Infernal Blade"],"damage_healed":46,"gold_gain":0,"player_choice":"Offered Uncommon","damage_taken":0,"max_hp_gain":0,"max_hp_loss":0,"event_name":"Bonfire Elementals","floor":13,"gold_loss":0},{"damage_healed":0,"gold_gain":0,"player_choice":"Joined the Cult","damage_taken":6,"max_hp_gain":0,"max_hp_loss":0,"event_name":"Nest","floor":20,"gold_loss":0,"cards_obtained":["RitualDagger"]},{"damage_healed":0,"gold_gain":0,"player_choice":"CARD ","damage_taken":16,"max_hp_gain":0,"max_hp_loss":0,"event_name":"Knowing Skull","floor":21,"potions_obtained":[],"gold_loss":0,"cards_obtained":["Flash of Steel"]},{"damage_healed":0,"gold_gain":0,"player_choice":"Fight","damage_taken":0,"max_hp_gain":0,"max_hp_loss":0,"event_name":"Colosseum","floor":29,"gold_loss":0},{"damage_healed":0,"gold_gain":0,"player_choice":"Fled From Nobs","damage_taken":0,"max_hp_gain":0,"max_hp_loss":0,"event_name":"Colosseum","floor":29,"gold_loss":0}],"is_beta":false,"boss_relics":[{"not_picked":["Black Blood","Ectoplasm"],"picked":"Astrolabe"}],"items_purged_floors":[3],"is_endless":false,"potions_floor_spawned":[7,11,14,16,18,24,25,27],"killed_by":"Collector","ascension_level":12}