{"gold_per_floor":[112,112,129,141,158,158,185,202,202,233,252,252,285,343,343,445,445,455,455,471,471,570,595,595,926,926,946,295,295,329,19,19,117,117,136,149,163,163,163,190,190,225,225,250,279,73,73,108,108,108,108,108,58,90,90],"floor_reached":56,"playtime":5352,"items_purged":["Strike_B","Shame","Strike_B","Strike_B"],"score":1721,"play_id":"bbb7fc6f-a29f-4b87-b6e8-0e6b89111cd9","local_time":"20190330205314","is_ascension_mode":true,"campfire_choices":[{"data":"Sunder","floor":6,"key":"SMITH"},{"data":"Streamline","floor":12,"key":"SMITH"},{"data":"Lockon","floor":15,"key":"SMITH"},{"data":"Buffer","floor":24,"key":"SMITH"},{"data":"Echo Form","floor":29,"key":"SMITH"},{"data":"Double Energy","floor":32,"key":"SMITH"},{"data":"Creative AI","floor":41,"key":"SMITH"},{"floor":47,"key":"RECALL"},{"data":"Steam Power","floor":49,"key":"SMITH"},{"data":"Amplify","floor":52,"key":"SMITH"}],"neow_cost":"NONE","seed_source_timestamp":28316598946386,"circlet_count":0,"master_deck":["Defend_B","Defend_B","Defend_B","Defend_B","Zap+1","Dualcast","Conserve Battery","Ball Lightning","Steam","Sunder+1","Buffer+1","Steam","Electrodynamics","Streamline+1","Glacier","Lockon+1","Echo Form+1","White Noise","Coolheaded+1","Turbo","Amplify+1","Turbo","Self Repair","Double Energy+1","Storm","Creative AI+1","Self Repair+1","Aggregate","Turbo","Capacitor","Lockon+1","Steam Power+1","Heatsinks+1"],"relics":["Cracked Core","Potion Belt","Girya","Letter Opener","Happy Flower","Gambling Chip","Blue Candle","Black Star","Art of War","Smiling Mask","Symbiotic Virus","Old Coin","FossilizedHelix","Cables","Ice Cream","Pear","Pen Nib","Mummified Hand","Tiny Chest","Lizard Tail","Dodecahedron","Bottled Tornado","PreservedInsect","Centennial Puzzle","Oddly Smooth Stone","Gremlin Horn","Molten Egg 2","Frozen Egg 2","Incense Burner","Pocketwatch","Bottled Lightning"],"potions_floor_usage":[14,27,30,33,33,55,55,55,55],"damage_taken":[{"damage":1,"enemies":"Cultist","floor":1,"turns":4},{"damage":0,"enemies":"Jaw Worm","floor":3,"turns":4},{"damage":0,"enemies":"2 Louse","floor":4,"turns":2},{"damage":3,"enemies":"Blue Slaver","floor":5,"turns":3},{"damage":17,"enemies":"Lagavulin","floor":7,"turns":5},{"damage":0,"enemies":"Exordium Thugs","floor":8,"turns":3},{"damage":9,"enemies":"Gremlin Nob","floor":10,"turns":4},{"damage":0,"enemies":"Large Slime","floor":11,"turns":4},{"damage":14,"enemies":"Lagavulin","floor":13,"turns":5},{"damage":0,"enemies":"Gremlin Nob","floor":14,"turns":2},{"damage":29,"enemies":"The Guardian","floor":16,"turns":10},{"damage":2,"enemies":"Shell Parasite","floor":18,"turns":5},{"damage":6,"enemies":"Spheric Guardian","floor":20,"turns":3},{"damage":3,"enemies":"Gremlin Leader","floor":23,"turns":5},{"damage":16,"enemies":"Slavers","floor":25,"turns":4},{"damage":0,"enemies":"Snecko","floor":27,"turns":2},{"damage":0,"enemies":"Book of Stabbing","floor":30,"turns":5},{"damage":0,"enemies":"Collector","floor":33,"turns":6},{"damage":11,"enemies":"3 Shapes","floor":35,"turns":4},{"damage":0,"enemies":"3 Darklings","floor":36,"turns":2},{"damage":0,"enemies":"Sphere and 2 Shapes","floor":37,"turns":3},{"damage":1,"enemies":"Giant Head","floor":40,"turns":6},{"damage":0,"enemies":"Reptomancer","floor":42,"turns":5},{"damage":0,"enemies":"Giant Head","floor":45,"turns":6},{"damage":0,"enemies":"Reptomancer","floor":48,"turns":3},{"damage":26,"enemies":"Time Eater","floor":50,"turns":4},{"damage":0,"enemies":"Shield and Spear","floor":54,"turns":2},{"damage":13,"enemies":"The Heart","floor":55,"turns":4}],"seed_played":"-8790036643005627704","potions_obtained":[{"floor":5,"key":"EssenceOfSteel"},{"floor":7,"key":"PowerPotion"},{"floor":8,"key":"EssenceOfSteel"},{"floor":13,"key":"Fire Potion"},{"floor":14,"key":"EssenceOfSteel"},{"floor":20,"key":"Energy Potion"},{"floor":27,"key":"Explosive Potion"},{"floor":33,"key":"GamblersBrew"},{"floor":36,"key":"Weak Potion"},{"floor":37,"key":"Energy Potion"},{"floor":42,"key":"EssenceOfSteel"}],"is_trial":false,"path_per_floor":["M","?","M","M","M","R","E","M","T","E","M","R","E","?","R","B",null,"M","?","M","?","?","E","R","E","T","M","$","R","E","$","R","B",null,"M","M","M","?","?","E","R","E","T","T","E","$","R","E","R","B",null,"R","$","E","B",null],"character_chosen":"DEFECT","items_purchased":["Self Repair","Ice Cream","Pear","Double Energy","Tiny Chest","Storm","Lockon+1","Steam Power"],"campfire_rested":0,"item_purchase_floors":[28,28,28,31,31,31,46,46],"current_hp_per_floor":[74,74,74,74,71,71,54,54,54,45,45,45,31,31,31,2,75,73,73,67,67,67,64,64,48,48,48,58,58,58,58,58,58,85,74,74,84,84,84,85,85,85,85,85,85,85,85,85,85,69,85,85,85,85,85],"gold":90,"neow_bonus":"RANDOM_COMMON_RELIC","is_prod":false,"is_daily":false,"chose_seed":false,"campfire_upgraded":9,"win_rate":0,"timestamp":1553975594,"path_taken":["M","?","M","?","M","R","E","M","T","E","M","R","E","?","R","BOSS","M","?","M","?","?","E","R","E","T","M","$","R","E","?","R","BOSS","M","M","M","?","?","E","R","E","T","?","E","$","R","E","R","BOSS","R","$","E","BOSS"],"build_version":"2019-01-23","purchased_purges":4,"victory":true,"max_hp_per_floor":[75,75,75,75,75,75,75,75,75,75,75,75,75,75,75,75,75,75,75,75,75,75,75,75,75,75,75,85,85,85,85,85,85,85,85,85,85,85,85,85,85,85,85,85,85,85,85,85,85,85,85,85,85,85,85],"card_choices":[{"not_picked":["Streamline","Stack"],"picked":"Conserve Battery","floor":1},{"not_picked":["Undo","Hologram"],"picked":"Ball Lightning","floor":3},{"not_picked":["Force Field","Sweeping Beam"],"picked":"Steam","floor":4},{"not_picked":["Cold Snap","FTL"],"picked":"Sunder","floor":5},{"not_picked":["Rebound","Redo"],"picked":"Buffer","floor":7},{"not_picked":["Stack","Cold Snap"],"picked":"Steam","floor":8},{"not_picked":["Steam","Auto Shields"],"picked":"Electrodynamics","floor":10},{"not_picked":["Steam","Gash"],"picked":"Streamline","floor":11},{"not_picked":["Multi-Cast","Melter"],"picked":"Glacier","floor":13},{"not_picked":["Recycle","BootSequence"],"picked":"Lockon","floor":14},{"not_picked":["Reboot","Electrodynamics"],"picked":"Echo Form","floor":16},{"not_picked":["Go for the Eyes","Rebound+1"],"picked":"White Noise","floor":18},{"not_picked":["Beam Cell","Leap"],"picked":"Coolheaded+1","floor":20},{"not_picked":["Lockon+1","Steam"],"picked":"Turbo","floor":23},{"not_picked":["Loop+1","Stack"],"picked":"Amplify","floor":25},{"not_picked":["Gash","Darkness"],"picked":"Turbo","floor":27},{"not_picked":["Coolheaded","Conserve Battery","Reinforced Body"],"picked":"SKIP","floor":30},{"not_picked":["Biased Cognition","Machine Learning"],"picked":"Creative AI","floor":33},{"not_picked":["Redo+1","Gash+1"],"picked":"Self Repair+1","floor":35},{"not_picked":["Steam+1","Rip and Tear"],"picked":"Aggregate","floor":36},{"not_picked":["Compile Driver","Go for the Eyes","FTL+1"],"picked":"SKIP","floor":37},{"not_picked":["Go for the Eyes+1","Hologram+1"],"picked":"Turbo","floor":40},{"not_picked":["Skim+1","Go for the Eyes"],"picked":"Capacitor","floor":42},{"not_picked":["Go for the Eyes+1","Blizzard+1","Barrage"],"picked":"SKIP","floor":45},{"not_picked":["Rebound+1","Glacier"],"picked":"Heatsinks+1","floor":48},{"not_picked":["Ball Lightning+1","Consume","Turbo+1"],"picked":"SKIP","floor":54}],"player_experience":150412,"relics_obtained":[{"floor":7,"key":"Girya"},{"floor":9,"key":"Letter Opener"},{"floor":10,"key":"Happy Flower"},{"floor":13,"key":"Gambling Chip"},{"floor":14,"key":"Blue Candle"},{"floor":23,"key":"Smiling Mask"},{"floor":23,"key":"Symbiotic Virus"},{"floor":25,"key":"Old Coin"},{"floor":25,"key":"FossilizedHelix"},{"floor":26,"key":"Cables"},{"floor":30,"key":"Pen Nib"},{"floor":30,"key":"Mummified Hand"},{"floor":40,"key":"Dodecahedron"},{"floor":40,"key":"Bottled Tornado"},{"floor":42,"key":"PreservedInsect"},{"floor":42,"key":"Centennial Puzzle"},{"floor":44,"key":"Oddly Smooth Stone"},{"floor":45,"key":"Gremlin Horn"},{"floor":45,"key":"Molten Egg 2"},{"floor":48,"key":"Frozen Egg 2"},{"floor":48,"key":"Incense Burner"},{"floor":54,"key":"Pocketwatch"},{"floor":54,"key":"Bottled Lightning"}],"event_choices":[{"damage_healed":0,"gold_gain":0,"player_choice":"Upgraded","damage_taken":0,"max_hp_gain":0,"max_hp_loss":0,"event_name":"Upgrade Shrine","floor":2,"gold_loss":0,"cards_upgraded":["Zap"]},{"damage_healed":0,"gold_gain":0,"player_choice":"Searched \u00271\u0027 times","damage_taken":0,"max_hp_gain":0,"max_hp_loss":0,"event_name":"Dead Adventurer","floor":14,"gold_loss":0},{"damage_healed":0,"gold_gain":0,"player_choice":"Ignored","damage_taken":0,"max_hp_gain":0,"max_hp_loss":0,"event_name":"Vampires","floor":19,"gold_loss":0},{"damage_healed":0,"gold_gain":0,"player_choice":"Stole Relic","damage_taken":0,"relics_obtained":["Art of War"],"max_hp_gain":0,"max_hp_loss":0,"event_name":"Addict","floor":21,"gold_loss":0,"cards_obtained":["Shame"]},{"damage_healed":0,"gold_gain":99,"player_choice":"Stole From Cult","damage_taken":0,"max_hp_gain":0,"max_hp_loss":0,"event_name":"Nest","floor":22,"gold_loss":0},{"cards_removed":["Strike_B"],"damage_healed":0,"gold_gain":0,"player_choice":"Removed Attack","damage_taken":0,"max_hp_gain":0,"max_hp_loss":0,"event_name":"Falling","floor":38,"gold_loss":0},{"damage_healed":0,"gold_gain":0,"player_choice":"Memory 1","damage_taken":0,"max_hp_gain":0,"max_hp_loss":0,"event_name":"SensoryStone","floor":39,"gold_loss":0}],"is_beta":false,"boss_relics":[{"not_picked":["Orrery","Empty Cage"],"picked":"Black Star"},{"not_picked":["Fusion Hammer","Eternal Feather"],"picked":"Lizard Tail"}],"items_purged_floors":[28,31,46,53],"is_endless":false,"potions_floor_spawned":[5,7,8,13,14,20,27,33,36,37,42,45,54],"ascension_level":3}