{"gold_per_floor":[109,127,1,13,33,33,65,65,88,88,38,55,82,82,82,181,181,181,181,181,181,181,181,181,26,26,26,26,26,26,26,26,26],"floor_reached":33,"playtime":1189,"items_purged":[],"score":454,"play_id":"9d5195b0-4ae2-4e79-bf57-02ecd2cdd63e","local_time":"20190120014028","is_ascension_mode":true,"campfire_choices":[{"data":"Loop","floor":6,"key":"SMITH"},{"floor":8,"key":"RECALL"},{"floor":15,"key":"REST"},{"data":"Self Repair","floor":23,"key":"SMITH"},{"data":"Fission","floor":30,"key":"SMITH"},{"data":"Electrodynamics","floor":32,"key":"SMITH"}],"neow_cost":"NONE","seed_source_timestamp":870687708405300,"circlet_count":0,"master_deck":["AscendersBane","Strike_B+1","Strike_B+1","Defend_B+1","Defend_B+1","Defend_B+1","Zap+1","Dualcast+1","Ball Lightning","Loop+1","Flash of Steel","BootSequence+1","Ball Lightning","Conserve Battery","FTL","Seek","Sweeping Beam+1","Lockon","Self Repair+1","Auto Shields","Electrodynamics+1","Enlightenment","Undo","Fission+1","Chaos+1"],"relics":["Cracked Core","War Paint","Oddly Smooth Stone","Ancient Tea Set","Gambling Chip","Golden Idol","Ectoplasm","Vajra","Potion Belt"],"potions_floor_usage":[7,13,18,31],"damage_taken":[{"damage":0,"enemies":"Small Slimes","floor":1,"turns":3},{"damage":2,"enemies":"2 Louse","floor":2,"turns":3},{"damage":2,"enemies":"Jaw Worm","floor":4,"turns":2},{"damage":0,"enemies":"3 Louse","floor":5,"turns":2},{"damage":20,"enemies":"Lagavulin","floor":7,"turns":6},{"damage":8,"enemies":"Lots of Slimes","floor":12,"turns":4},{"damage":18,"enemies":"Gremlin Nob","floor":13,"turns":4},{"damage":3,"enemies":"The Guardian","floor":16,"turns":9},{"damage":0,"enemies":"3 Byrds","floor":18,"turns":3},{"damage":14,"enemies":"Shell Parasite","floor":22,"turns":4},{"damage":28,"enemies":"Snecko","floor":27,"turns":6},{"damage":0,"enemies":"Sentry and Sphere","floor":28,"turns":3},{"damage":18,"enemies":"Book of Stabbing","floor":29,"turns":5},{"damage":9,"enemies":"Centurion and Healer","floor":31,"turns":4},{"damage":39,"enemies":"Collector","floor":33,"turns":5}],"seed_played":"-501460680865396709","potions_obtained":[{"floor":2,"key":"SkillPotion"},{"floor":4,"key":"PowerPotion"},{"floor":12,"key":"Explosive Potion"},{"floor":22,"key":"PowerPotion"},{"floor":29,"key":"SteroidPotion"}],"is_trial":false,"path_per_floor":["M","M","$","M","M","R","E","R","T","?","?","M","E","?","R","B",null,"M","?","?","T","M","R","?","$","T","M","M","E","R","M","R","B"],"character_chosen":"DEFECT","items_purchased":["Loop","Flash of Steel","Fission"],"campfire_rested":1,"item_purchase_floors":[3,3,25],"current_hp_per_floor":[68,66,66,64,64,64,44,44,44,44,44,36,18,18,38,35,61,61,61,61,61,54,54,54,54,54,36,46,38,38,39,39,0],"gold":26,"neow_bonus":"UPGRADE_CARD","is_prod":false,"is_daily":false,"chose_seed":false,"campfire_upgraded":4,"win_rate":0,"timestamp":1547948428,"path_taken":["M","M","$","M","M","R","E","R","T","?","?","M","E","?","R","BOSS","M","?","?","?","M","R","?","$","T","M","M","E","R","?","R","BOSS"],"build_version":"2019-01-17v2","purchased_purges":0,"victory":false,"max_hp_per_floor":[75,75,75,75,75,75,75,75,75,75,75,75,75,69,69,69,69,69,69,69,69,69,69,69,69,69,69,69,69,69,69,69,69],"card_choices":[{"not_picked":["Compile Driver","Doom and Gloom","Recycle"],"picked":"SKIP","floor":1},{"not_picked":["Heatsinks","Hologram"],"picked":"Ball Lightning","floor":2},{"not_picked":["Leap","Rebound"],"picked":"BootSequence","floor":4},{"not_picked":["Stack","Force Field"],"picked":"Ball Lightning","floor":5},{"not_picked":["Multi-Cast","Storm"],"picked":"Conserve Battery","floor":7},{"not_picked":["Force Field","Rebound","Compile Driver"],"picked":"SKIP","floor":12},{"not_picked":["Blizzard","Glacier"],"picked":"FTL","floor":13},{"not_picked":["Echo Form","Machine Learning"],"picked":"Seek","floor":16},{"not_picked":["Hologram","Turbo+1"],"picked":"Sweeping Beam+1","floor":18},{"not_picked":["Tempest","Storm"],"picked":"Auto Shields","floor":22},{"not_picked":["Gash","Cold Snap"],"picked":"Chaos+1","floor":27},{"not_picked":["Compile Driver","Barrage","Tempest"],"picked":"SKIP","floor":28},{"not_picked":["Steam","Stack","BootSequence"],"picked":"SKIP","floor":29},{"not_picked":["Double Energy","Blizzard","Leap"],"picked":"SKIP","floor":31}],"player_experience":549215,"relics_obtained":[{"floor":7,"key":"War Paint"},{"floor":9,"key":"Oddly Smooth Stone"},{"floor":13,"key":"Gambling Chip"},{"floor":26,"key":"Vajra"},{"floor":29,"key":"Potion Belt"}],"event_choices":[{"damage_healed":0,"gold_gain":0,"player_choice":"Searched \u00271\u0027 times","damage_taken":0,"relics_obtained":["Ancient Tea Set"],"max_hp_gain":0,"max_hp_loss":0,"event_name":"Dead Adventurer","floor":10,"gold_loss":0},{"cards_removed":["Strike_B"],"damage_healed":0,"gold_gain":0,"player_choice":"Card Removal","damage_taken":0,"max_hp_gain":0,"max_hp_loss":0,"event_name":"The Cleric","floor":11,"gold_loss":50},{"damage_healed":0,"gold_gain":0,"player_choice":"Lose Max HP","damage_taken":0,"relics_obtained":["Golden Idol"],"max_hp_gain":0,"max_hp_loss":6,"event_name":"Golden Idol","floor":14,"gold_loss":0},{"damage_healed":0,"gold_gain":0,"cards_transformed":["Strike_B","Defend_B"],"player_choice":"Became Test Subject","damage_taken":0,"max_hp_gain":0,"max_hp_loss":0,"event_name":"Drug Dealer","floor":19,"gold_loss":0,"cards_obtained":["Lockon","Self Repair"]},{"damage_healed":0,"gold_gain":0,"player_choice":"Simplicity","damage_taken":0,"max_hp_gain":0,"max_hp_loss":0,"event_name":"Back to Basics","floor":20,"gold_loss":0,"cards_upgraded":["Strike_B","Strike_B","Defend_B","Defend_B","Defend_B"]},{"damage_healed":0,"gold_gain":0,"player_choice":"3 cards matched","damage_taken":0,"max_hp_gain":0,"max_hp_loss":0,"event_name":"Match and Keep!","floor":24,"gold_loss":0,"cards_obtained":["Electrodynamics","Enlightenment","Undo"]}],"is_beta":false,"boss_relics":[{"not_picked":["Runic Dome","Lizard Tail"],"picked":"Ectoplasm"}],"items_purged_floors":[],"is_endless":false,"potions_floor_spawned":[2,4,5,12,22,29],"killed_by":"Collector","ascension_level":13}