{"gold_per_floor":[167,167,180,180,198,198,168,40,65,83,83,94,94],"floor_reached":13,"playtime":432,"items_purged":["Regret"],"score":134,"play_id":"5e519f64-fc5d-4da6-a020-c79a65828c82","local_time":"20180923015647","is_ascension_mode":true,"campfire_choices":[{"data":"Aggregate","floor":6,"key":"SMITH"}],"neow_cost":"NONE","seed_source_timestamp":718497188011045,"circlet_count":0,"master_deck":["Strike_B","Strike_B","Strike_B","Defend_B","Defend_B","Defend_B","Defend_B","Zap","Dualcast+1","Conserve Battery","Conserve Battery","Redo","Aggregate+1","Conserve Battery","Go for the Eyes","Conserve Battery","Machine Learning"],"relics":["Tiny House","Omamori","Smiling Mask","Oddly Smooth Stone"],"potions_floor_usage":[12,13,13,13],"damage_taken":[{"damage":2,"enemies":"2 Louse","floor":1,"turns":2},{"damage":5,"enemies":"Small Slimes","floor":3,"turns":5},{"damage":0,"enemies":"Cultist","floor":5,"turns":3},{"damage":10,"enemies":"Looter","floor":7,"turns":4},{"damage":3,"enemies":"Gremlin Gang","floor":10,"turns":6},{"damage":10,"enemies":"Lots of Slimes","floor":12,"turns":6},{"damage":55,"enemies":"Gremlin Nob","floor":13,"turns":5}],"seed_played":"-2893369065034995203","potions_obtained":[{"floor":0,"key":"EntropicBrew"},{"floor":3,"key":"Poison Potion"},{"floor":5,"key":"Dexterity Potion"}],"is_trial":false,"path_per_floor":["M","?","M","?","M","R","M","$","T","M","?","M"],"character_chosen":"DEFECT","items_purchased":["Go for the Eyes"],"campfire_rested":0,"item_purchase_floors":[8],"current_hp_per_floor":[71,71,66,66,66,66,56,56,56,53,41,31,0],"gold":94,"neow_bonus":"BOSS_RELIC","is_prod":false,"is_daily":false,"chose_seed":false,"campfire_upgraded":1,"win_rate":0,"timestamp":1537664207,"path_taken":["M","?","M","?","?","R","M","$","T","?","?","?","E"],"build_version":"2018-09-20","purchased_purges":1,"victory":false,"max_hp_per_floor":[80,80,80,80,80,80,80,80,80,80,80,80,80],"card_choices":[{"not_picked":["Barrage","FTL"],"picked":"Conserve Battery","floor":0},{"not_picked":["Beam Cell","Rebound"],"picked":"Conserve Battery","floor":1},{"not_picked":["Aggregate","Turbo"],"picked":"Redo","floor":3},{"not_picked":["Reprogram","Leap","Streamline"],"picked":"SKIP","floor":5},{"not_picked":["Hologram","Recycle"],"picked":"Conserve Battery","floor":7},{"not_picked":["Consume","Stack"],"picked":"Conserve Battery","floor":10},{"not_picked":["Stack","BootSequence"],"picked":"Machine Learning","floor":12}],"player_experience":410738,"relics_obtained":[{"floor":9,"key":"Smiling Mask"}],"event_choices":[{"event_name":"Big Fish","player_choice":"Box","floor":2,"damage_taken":0},{"event_name":"Transmorgrifier","player_choice":"Transform","floor":4,"damage_taken":0},{"event_name":"Scrap Ooze","player_choice":"success","floor":11,"damage_taken":12}],"is_beta":false,"boss_relics":[],"items_purged_floors":[8],"is_endless":false,"potions_floor_spawned":[3,5],"killed_by":"Gremlin Nob","ascension_level":9}