{"gold_per_floor":[114,129,129,129,304,304,319,63,138,138,168,183,198,223,223,323,373,388,303,318,18,18,48,63,63,63,78,78,93,93,123,123,223,223,238,513,813,813,828,858,188,203,203,218,218,248,263,278,278,278],"floor_reached":51,"playtime":2160,"items_purged":["Doubt","Clumsy","Regret"],"score":847,"play_id":"9e843578-ed57-47d0-b619-dd2908c40cfd","local_time":"20180914152824","daily_mods":["Heirloom","Cursed Run","Lethality"],"is_ascension_mode":false,"campfire_choices":[{"data":"Neutralize","floor":6,"key":"SMITH"},{"data":"Doubt","floor":10,"key":"PURGE"},{"data":"Normality","floor":15,"key":"PURGE"},{"data":"Envenom","floor":25,"key":"SMITH"},{"data":"Doubt","floor":28,"key":"PURGE"},{"data":"Storm of Steel","floor":30,"key":"SMITH"},{"data":"Accuracy","floor":32,"key":"SMITH"},{"data":"Decay","floor":45,"key":"PURGE"},{"floor":49,"key":"REST"}],"neow_cost":"","seed_source_timestamp":0,"circlet_count":0,"master_deck":["Defend_G","Defend_G","Defend_G","Defend_G","Defend_G+1","Strike_G+1","Strike_G+1","Strike_G","Strike_G","Survivor","Neutralize+1","Flechettes","Acrobatics+1","Prepared","Dash","Storm of Steel+1","Accuracy+1","Cloak And Dagger","Blade Dance","Envenom+1","Leg Sweep","Bane+1","Accuracy","PiercingWail","Quick Slash+1","Flying Knee+1","Heel Hook+1","Bullet Time+1","Clumsy","Glass Knife+1","Blade Dance+1","Mayhem","Cloak And Dagger+1","Die Die Die+1","Infinite Blades","Flash of Steel+1","Panache","Footwork","Infinite Blades+1","Malaise+1","Finisher+1","Pain"],"special_seed":17788,"relics":["Cursed Key","Darkstone Periapt","Du-Vu Doll","Peace Pipe","Molten Egg 2","Gambling Chip","Bag of Marbles","Tiny House","Bronze Scales","ClockworkSouvenir","Ninja Scroll","Ornamental Fan","Ancient Tea Set","Lizard Tail","Mummified Hand","War Paint","Singing Bowl","Toxic Egg 2"],"potions_floor_usage":[27,33,50,50,50],"damage_taken":[{"damage":0,"enemies":"Jaw Worm","floor":1,"turns":2},{"damage":3,"enemies":"Small Slimes","floor":2,"turns":3},{"damage":0,"enemies":"Cultist","floor":7,"turns":3},{"damage":7,"enemies":"Lagavulin","floor":11,"turns":5},{"damage":3,"enemies":"Looter","floor":12,"turns":2},{"damage":0,"enemies":"3 Louse","floor":13,"turns":2},{"damage":15,"enemies":"Slime Boss","floor":16,"turns":7},{"damage":0,"enemies":"Chosen","floor":18,"turns":3},{"damage":3,"enemies":"Shell Parasite","floor":20,"turns":4},{"damage":27,"enemies":"Book of Stabbing","floor":23,"turns":5},{"damage":2,"enemies":"Chosen and Byrds","floor":24,"turns":4},{"damage":0,"enemies":"Cultist and Chosen","floor":27,"turns":3},{"damage":0,"enemies":"Centurion and Healer","floor":29,"turns":3},{"damage":5,"enemies":"Slavers","floor":31,"turns":4},{"damage":24,"enemies":"Automaton","floor":33,"turns":7},{"damage":0,"enemies":"Orb Walker","floor":35,"turns":2},{"damage":13,"enemies":"3 Darklings","floor":39,"turns":5},{"damage":17,"enemies":"2 Orb Walkers","floor":40,"turns":3},{"damage":10,"enemies":"Maw","floor":42,"turns":5},{"damage":2,"enemies":"4 Shapes","floor":44,"turns":3},{"damage":12,"enemies":"Nemesis","floor":46,"turns":5},{"damage":0,"enemies":"Sphere and 2 Shapes","floor":47,"turns":3},{"damage":9,"enemies":"Spire Growth","floor":48,"turns":3},{"damage":89,"enemies":"Awakened One","floor":50,"turns":8}],"seed_played":"-5206532275745488686","potions_obtained":[{"floor":2,"key":"SteroidPotion"},{"floor":7,"key":"Ancient Potion"},{"floor":13,"key":"Fire Potion"},{"floor":17,"key":"FairyPotion"},{"floor":18,"key":"Regen Potion"},{"floor":24,"key":"Swift Potion"},{"floor":29,"key":"Block Potion"},{"floor":33,"key":"Dexterity Potion"},{"floor":40,"key":"EssenceOfSteel"}],"is_trial":false,"path_per_floor":["M","M","?","?","?","R","M","$","T","R","E","M","M","T","R","B",null,"M","?","M","$","?","E","M","R","T","M","R","M","R","E","R","B",null,"M","?","?","?","M","E","$","M","T","M","R","E","M","M","R","B"],"character_chosen":"THE_SILENT","items_purchased":["Storm of Steel","Accuracy","ClockworkSouvenir","War Paint","Infinite Blades","Flash of Steel+1","Panache"],"campfire_rested":1,"item_purchase_floors":[8,8,21,41,41,41,41],"current_hp_per_floor":[70,67,53,53,59,59,59,59,65,65,58,55,55,61,61,52,99,99,99,96,96,96,69,67,67,73,73,73,73,73,68,68,50,111,111,117,117,117,104,87,87,77,83,81,81,69,69,60,96,13],"gold":278,"neow_bonus":"","is_prod":false,"is_daily":true,"chose_seed":false,"campfire_upgraded":4,"win_rate":0,"timestamp":1536935304,"path_taken":["M","M","?","?","?","R","M","$","T","R","E","M","M","?","R","BOSS","M","?","?","$","?","E","?","R","T","M","R","?","R","E","R","BOSS","M","?","?","?","?","E","$","M","T","M","R","E","M","M","R","BOSS"],"build_version":"2018-09-06","purchased_purges":3,"victory":true,"max_hp_per_floor":[70,70,70,70,76,76,76,76,82,82,82,82,82,88,88,94,99,99,99,99,99,99,99,99,99,105,105,105,105,105,105,105,111,111,111,117,117,117,117,117,117,117,123,123,123,123,123,123,123,129],"card_choices":[{"not_picked":["PiercingWail","Choke"],"picked":"Flechettes","floor":1},{"not_picked":["Sucker Punch","Choke"],"picked":"Acrobatics","floor":2},{"not_picked":["Quick Slash","Concentrate"],"picked":"Dash","floor":7},{"not_picked":["Dash+1","Leg Sweep"],"picked":"Cloak And Dagger","floor":11},{"not_picked":["Sucker Punch+1","Reflex"],"picked":"Blade Dance","floor":12},{"not_picked":["Reflex","Bane+1","Poisoned Stab+1"],"picked":"SKIP","floor":13},{"not_picked":["Doppelganger","Corpse Explosion"],"picked":"Envenom","floor":16},{"not_picked":["Expertise","PiercingWail"],"picked":"Leg Sweep","floor":17},{"not_picked":["PiercingWail","Acrobatics"],"picked":"Bane+1","floor":18},{"not_picked":["Dash+1","Dodge and Roll+1"],"picked":"Accuracy","floor":20},{"not_picked":["Poisoned Stab+1","Deadly Poison+1"],"picked":"PiercingWail","floor":23},{"not_picked":["Dodge and Roll","Underhanded Strike+1"],"picked":"Quick Slash+1","floor":24},{"not_picked":["Deadly Poison+1","Quick Slash+1"],"picked":"Flying Knee+1","floor":27},{"not_picked":["Slice+1","Blade Dance"],"picked":"Heel Hook+1","floor":29},{"not_picked":["Dagger Throw+1","Accuracy"],"picked":"Bullet Time","floor":31},{"not_picked":["Wraith Form v2","Grand Finale+1"],"picked":"Glass Knife+1","floor":33},{"not_picked":["Deadly Poison","Poisoned Stab+1"],"picked":"Blade Dance+1","floor":35},{"not_picked":["Transmutation","Blind"],"picked":"Mayhem","floor":38},{"not_picked":["Leg Sweep","Deadly Poison"],"picked":"Cloak And Dagger+1","floor":39},{"not_picked":["Outmaneuver+1","Backstab+1"],"picked":"Die Die Die+1","floor":40},{"not_picked":["Reflex+1","Deflect+1","Predator+1"],"picked":"SKIP","floor":42},{"not_picked":["Endless Agony+1","Poisoned Stab+1"],"picked":"Footwork","floor":44},{"not_picked":["Bane+1","Expertise+1"],"picked":"Infinite Blades+1","floor":46},{"not_picked":["Acrobatics+1","Deflect+1"],"picked":"Malaise+1","floor":47},{"not_picked":["Choke+1","Skewer+1"],"picked":"Finisher+1","floor":48}],"player_experience":374845,"relics_obtained":[{"floor":9,"key":"Molten Egg 2"},{"floor":11,"key":"Gambling Chip"},{"floor":14,"key":"Bag of Marbles"},{"floor":23,"key":"Ninja Scroll"},{"floor":26,"key":"Ornamental Fan"},{"floor":31,"key":"Ancient Tea Set"},{"floor":40,"key":"Mummified Hand"},{"floor":43,"key":"Singing Bowl"},{"floor":46,"key":"Toxic Egg 2"}],"event_choices":[{"event_name":"Shining Light","player_choice":"Entered Light","floor":3,"damage_taken":0},{"event_name":"Transmorgrifier","player_choice":"Transform","floor":4,"damage_taken":0},{"event_name":"Liars Game","player_choice":"agreed","floor":5,"damage_taken":0},{"event_name":"Addict","player_choice":"Obtained Relic","floor":19,"damage_taken":0},{"event_name":"Beggar","player_choice":"Ignored","floor":22,"damage_taken":0},{"event_name":"Golden Shrine","player_choice":"Desecrate","floor":36,"damage_taken":0},{"event_name":"Wheel of Change","player_choice":"Gold","floor":37,"damage_taken":0},{"event_name":"SensoryStone","player_choice":"Memory 1","floor":38,"damage_taken":0}],"is_beta":false,"boss_relics":[{"not_picked":["Runic Dome","Black Star"],"picked":"Tiny House"},{"not_picked":["Velvet Choker","Philosopher\u0027s Stone"],"picked":"Lizard Tail"}],"items_purged_floors":[8,21,41],"is_endless":false,"potions_floor_spawned":[2,7,13,18,24,29,31,33,39,40,42,46],"ascension_level":0}