{"gold_per_floor":[109,126,136,150,180,196,196,208,208,57,91,91,16,28,28,130,130,140,140,156,156,13,40,71,71,71,71,71,81,81,94,94,194,194,205,105,124,0,0,0,0,0,25,25,59,59,59,59,59,59],"floor_reached":51,"playtime":2418,"items_purged":["Regret","Concentrate+1"],"score":1074,"play_id":"7fd323e5-7ec1-456b-a58f-ccd7b53ced33","local_time":"20181001150606","is_ascension_mode":true,"campfire_choices":[{"data":"Neutralize","floor":7,"key":"SMITH"},{"data":"Caltrops","floor":12,"key":"SMITH"},{"data":"Footwork","floor":15,"key":"SMITH"},{"data":"After Image","floor":25,"key":"SMITH"},{"data":"Blur","floor":27,"key":"SMITH"},{"floor":30,"key":"REST"},{"data":"Accuracy","floor":32,"key":"SMITH"},{"data":"Blur","floor":40,"key":"SMITH"},{"data":"Infinite Blades","floor":42,"key":"SMITH"},{"floor":46,"key":"DIG"},{"floor":49,"key":"REST"}],"neow_cost":"NONE","seed_source_timestamp":572954337050623,"circlet_count":0,"master_deck":["Defend_G","Defend_G","Defend_G","Defend_G","Defend_G","Strike_G","Strike_G","Survivor","Neutralize+1","AscendersBane","Adrenaline+1","Choke+1","Blur+1","Flying Knee","Blade Dance","Blur+1","Cloak And Dagger","Caltrops+1","Cloak And Dagger+1","PiercingWail+1","Footwork+1","After Image+1","J.A.X.+1","Infinite Blades+1","Terror+1","Flash of Steel","Endless Agony","Cloak And Dagger+1","Accuracy+1","Storm of Steel+1","Backflip+1","Blur+1","Backflip+1","Madness+1","Madness+1","Accuracy"],"relics":["Astrolabe","Tiny Chest","Toxic Egg 2","Dodecahedron","WristBlade","Bag of Preparation","Juzu Bracelet","Question Card","Bottled Lightning","Kunai","Sozu","Red Mask","Unceasing Top","Dream Catcher","Bottled Flame","Shovel","Thread and Needle"],"potions_floor_usage":[20,24,24,33,50],"damage_taken":[{"damage":0,"enemies":"Cultist","floor":1,"turns":4},{"damage":0,"enemies":"2 Louse","floor":2,"turns":2},{"damage":3,"enemies":"Jaw Worm","floor":3,"turns":6},{"damage":9,"enemies":"Red Slaver","floor":4,"turns":6},{"damage":6,"enemies":"Blue Slaver","floor":6,"turns":6},{"damage":6,"enemies":"Exordium Wildlife","floor":8,"turns":4},{"damage":1,"enemies":"Gremlin Nob","floor":11,"turns":4},{"damage":3,"enemies":"Gremlin Gang","floor":14,"turns":6},{"damage":5,"enemies":"Hexaghost","floor":16,"turns":11},{"damage":2,"enemies":"3 Byrds","floor":18,"turns":4},{"damage":5,"enemies":"Spheric Guardian","floor":20,"turns":5},{"damage":17,"enemies":"Slavers","floor":24,"turns":7},{"damage":8,"enemies":"Shelled Parasite and Fungi","floor":29,"turns":4},{"damage":0,"enemies":"Snake Plant","floor":31,"turns":4},{"damage":16,"enemies":"Champ","floor":33,"turns":9},{"damage":4,"enemies":"3 Shapes","floor":35,"turns":6},{"damage":0,"enemies":"3 Darklings","floor":37,"turns":5},{"damage":3,"enemies":"Mind Bloom Boss Battle","floor":39,"turns":6},{"damage":3,"enemies":"Nemesis","floor":45,"turns":7},{"damage":63,"enemies":"Time Eater","floor":50,"turns":12}],"seed_played":"-5587055141770581132","potions_obtained":[{"floor":1,"key":"Weak Potion"},{"floor":3,"key":"SkillPotion"},{"floor":11,"key":"AttackPotion"},{"floor":29,"key":"Regen Potion"},{"floor":31,"key":"Ancient Potion"}],"is_trial":false,"path_per_floor":["M","M","M","M","?","M","R","M","T","$","E","R","$","M","R","B",null,"M","?","M","T","$","T","E","R","T","R","?","M","R","M","R","B",null,"M","$","M","?","?","R","?","R","T","T","E","R","?","?","R","B"],"character_chosen":"THE_SILENT","items_purchased":["Cloak And Dagger+1","PiercingWail+1","Footwork","Terror+1","Flash of Steel"],"campfire_rested":2,"item_purchase_floors":[10,10,13,22,22],"current_hp_per_floor":[63,63,60,51,51,45,45,39,39,39,38,38,38,35,35,30,60,58,58,53,53,53,53,36,36,36,36,36,28,49,49,49,45,64,60,60,60,60,57,57,57,57,57,57,54,54,45,45,66,3],"gold":59,"neow_bonus":"BOSS_RELIC","is_prod":false,"is_daily":false,"chose_seed":false,"campfire_upgraded":8,"win_rate":0,"timestamp":1538402766,"path_taken":["M","?","?","M","?","?","R","M","T","$","E","R","$","M","R","BOSS","M","?","M","?","$","?","E","R","T","R","?","M","R","M","R","BOSS","M","$","M","?","?","R","?","R","T","?","E","R","?","?","R","BOSS"],"build_version":"2018-09-27","purchased_purges":2,"victory":true,"max_hp_per_floor":[70,70,70,70,70,70,70,70,70,70,70,70,70,70,70,70,70,70,70,70,70,70,70,70,70,70,70,70,70,70,70,70,70,70,70,70,70,70,70,70,70,70,70,70,70,70,70,70,70,70],"card_choices":[{"not_picked":["PiercingWail","Acrobatics"],"picked":"Blur","floor":1},{"not_picked":["Heel Hook","Quick Slash"],"picked":"Flying Knee","floor":2},{"not_picked":["Concentrate","Deflect"],"picked":"Blade Dance","floor":3},{"not_picked":["Phantasmal Killer","PiercingWail"],"picked":"Blur","floor":4},{"not_picked":["Outmaneuver","Prepared"],"picked":"Cloak And Dagger","floor":6},{"not_picked":["Outmaneuver","Tactician"],"picked":"Caltrops","floor":8},{"not_picked":["Deadly Poison+1","Well Laid Plans"],"picked":"Cloak And Dagger+1","floor":11},{"not_picked":["Underhanded Strike","Dagger Spray","Predator"],"picked":"SKIP","floor":14},{"not_picked":["Bullet Time+1","Wraith Form v2"],"picked":"After Image","floor":16},{"not_picked":["Flying Knee","Flechettes","Sucker Punch"],"picked":"SKIP","floor":18},{"not_picked":["Choke","Poisoned Stab"],"picked":"Infinite Blades","floor":20},{"not_picked":["Infinite Blades","Dagger Spray"],"picked":"Endless Agony","floor":24},{"not_picked":["Expertise+1","Slice+1","Underhanded Strike+1"],"picked":"Cloak And Dagger+1","floor":29},{"not_picked":["Underhanded Strike","Noxious Fumes+1","Bane"],"picked":"Accuracy","floor":31},{"not_picked":["Doppelganger+1","After Image","Envenom"],"picked":"Storm of Steel+1","floor":33},{"not_picked":["Footwork+1","Deflect+1","Prepared+1"],"picked":"Backflip+1","floor":35},{"not_picked":["Poisoned Stab+1","Masterful Stab+1","Acrobatics+1"],"picked":"Blur+1","floor":37},{"not_picked":["Blade Dance+1","Slice","Bane"],"picked":"Backflip+1","floor":39},{"not_picked":["PiercingWail+1","Grand Finale","Calculated Gamble+1","Sucker Punch"],"picked":"SKIP","floor":45},{"not_picked":["PiercingWail+1","Quick Slash+1","Setup+1"],"picked":"Accuracy","floor":49}],"player_experience":438611,"relics_obtained":[{"floor":9,"key":"Toxic Egg 2"},{"floor":11,"key":"Dodecahedron"},{"floor":21,"key":"Bag of Preparation"},{"floor":23,"key":"Juzu Bracelet"},{"floor":24,"key":"Question Card"},{"floor":26,"key":"Bottled Lightning"},{"floor":39,"key":"Unceasing Top"},{"floor":43,"key":"Dream Catcher"},{"floor":44,"key":"Bottled Flame"},{"floor":45,"key":"Shovel"},{"floor":46,"key":"Thread and Needle"}],"event_choices":[{"event_name":"Big Fish","player_choice":"Box","floor":5,"damage_taken":0},{"event_name":"Drug Dealer","player_choice":"Got JAX","floor":19,"damage_taken":0},{"event_name":"The Mausoleum","player_choice":"Yes","floor":28,"damage_taken":0},{"event_name":"Tomb of Lord Red Mask","player_choice":"Paid","floor":38,"damage_taken":0},{"event_name":"MindBloom","player_choice":"Fight","floor":39,"damage_taken":0},{"event_name":"Falling","player_choice":"Removed Skill","floor":41,"damage_taken":0},{"event_name":"Winding Halls","player_choice":"Embrace Madness","floor":47,"damage_taken":0},{"event_name":"The Lab","player_choice":"Got Potions","floor":48,"damage_taken":0}],"is_beta":false,"boss_relics":[{"not_picked":["Tiny House","Busted Crown"],"picked":"WristBlade"},{"not_picked":["Black Star","Eternal Feather"],"picked":"Sozu"}],"items_purged_floors":[10,36],"is_endless":false,"potions_floor_spawned":[1,3,11,29,31,37,45],"ascension_level":10}