{"gold_per_floor":[119,119,138,151,226,226,252,252,302,302,317,329,357,7,7,110,110,35],"floor_reached":18,"playtime":1648,"items_purged":[],"score":204,"play_id":"1f0ca33d-7ead-457d-a0fa-e3efa18bc3b8","local_time":"20181129204701","is_ascension_mode":true,"campfire_choices":[{"floor":6,"key":"REST"},{"floor":8,"key":"REST"},{"floor":15,"key":"REST"}],"neow_cost":"NONE","seed_source_timestamp":16581199212000,"circlet_count":0,"master_deck":["Defend_G","Defend_G","Defend_G","Defend_G","Defend_G","Strike_G","Strike_G+1","Strike_G","Strike_G","Strike_G","Survivor","Neutralize","Outmaneuver","Caltrops","Leg Sweep","Deadly Poison","Regret","Cloak And Dagger","Backstab+1","Distraction","Sadistic Nature","Enlightenment","Infinite Blades","A Thousand Cuts"],"relics":["Ring of the Snake","Bronze Scales","Bag of Marbles","Pear","Whetstone","Black Star"],"potions_floor_usage":[7,7,13],"damage_taken":[{"damage":0,"enemies":"Small Slimes","floor":1,"turns":4},{"damage":1,"enemies":"Cultist","floor":3,"turns":5},{"damage":1,"enemies":"2 Louse","floor":4,"turns":4},{"damage":37,"enemies":"3 Sentries","floor":7,"turns":12},{"damage":22,"enemies":"Large Slime","floor":11,"turns":7},{"damage":2,"enemies":"Looter","floor":12,"turns":4},{"damage":18,"enemies":"Gremlin Nob","floor":13,"turns":4},{"damage":40,"enemies":"The Guardian","floor":16,"turns":11},{"damage":16,"enemies":"2 Thieves","floor":18,"turns":5}],"seed_played":"-1113863564569650446","potions_obtained":[{"floor":1,"key":"LiquidBronze"},{"floor":4,"key":"Swift Potion"},{"floor":11,"key":"Weak Potion"}],"is_trial":false,"path_per_floor":["M","?","M","M","?","R","E","R","T","?","M","M","E","$","R","B",null,"M"],"character_chosen":"THE_SILENT","items_purchased":["Sadistic Nature","Enlightenment","Infinite Blades"],"campfire_rested":3,"item_purchase_floors":[14,14,14],"current_hp_per_floor":[77,77,76,75,64,77,40,63,63,73,51,49,31,31,57,17,87,71],"gold":35,"neow_bonus":"TEN_PERCENT_HP_BONUS","is_prod":false,"is_daily":false,"chose_seed":false,"campfire_upgraded":0,"win_rate":0,"timestamp":1543531621,"path_taken":["M","?","?","M","?","R","E","R","T","?","M","M","E","$","R","BOSS","M"],"build_version":"2018-11-15","purchased_purges":0,"victory":false,"max_hp_per_floor":[77,77,77,77,77,77,77,77,77,87,87,87,87,87,87,87,87,87],"card_choices":[{"not_picked":["Bane","Blade Dance"],"picked":"Outmaneuver","floor":1},{"not_picked":["All Out Attack","PiercingWail"],"picked":"Caltrops","floor":3},{"not_picked":["Outmaneuver","Slice"],"picked":"Leg Sweep","floor":4},{"not_picked":["Underhanded Strike","Predator"],"picked":"Deadly Poison","floor":7},{"not_picked":["Wraith Form v2","Dodge and Roll"],"picked":"Cloak And Dagger","floor":11},{"not_picked":["Acrobatics","PiercingWail"],"picked":"Backstab","floor":12},{"not_picked":["Prepared","Slice"],"picked":"Distraction","floor":13},{"not_picked":["After Image","Bullet Time"],"picked":"A Thousand Cuts","floor":16}],"player_experience":234000,"relics_obtained":[{"floor":7,"key":"Bronze Scales"},{"floor":9,"key":"Bag of Marbles"},{"floor":13,"key":"Whetstone"}],"event_choices":[{"damage_healed":0,"gold_gain":0,"player_choice":"Ignored","damage_taken":0,"max_hp_gain":0,"max_hp_loss":0,"event_name":"Purifier","floor":2,"gold_loss":0},{"damage_healed":0,"gold_gain":75,"player_choice":"Gather Gold","damage_taken":11,"max_hp_gain":0,"max_hp_loss":0,"event_name":"World of Goop","floor":5,"gold_loss":0},{"damage_healed":0,"gold_gain":0,"player_choice":"Box","damage_taken":0,"relics_obtained":["Pear"],"max_hp_gain":0,"max_hp_loss":0,"event_name":"Big Fish","floor":10,"gold_loss":0,"cards_obtained":["Regret"]}],"is_beta":false,"boss_relics":[{"not_picked":["Calling Bell","WristBlade"],"picked":"Black Star"}],"items_purged_floors":[],"is_endless":false,"potions_floor_spawned":[1,4,11],"killed_by":"2 Thieves","ascension_level":1}