{"gold_per_floor":[112,62,80,90,51,51,65,90,115,134,134,99,99,132,132,204,204,214,214,231,245,16,45,45,45,45,45,55,55,55,65,65,142,142,157,157,78,78,95,126,126,126,149,72,72,72,92,52,52,52],"floor_reached":50,"playtime":4509,"items_purged":[],"score":872,"play_id":"f2e5800c-d499-4036-861c-b9b47fbe566c","local_time":"20181205195715","is_ascension_mode":true,"campfire_choices":[{"data":"Footwork","floor":6,"key":"SMITH"},{"data":"Well Laid Plans","floor":11,"key":"SMITH"},{"floor":13,"key":"REST"},{"data":"Neutralize","floor":15,"key":"SMITH"},{"floor":24,"key":"RECALL"},{"floor":27,"key":"REST"},{"data":"Bullet Time","floor":30,"key":"SMITH"},{"data":"After Image","floor":32,"key":"SMITH"},{"data":"Choke","floor":41,"key":"SMITH"},{"data":"Tools of the Trade","floor":46,"key":"SMITH"},{"data":"Dash","floor":49,"key":"SMITH"}],"neow_cost":"PERCENT_DAMAGE","seed_source_timestamp":159095053725016,"circlet_count":0,"master_deck":["AscendersBane","Defend_G","Defend_G","Defend_G","Defend_G","Defend_G","Survivor","Neutralize+1","Dash+1","Underhanded Strike","Well Laid Plans+1","Footwork+1","Dagger Throw","Backstab","PiercingWail","Bullet Time+1","Dodge and Roll","Tools of the Trade+1","Prepared+1","Escape Plan","Blur","Bite","Bite","Bite","Bite","Bite","After Image+1","Die Die Die","Choke+1","Madness","Madness","Quick Slash","Heel Hook","Master of Strategy","Cloak And Dagger+1","Leg Sweep"],"relics":["Ring of the Serpent","Pen Nib","Nloth\u0027s Gift","Happy Flower","Art of War","Ice Cream","Busted Crown","Darkstone Periapt","Bag of Preparation"],"potions_floor_usage":[14,23,23,40,40,50],"damage_taken":[{"damage":0,"enemies":"Cultist","floor":1,"turns":4},{"damage":2,"enemies":"Small Slimes","floor":3,"turns":4},{"damage":3,"enemies":"Jaw Worm","floor":4,"turns":6},{"damage":0,"enemies":"Blue Slaver","floor":7,"turns":4},{"damage":13,"enemies":"Lagavulin","floor":8,"turns":10},{"damage":2,"enemies":"3 Louse","floor":10,"turns":3},{"damage":0,"enemies":"Exordium Thugs","floor":12,"turns":5},{"damage":2,"enemies":"3 Sentries","floor":14,"turns":13},{"damage":12,"enemies":"Slime Boss","floor":16,"turns":17},{"damage":0,"enemies":"Shell Parasite","floor":18,"turns":7},{"damage":5,"enemies":"Chosen","floor":20,"turns":7},{"damage":1,"enemies":"Centurion and Healer","floor":21,"turns":7},{"damage":45,"enemies":"Slavers","floor":23,"turns":12},{"damage":24,"enemies":"Snake Plant","floor":28,"turns":6},{"damage":7,"enemies":"Sentry and Sphere","floor":31,"turns":8},{"damage":21,"enemies":"Automaton","floor":33,"turns":19},{"damage":0,"enemies":"3 Shapes","floor":35,"turns":6},{"damage":11,"enemies":"Orb Walker","floor":39,"turns":4},{"damage":45,"enemies":"Reptomancer","floor":40,"turns":10},{"damage":0,"enemies":"4 Shapes","floor":47,"turns":6},{"damage":98,"enemies":"Time Eater","floor":50,"turns":19}],"seed_played":"-1929786777821086514","potions_obtained":[{"floor":1,"key":"Regen Potion"},{"floor":8,"key":"GamblersBrew"},{"floor":12,"key":"SkillPotion"},{"floor":16,"key":"Weak Potion"},{"floor":33,"key":"Explosive Potion"},{"floor":35,"key":"SpeedPotion"},{"floor":40,"key":"Strength Potion"}],"is_trial":false,"path_per_floor":["M","?","M","M","$","R","M","E","T","M","R","M","R","E","R","B",null,"M","?","M","M","$","E","R","?","T","R","M","T","R","M","R","B",null,"M","?","$","?","M","E","R","?","T","$","?","R","M","$","R","B"],"character_chosen":"THE_SILENT","items_purchased":["Backstab","Escape Plan","Happy Flower","Choke","Heel Hook","Leg Sweep"],"campfire_rested":2,"item_purchase_floors":[5,22,22,37,44,48],"current_hp_per_floor":[45,45,43,40,40,40,40,27,27,25,25,25,46,44,44,32,61,61,61,56,55,55,25,25,25,25,39,33,33,33,42,42,49,49,49,49,49,43,38,17,17,43,43,43,43,43,43,43,43,0],"gold":52,"neow_bonus":"TRANSFORM_TWO_CARDS","is_prod":false,"is_daily":false,"chose_seed":false,"campfire_upgraded":8,"win_rate":0,"timestamp":1544039835,"path_taken":["M","?","M","M","$","R","M","E","T","M","R","M","R","E","R","BOSS","M","?","?","?","?","E","R","?","T","R","M","?","R","M","R","BOSS","M","?","$","?","?","E","R","?","T","?","?","R","M","$","R","BOSS"],"build_version":"2018-11-15","purchased_purges":0,"victory":false,"max_hp_per_floor":[70,70,70,70,70,70,70,70,70,70,70,70,70,70,70,70,70,70,70,70,70,70,70,70,49,49,49,49,49,49,49,49,49,49,49,49,49,49,49,49,49,43,43,43,43,43,43,43,43,43],"card_choices":[{"not_picked":["Setup","Outmaneuver"],"picked":"Well Laid Plans","floor":1},{"not_picked":["Distraction","Outmaneuver"],"picked":"Footwork","floor":3},{"not_picked":["Noxious Fumes","Dash"],"picked":"Dagger Throw","floor":4},{"not_picked":["Accuracy","Deflect"],"picked":"PiercingWail","floor":7},{"not_picked":["Backflip","Masterful Stab"],"picked":"Bullet Time","floor":8},{"not_picked":["Eviscerate","Dagger Spray"],"picked":"Dodge and Roll","floor":10},{"not_picked":["Bane","PiercingWail","Dagger Spray"],"picked":"SKIP","floor":12},{"not_picked":["Sucker Punch","Riddle With Holes","Corpse Explosion"],"picked":"SKIP","floor":14},{"not_picked":["Phantasmal Killer","Storm of Steel"],"picked":"Tools of the Trade","floor":16},{"not_picked":["Dagger Spray","Bouncing Flask+1"],"picked":"Prepared+1","floor":18},{"not_picked":["Setup","Outmaneuver","Dagger Throw"],"picked":"SKIP","floor":20},{"not_picked":["Skewer","Dagger Spray","Deflect+1"],"picked":"SKIP","floor":21},{"not_picked":["Outmaneuver","Slice"],"picked":"Blur","floor":23},{"not_picked":["Slice","Dagger Throw","Sucker Punch"],"picked":"SKIP","floor":28},{"not_picked":["Acrobatics","Deadly Poison"],"picked":"After Image","floor":31},{"not_picked":["Wraith Form v2","A Thousand Cuts"],"picked":"Die Die Die","floor":33},{"not_picked":["Concentrate"],"picked":"SKIP","floor":35},{"not_picked":["Deflect"],"picked":"SKIP","floor":39},{"not_picked":[],"picked":"Quick Slash","floor":40},{"not_picked":[],"picked":"Master of Strategy","floor":45},{"not_picked":[],"picked":"Cloak And Dagger+1","floor":47}],"player_experience":525528,"relics_obtained":[{"floor":9,"key":"Centennial Puzzle"},{"floor":14,"key":"Pen Nib"},{"floor":23,"key":"Art of War"},{"floor":26,"key":"Ice Cream"},{"floor":40,"key":"Darkstone Periapt"},{"floor":43,"key":"Bag of Preparation"}],"event_choices":[{"cards_removed":["Strike_G"],"damage_healed":0,"gold_gain":0,"player_choice":"Card Removal","damage_taken":0,"max_hp_gain":0,"max_hp_loss":0,"event_name":"The Cleric","floor":2,"gold_loss":50},{"damage_healed":0,"gold_gain":0,"player_choice":"Traded Relic","damage_taken":0,"relics_obtained":["Nloth\u0027s Gift"],"max_hp_gain":0,"max_hp_loss":0,"event_name":"N\u0027loth","floor":19,"relics_lost":["Centennial Puzzle"],"gold_loss":0},{"damage_healed":0,"gold_gain":0,"player_choice":"Became a vampire","damage_taken":0,"max_hp_gain":0,"max_hp_loss":21,"event_name":"Vampires","floor":25,"gold_loss":0,"cards_obtained":["Bite","Bite","Bite","Bite","Bite"]},{"damage_healed":0,"gold_gain":0,"player_choice":"Ignored","damage_taken":0,"max_hp_gain":0,"max_hp_loss":0,"event_name":"Tomb of Lord Red Mask","floor":36,"gold_loss":0},{"damage_healed":0,"gold_gain":0,"player_choice":"Embrace Madness","damage_taken":6,"max_hp_gain":0,"max_hp_loss":0,"event_name":"Winding Halls","floor":38,"gold_loss":0,"cards_obtained":["Madness","Madness"]},{"damage_healed":43,"gold_gain":0,"player_choice":"Heal","damage_taken":0,"max_hp_gain":0,"max_hp_loss":6,"event_name":"The Moai Head","floor":42,"gold_loss":0},{"damage_healed":0,"gold_gain":0,"player_choice":"Memory 1","damage_taken":0,"max_hp_gain":0,"max_hp_loss":0,"event_name":"SensoryStone","floor":45,"gold_loss":0}],"is_beta":false,"boss_relics":[{"not_picked":["Black Star","Calling Bell"],"picked":"Ring of the Serpent"},{"not_picked":["Sozu","Snecko Eye"],"picked":"Busted Crown"}],"items_purged_floors":[],"is_endless":false,"potions_floor_spawned":[1,8,12,16,21,33,35,40],"killed_by":"Time Eater","ascension_level":13}