{"gold_per_floor":[218,393,393,413,363,363,363,394,394,410,410,410,410,64,64,165,165,176,176,26,126,145,145,158,158,158,158,188,203,234,245,245,245],"floor_reached":33,"playtime":636,"items_purged":["Strike_R"],"score":311,"play_id":"79697295-0115-4d1f-bb49-21fcf41cdf74","local_time":"20190329184755","is_ascension_mode":false,"campfire_choices":[{"data":"Bash","floor":6.0,"key":"SMITH"},{"data":"Clash","floor":11.0,"key":"SMITH"},{"data":"Feed","floor":13.0,"key":"SMITH"},{"data":"Intimidate","floor":15.0,"key":"SMITH"},{"floor":23.0,"key":"DIG"},{"data":"Flex","floor":25.0,"key":"SMITH"},{"data":"Bludgeon","floor":27.0,"key":"SMITH"},{"floor":32,"key":"DIG"}],"neow_cost":"NONE","seed_source_timestamp":11966859669454,"circlet_count":0,"master_deck":["Strike_R","Strike_R","Strike_R+1","Defend_R","Defend_R","Defend_R","Defend_R","Bash+1","Second Wind+1","Heavy Blade+1","Clash+1","Feed+1","Headbutt","Intimidate+1","Bludgeon+1","Flame Barrier+1","Clash+1","Flex+1","Shrug It Off+1","Clash","Shockwave"],"special_seed":0,"relics":["Burning Blood","Juzu Bracelet","Gremlin Horn","Bag of Marbles","Velvet Choker","PreservedInsect","Shovel","Self Forming Clay","Art of War","Omamori","Tiny Chest","Potion Belt","Vajra"],"potions_floor_usage":[30,33,33],"damage_taken":[{"damage":5.0,"enemies":"Small Slimes","floor":1.0,"turns":6.0},{"damage":1.0,"enemies":"Cultist","floor":4.0,"turns":4.0},{"damage":22.0,"enemies":"Gremlin Nob","floor":8.0,"turns":4.0},{"damage":6.0,"enemies":"Jaw Worm","floor":10.0,"turns":2.0},{"damage":47.0,"enemies":"Hexaghost","floor":16.0,"turns":9.0},{"damage":5.0,"enemies":"Spheric Guardian","floor":18.0,"turns":3.0},{"damage":9.0,"enemies":"Colosseum Slavers","floor":21.0,"turns":4.0},{"damage":0.0,"enemies":"Colosseum Nobs","floor":21.0,"turns":3.0},{"damage":0.0,"enemies":"Chosen","floor":22.0,"turns":3.0},{"damage":21.0,"enemies":"Snake Plant","floor":24.0,"turns":3.0},{"damage":9.0,"enemies":"Centurion and Healer","floor":29.0,"turns":4.0},{"damage":0,"enemies":"Book of Stabbing","floor":30,"turns":2},{"damage":15,"enemies":"Sentry and Sphere","floor":31,"turns":4},{"damage":88,"enemies":"Collector","floor":33,"turns":9}],"seed_played":"-2026401385788695755","potions_obtained":[{"floor":18.0,"key":"Weak Potion"},{"floor":19.0,"key":"Block Potion"},{"floor":19.0,"key":"AttackPotion"},{"floor":21.0,"key":"SmokeBomb"},{"floor":22.0,"key":"SkillPotion"},{"floor":30,"key":"Fire Potion"}],"is_trial":false,"path_per_floor":["M","?","?","M","?","R","?","E","T","M","R","?","R","$","R","B",null,"M","?","$","?","M","R","M","R","T","R","?","M","E","M","R","B"],"character_chosen":"IRONCLAD","items_purchased":["Bag of Marbles","Headbutt","Intimidate","PreservedInsect"],"campfire_rested":0,"item_purchase_floors":[14,14,14,20],"current_hp_per_floor":[80,80,80,80,80,80,64,48,48,48,48,48,48,48,48,11,84,84,84,84,88,88,88,73,73,73,73,73,74,84,79,79,0],"gold":245,"neow_bonus":"HUNDRED_GOLD","is_prod":false,"is_daily":false,"chose_seed":false,"campfire_upgraded":6,"win_rate":0,"timestamp":1553906875,"path_taken":["M","?","?","?","?","R","?","E","T","M","R","?","R","$","R","BOSS","M","?","$","?","M","R","M","R","T","R","?","M","E","M","R","BOSS"],"build_version":"2019-01-23","purchased_purges":1,"victory":false,"max_hp_per_floor":[80,80,80,80,80,80,80,80,80,80,80,80,80,80,80,84,84,84,84,84,88,88,88,88,88,88,88,88,92,96,100,100,100],"card_choices":[{"not_picked":["Iron Wave","Perfected Strike","Body Slam"],"picked":"SKIP","floor":1.0},{"not_picked":["Perfected Strike","Clash"],"picked":"Heavy Blade","floor":4.0},{"not_picked":["Perfected Strike","Body Slam"],"picked":"Clash","floor":8.0},{"not_picked":["Pommel Strike","Havoc"],"picked":"Feed","floor":10.0},{"not_picked":["Juggernaut","Reaper"],"picked":"Bludgeon","floor":16.0},{"not_picked":["Fire Breathing","Twin Strike+1","Wild Strike"],"picked":"SKIP","floor":18.0},{"not_picked":["Wild Strike","Iron Wave"],"picked":"Flame Barrier+1","floor":21.0},{"not_picked":["Twin Strike","Intimidate"],"picked":"Clash+1","floor":22.0},{"not_picked":["Feel No Pain+1","Warcry"],"picked":"Flex","floor":24.0},{"not_picked":["Exhume","Headbutt"],"picked":"Shrug It Off+1","floor":29.0},{"not_picked":["Ghostly Armor+1","Warcry"],"picked":"Clash","floor":30},{"not_picked":["Heavy Blade","Body Slam"],"picked":"Shockwave","floor":31}],"player_experience":1147382,"relics_obtained":[{"floor":8.0,"key":"Juzu Bracelet"},{"floor":9.0,"key":"Gremlin Horn"},{"floor":21.0,"key":"Shovel"},{"floor":21.0,"key":"Self Forming Clay"},{"floor":23.0,"key":"Art of War"},{"floor":26.0,"key":"Omamori"},{"floor":30,"key":"Potion Belt"},{"floor":32,"key":"Vajra"}],"event_choices":[{"damage_healed":0.0,"max_hp_gain":0.0,"max_hp_loss":0.0,"gold_gain":175.0,"event_name":"Liars Game","player_choice":"AGREE","floor":2.0,"gold_loss":0.0,"damage_taken":0.0,"cards_obtained":["Doubt"]},{"damage_healed":0.0,"max_hp_gain":0.0,"max_hp_loss":0.0,"gold_gain":0.0,"cards_transformed":["Strike_R"],"event_name":"Transmorgrifier","player_choice":"Transformed","floor":3.0,"gold_loss":0.0,"damage_taken":0.0,"cards_obtained":["Second Wind"]},{"cards_removed":["Doubt"],"damage_healed":0.0,"max_hp_gain":0.0,"max_hp_loss":0.0,"gold_gain":0.0,"event_name":"The Cleric","player_choice":"Card Removal","floor":5.0,"gold_loss":50.0,"damage_taken":0.0},{"damage_healed":0.0,"max_hp_gain":0.0,"max_hp_loss":0.0,"gold_gain":0.0,"event_name":"Shining Light","player_choice":"Entered Light","floor":7.0,"gold_loss":0.0,"damage_taken":16.0,"cards_upgraded":["Heavy Blade","Strike_R"]},{"damage_healed":0.0,"max_hp_gain":0.0,"max_hp_loss":0.0,"gold_gain":0.0,"event_name":"Living Wall","player_choice":"Grow","floor":12.0,"gold_loss":0.0,"damage_taken":0.0,"cards_upgraded":["Second Wind"]},{"damage_healed":0.0,"max_hp_gain":0.0,"max_hp_loss":0.0,"gold_gain":0.0,"event_name":"Lab","player_choice":"Got Potions","floor":19.0,"gold_loss":0.0,"damage_taken":0.0},{"damage_healed":0.0,"max_hp_gain":0.0,"max_hp_loss":0.0,"gold_gain":0.0,"event_name":"Colosseum","player_choice":"Fight","floor":21.0,"gold_loss":0.0,"damage_taken":0.0},{"damage_healed":0.0,"max_hp_gain":0.0,"max_hp_loss":0.0,"gold_gain":0.0,"event_name":"Colosseum","player_choice":"Fought Nobs","floor":21.0,"gold_loss":0.0,"damage_taken":0.0},{"damage_healed":0.0,"max_hp_gain":0.0,"max_hp_loss":0.0,"gold_gain":0.0,"event_name":"The Mausoleum","player_choice":"Opened","floor":28.0,"gold_loss":0.0,"damage_taken":0.0,"relics_obtained":["Tiny Chest"],"cards_obtained":["Writhe"]}],"is_beta":false,"boss_relics":[{"not_picked":["Calling Bell","Astrolabe"],"picked":"Velvet Choker"}],"items_purged_floors":[14],"is_endless":false,"potions_floor_spawned":[18,21,22,30],"killed_by":"Collector","ascension_level":0}