{"gold_per_floor":[110,110,110,128,143,143,163,163,163,175,202,202,24,43,43,122,122,142,157,176,195,465,5,38,58,82,82,107,120,120,170,170,247,247,264,364,378,398,409,442,442,442,442,442,442,442,21,35,35,35],"floor_reached":50,"playtime":3179,"items_purged":["Armaments"],"score":1018,"play_id":"6449370c-6fa4-4953-94c2-81740f25b643","local_time":"20190309004810","is_ascension_mode":true,"campfire_choices":[{"data":"Shockwave","floor":6,"key":"SMITH"},{"data":"Bash","floor":8,"key":"SMITH"},{"data":"Pommel Strike","floor":12,"key":"SMITH"},{"data":"Shrug It Off","floor":15,"key":"SMITH"},{"floor":27,"key":"REST"},{"data":"Limit Break","floor":30,"key":"SMITH"},{"floor":32,"key":"REST"},{"floor":41,"key":"REST"},{"floor":42,"key":"REST"},{"data":"Demon Form","floor":44,"key":"SMITH"},{"floor":49,"key":"REST"}],"neow_cost":"PERCENT_DAMAGE","seed_source_timestamp":26377672906591,"circlet_count":0,"master_deck":["AscendersBane","Strike_R","Strike_R","Defend_R","Defend_R+1","Defend_R","Defend_R+1","Bash+1","Shrug It Off+1","Shockwave+1","Blood for Blood","Pommel Strike+1","Cleave","Pummel","Berserk","Infernal Blade+1","Thunderclap+1","Pummel+1","Dropkick","Flex+1","Demon Form+1","Pommel Strike","Rage","Shrug It Off","Clash","Limit Break+1","Feed","Heavy Blade","Battle Trance","Intimidate","Impervious","Heavy Blade+1","Pummel+1","Shrug It Off","Battle Trance+1","Flex+1","Shrug It Off","Headbutt","Reaper","Violence"],"relics":["Burning Blood","Incense Burner","The Courier","Ancient Tea Set","OrangePellets","Astrolabe","Membership Card","Self Forming Clay","Tiny Chest","Prayer Wheel","Oddly Smooth Stone","War Paint","Gambling Chip","Orrery","Du-Vu Doll","WingedGreaves","Strange Spoon","Pantograph","Dodecahedron","PreservedInsect"],"potions_floor_usage":[14,16,20,24,24,24,24,24,24,29,36,40,50,50],"damage_taken":[{"damage":0,"enemies":"Small Slimes","floor":1,"turns":5},{"damage":2,"enemies":"Cultist","floor":4,"turns":4},{"damage":2,"enemies":"Jaw Worm","floor":5,"turns":5},{"damage":3,"enemies":"Red Slaver","floor":7,"turns":6},{"damage":0,"enemies":"2 Fungi Beasts","floor":10,"turns":7},{"damage":19,"enemies":"Lagavulin","floor":11,"turns":6},{"damage":2,"enemies":"Large Slime","floor":14,"turns":6},{"damage":18,"enemies":"The Guardian","floor":16,"turns":11},{"damage":1,"enemies":"3 Byrds","floor":18,"turns":5},{"damage":12,"enemies":"Shell Parasite","floor":19,"turns":5},{"damage":26,"enemies":"Centurion and Healer","floor":20,"turns":4},{"damage":17,"enemies":"3 Cultists","floor":21,"turns":4},{"damage":23,"enemies":"Gremlin Leader","floor":24,"turns":4},{"damage":0,"enemies":"Cultist and Chosen","floor":25,"turns":7},{"damage":12,"enemies":"Book of Stabbing","floor":28,"turns":5},{"damage":18,"enemies":"Chosen and Byrds","floor":29,"turns":6},{"damage":19,"enemies":"Automaton","floor":33,"turns":6},{"damage":12,"enemies":"Orb Walker","floor":35,"turns":5},{"damage":24,"enemies":"Mind Bloom Boss Battle","floor":36,"turns":6},{"damage":0,"enemies":"3 Shapes","floor":37,"turns":8},{"damage":11,"enemies":"3 Darklings","floor":38,"turns":5},{"damage":40,"enemies":"Spire Growth","floor":39,"turns":6},{"damage":36,"enemies":"Nemesis","floor":40,"turns":7},{"damage":22,"enemies":"Transient","floor":48,"turns":5},{"damage":106,"enemies":"Time Eater","floor":50,"turns":8}],"seed_played":"-938673846250121359","potions_obtained":[{"floor":1,"key":"Block Potion"},{"floor":4,"key":"Fire Potion"},{"floor":14,"key":"EntropicBrew"},{"floor":19,"key":"Regen Potion"},{"floor":20,"key":"SteroidPotion"},{"floor":28,"key":"BloodPotion"},{"floor":29,"key":"FairyPotion"},{"floor":35,"key":"Block Potion"},{"floor":37,"key":"LiquidBronze"}],"is_trial":false,"path_per_floor":["M","?","?","M","M","R","M","R","T","M","E","R","$","M","R","B",null,"M","M","M","M","?","$","E","M","T","R","E","M","R","?","R","B",null,"M","?","M","M","M","E","R","R","T","R","?","?","$","M","R","B"],"character_chosen":"IRONCLAD","items_purchased":["OrangePellets","Cleave","Membership Card","Armaments","Rage","Self Forming Clay","Tiny Chest","Prayer Wheel","Strange Spoon","Pantograph","Dodecahedron","Dexterity Potion","AttackPotion","PreservedInsect"],"campfire_rested":5,"item_purchase_floors":[13,13,23,23,23,23,23,23,47,47,47,47,47,47],"current_hp_per_floor":[56,56,56,60,64,64,67,67,67,73,60,60,60,64,64,52,69,74,68,60,49,21,21,11,17,17,39,33,28,28,28,50,37,66,60,45,54,49,15,14,38,62,62,62,62,62,62,53,77,0],"gold":35,"neow_bonus":"THREE_RARE_CARDS","is_prod":false,"is_daily":false,"chose_seed":false,"campfire_upgraded":6,"win_rate":0,"timestamp":1552088890,"path_taken":["M","?","?","M","?","R","M","R","T","M","E","R","$","M","R","BOSS","M","M","M","M","?","$","E","M","T","R","E","?","R","?","R","BOSS","M","?","M","M","M","E","R","R","T","R","?","?","$","?","R","BOSS"],"build_version":"2019-01-23","purchased_purges":1,"victory":false,"max_hp_per_floor":[75,75,75,75,75,75,75,75,75,75,75,75,75,75,75,75,75,75,75,75,75,75,75,75,75,75,75,75,75,75,75,75,75,75,75,78,81,81,81,81,81,81,81,81,81,81,81,81,81,81],"card_choices":[{"not_picked":["Brutality","Bludgeon"],"picked":"Exhume","floor":0},{"not_picked":["Second Wind","Perfected Strike"],"picked":"Shrug It Off","floor":1},{"not_picked":["Perfected Strike","Headbutt","Fire Breathing"],"picked":"SKIP","floor":4},{"not_picked":["Thunderclap","Twin Strike"],"picked":"Shockwave","floor":5},{"not_picked":["Thunderclap","Flex","Reckless Charge"],"picked":"SKIP","floor":7},{"not_picked":["Havoc","Shockwave"],"picked":"Blood for Blood","floor":10},{"not_picked":["Perfected Strike","Pummel"],"picked":"Pommel Strike","floor":11},{"not_picked":["Armaments","Clothesline"],"picked":"Pummel","floor":14},{"not_picked":["Dark Embrace","Exhume"],"picked":"Berserk","floor":16},{"not_picked":["Clothesline","Armaments"],"picked":"Dropkick","floor":18},{"not_picked":["Clothesline","True Grit"],"picked":"Flex+1","floor":19},{"not_picked":["Havoc","Pommel Strike"],"picked":"Demon Form","floor":20},{"not_picked":["Sword Boomerang","Anger+1"],"picked":"Pommel Strike","floor":21},{"not_picked":["Twin Strike","Armaments"],"picked":"Shrug It Off","floor":24},{"not_picked":["Body Slam","Spot Weakness"],"picked":"Clash","floor":25},{"not_picked":["Rampage","Flex","Seeing Red"],"picked":"SKIP","floor":25},{"not_picked":["Sever Soul+1","Havoc","Shockwave"],"picked":"SKIP","floor":28},{"not_picked":["Corruption","Pummel"],"picked":"Limit Break","floor":29},{"not_picked":["Rage","Ghostly Armor","Dropkick"],"picked":"SKIP","floor":29},{"not_picked":["Brutality","Demon Form"],"picked":"Feed","floor":33},{"not_picked":["Clash","Rupture"],"picked":"Heavy Blade","floor":34},{"not_picked":["Armaments","True Grit"],"picked":"Battle Trance","floor":34},{"not_picked":["Sword Boomerang","Burning Pact"],"picked":"Intimidate","floor":34},{"not_picked":["Anger","Iron Wave"],"picked":"Impervious","floor":34},{"not_picked":["Havoc","Wild Strike+1"],"picked":"Heavy Blade+1","floor":35},{"not_picked":["Fire Breathing","Body Slam+1","Hemokinesis"],"picked":"SKIP","floor":35},{"not_picked":["Body Slam+1","Headbutt+1"],"picked":"Pummel+1","floor":36},{"not_picked":["Sword Boomerang","Thunderclap"],"picked":"Shrug It Off","floor":37},{"not_picked":["Sentinel+1","Flex","Reckless Charge"],"picked":"SKIP","floor":37},{"not_picked":["Sever Soul","Second Wind+1"],"picked":"Battle Trance+1","floor":38},{"not_picked":["Wild Strike+1","Rupture+1"],"picked":"Flex+1","floor":38},{"not_picked":["Rage","Armaments"],"picked":"Shrug It Off","floor":39},{"not_picked":["Entrench","Thunderclap"],"picked":"Headbutt","floor":39},{"not_picked":["Flex+1","Clash"],"picked":"Reaper","floor":40},{"not_picked":["Chrysalis","Finesse"],"picked":"Violence","floor":45},{"not_picked":["Cleave","Perfected Strike+1","Rampage"],"picked":"SKIP","floor":48},{"not_picked":["True Grit+1","Perfected Strike","Sword Boomerang"],"picked":"SKIP","floor":48}],"player_experience":704826,"relics_obtained":[{"floor":9,"key":"The Courier"},{"floor":11,"key":"Ancient Tea Set"},{"floor":24,"key":"Oddly Smooth Stone"},{"floor":26,"key":"War Paint"},{"floor":28,"key":"Gambling Chip"},{"floor":36,"key":"Du-Vu Doll"},{"floor":40,"key":"WingedGreaves"}],"event_choices":[{"damage_healed":0,"gold_gain":0,"player_choice":"Ignored","damage_taken":0,"max_hp_gain":0,"max_hp_loss":0,"event_name":"Shining Light","floor":2,"gold_loss":0},{"cards_removed":["Exhume"],"damage_healed":0,"gold_gain":0,"player_choice":"Gave Card","damage_taken":0,"relics_obtained":["Incense Burner"],"max_hp_gain":0,"max_hp_loss":0,"event_name":"WeMeetAgain","floor":3,"gold_loss":0},{"damage_healed":0,"gold_gain":270,"player_choice":"GOLD GOLD GOLD ","damage_taken":28,"max_hp_gain":0,"max_hp_loss":0,"event_name":"Knowing Skull","floor":22,"potions_obtained":[],"gold_loss":0,"cards_obtained":[]},{"damage_healed":0,"gold_gain":50,"player_choice":"Stole From Cult","damage_taken":0,"max_hp_gain":0,"max_hp_loss":0,"event_name":"Nest","floor":31,"gold_loss":0},{"damage_healed":0,"gold_gain":0,"player_choice":"Fight","damage_taken":0,"max_hp_gain":0,"max_hp_loss":0,"event_name":"MindBloom","floor":36,"gold_loss":0},{"damage_healed":0,"gold_gain":0,"player_choice":"Memory 1","damage_taken":0,"max_hp_gain":0,"max_hp_loss":0,"event_name":"SensoryStone","floor":45,"gold_loss":0},{"damage_healed":0,"gold_gain":0,"player_choice":"Ignored","damage_taken":0,"max_hp_gain":0,"max_hp_loss":0,"event_name":"Tomb of Lord Red Mask","floor":46,"gold_loss":0}],"is_beta":false,"boss_relics":[{"not_picked":["Black Star","Eternal Feather"],"picked":"Astrolabe"},{"not_picked":["White Beast Statue","Mark of Pain"],"picked":"Orrery"}],"items_purged_floors":[47],"is_endless":false,"potions_floor_spawned":[1,4,5,14,19,20,28,29,35,37],"killed_by":"Time Eater","ascension_level":15}