{"gold_per_floor":[112,112,130,144,144,144,169,184,184,184,195,211,4,29,29,106,106,123,123,134,154,79,112,125,125,125,125,224,224,224,242,242,316,316,330,330,330,350,650,650,681,698,698,59,59,74,174,174,174,174,174,174,85,119,119],"floor_reached":55,"playtime":2083,"items_purged":["Strike_R","Writhe","Strike_R"],"score":1296,"play_id":"f11372f7-345f-417a-ba8d-42e0ab16d3f3","local_time":"20190307234134","is_ascension_mode":true,"campfire_choices":[{"data":"Inflame","floor":6,"key":"SMITH"},{"data":"Feed","floor":15,"key":"SMITH"},{"data":"Double Tap","floor":27,"key":"SMITH"},{"floor":30,"key":"RECALL"},{"data":"Shockwave","floor":32,"key":"SMITH"},{"data":"Whirlwind","floor":40,"key":"SMITH"},{"data":"Rage","floor":45,"key":"SMITH"},{"data":"Madness","floor":49,"key":"SMITH"},{"data":"Madness","floor":52,"key":"SMITH"}],"neow_cost":"NONE","seed_source_timestamp":363861200371200,"circlet_count":0,"master_deck":["AscendersBane","Strike_R","Defend_R","Defend_R","Defend_R","Defend_R","Bash","Twin Strike","Inflame+1","Cleave","Armaments+1","Anger","Spot Weakness","Feed+1","Sword Boomerang","Double Tap+1","Shockwave+1","Battle Trance","Shrug It Off+1","Madness+1","Madness+1","Whirlwind+1","Rage+1"],"relics":["Black Blood","Lantern","Bag of Marbles","Brimstone","Shuriken","Coffee Dripper","Smiling Mask","Centennial Puzzle","Kunai","The Courier","Gremlin Horn","Ornamental Fan","Pear","Orichalcum","Frozen Egg 2","Ginger","Meat on the Bone","Red Skull"],"potions_floor_usage":[7,14,23,47,50,55],"damage_taken":[{"damage":1,"enemies":"Cultist","floor":1,"turns":4},{"damage":7,"enemies":"Jaw Worm","floor":3,"turns":2},{"damage":0,"enemies":"Small Slimes","floor":4,"turns":3},{"damage":31,"enemies":"Lagavulin","floor":7,"turns":7},{"damage":2,"enemies":"2 Fungi Beasts","floor":8,"turns":2},{"damage":0,"enemies":"Red Slaver","floor":11,"turns":1},{"damage":0,"enemies":"Gremlin Gang","floor":12,"turns":3},{"damage":13,"enemies":"3 Sentries","floor":14,"turns":4},{"damage":0,"enemies":"Slime Boss","floor":16,"turns":5},{"damage":0,"enemies":"Shell Parasite","floor":18,"turns":1},{"damage":9,"enemies":"Chosen","floor":20,"turns":2},{"damage":25,"enemies":"Sentry and Sphere","floor":21,"turns":4},{"damage":23,"enemies":"Slavers","floor":23,"turns":2},{"damage":25,"enemies":"Snecko","floor":24,"turns":5},{"damage":11,"enemies":"3 Cultists","floor":31,"turns":3},{"damage":7,"enemies":"Collector","floor":33,"turns":6},{"damage":4,"enemies":"Orb Walker","floor":35,"turns":2},{"damage":24,"enemies":"3 Darklings","floor":38,"turns":6},{"damage":27,"enemies":"Reptomancer","floor":41,"turns":4},{"damage":4,"enemies":"4 Shapes","floor":42,"turns":6},{"damage":2,"enemies":"Transient","floor":46,"turns":5},{"damage":10,"enemies":"Mind Bloom Boss Battle","floor":47,"turns":4},{"damage":78,"enemies":"Time Eater","floor":50,"turns":7},{"damage":1,"enemies":"Shield and Spear","floor":54,"turns":3},{"damage":125,"enemies":"The Heart","floor":55,"turns":3}],"seed_played":"740084235301303107","potions_obtained":[{"floor":4,"key":"SkillPotion"},{"floor":7,"key":"BloodPotion"},{"floor":11,"key":"SkillPotion"},{"floor":12,"key":"PowerPotion"},{"floor":21,"key":"BloodPotion"},{"floor":23,"key":"FearPotion"},{"floor":42,"key":"FairyPotion"},{"floor":47,"key":"BloodPotion"}],"is_trial":false,"path_per_floor":["M","?","M","M","?","R","E","M","T","?","M","M","$","E","R","B",null,"M","?","M","M","$","E","M","?","T","R","?","T","R","M","R","B",null,"M","?","?","M","?","R","E","M","T","$","R","M","?","T","R","B",null,"R","$","E","B"],"character_chosen":"IRONCLAD","items_purchased":["Brimstone","Pear","Rage","Orichalcum","Frozen Egg 2","PowerPotion"],"campfire_rested":0,"item_purchase_floors":[13,44,44,44,44,53],"current_hp_per_floor":[77,77,76,80,73,73,48,52,52,52,58,64,64,68,68,78,85,87,87,84,69,69,65,46,46,46,46,46,46,46,45,45,44,85,95,82,82,68,68,68,51,61,61,71,71,79,79,79,79,34,96,96,96,109,0],"gold":119,"neow_bonus":"RANDOM_COMMON_RELIC","is_prod":false,"is_daily":false,"chose_seed":false,"campfire_upgraded":8,"win_rate":0,"timestamp":1552002094,"path_taken":["M","?","M","?","?","R","E","M","T","?","M","M","$","E","R","BOSS","M","?","M","?","$","E","?","?","T","R","?","?","R","M","R","BOSS","M","?","?","M","?","R","E","?","T","$","R","M","?","?","R","BOSS","R","$","E","BOSS"],"build_version":"2019-01-23","purchased_purges":3,"victory":false,"max_hp_per_floor":[80,80,80,80,80,80,80,80,80,80,80,80,80,83,83,87,87,87,87,87,91,91,95,95,95,95,95,95,95,95,99,99,99,99,103,103,103,103,103,103,103,107,107,117,117,117,117,117,117,117,117,117,117,121,121],"card_choices":[{"not_picked":["Burning Pact","Wild Strike"],"picked":"Twin Strike","floor":1},{"not_picked":["Thunderclap","Flex"],"picked":"Inflame","floor":3},{"not_picked":["True Grit","Wild Strike"],"picked":"Cleave","floor":4},{"not_picked":["Headbutt","Flex"],"picked":"Armaments","floor":7},{"not_picked":["Feel No Pain","Headbutt"],"picked":"Anger","floor":8},{"not_picked":["Headbutt","Cleave"],"picked":"Spot Weakness","floor":11},{"not_picked":["Pommel Strike","Anger"],"picked":"Feed","floor":12},{"not_picked":["Searing Blow","Disarm"],"picked":"Sword Boomerang","floor":14},{"not_picked":["Brutality","Offering"],"picked":"Double Tap","floor":16},{"not_picked":["Clash","Headbutt"],"picked":"Shockwave","floor":18},{"not_picked":["Blood for Blood","Twin Strike","Clash"],"picked":"SKIP","floor":20},{"not_picked":["Pommel Strike","Spot Weakness","Entrench"],"picked":"SKIP","floor":21},{"not_picked":["Combust","Feed"],"picked":"Battle Trance","floor":23},{"not_picked":["Wild Strike","Seeing Red"],"picked":"Shrug It Off+1","floor":24},{"not_picked":["Shrug It Off","Cleave","Fire Breathing"],"picked":"SKIP","floor":31},{"not_picked":["Pommel Strike","Shockwave","Spot Weakness"],"picked":"SKIP","floor":35},{"not_picked":["Blood for Blood+1","Headbutt"],"picked":"Whirlwind","floor":38},{"not_picked":["Bludgeon","Clothesline","Intimidate"],"picked":"SKIP","floor":41},{"not_picked":["Clash+1","Entrench","Metallicize"],"picked":"SKIP","floor":42},{"not_picked":["Perfected Strike","Pommel Strike+1","Evolve+1"],"picked":"SKIP","floor":46},{"not_picked":["Feel No Pain+1","Seeing Red+1","Metallicize+1"],"picked":"SKIP","floor":54}],"player_experience":593329,"relics_obtained":[{"floor":7,"key":"Bag of Marbles"},{"floor":14,"key":"Shuriken"},{"floor":23,"key":"Smiling Mask"},{"floor":26,"key":"Kunai"},{"floor":29,"key":"The Courier"},{"floor":41,"key":"Gremlin Horn"},{"floor":43,"key":"Ornamental Fan"},{"floor":47,"key":"Ginger"},{"floor":48,"key":"Meat on the Bone"},{"floor":54,"key":"Red Skull"}],"event_choices":[{"damage_healed":0,"gold_gain":0,"cards_transformed":["Strike_R"],"player_choice":"Transformed","damage_taken":0,"max_hp_gain":0,"max_hp_loss":0,"event_name":"Transmorgrifier","floor":2,"gold_loss":0,"cards_obtained":["Headbutt"]},{"cards_removed":["Strike_R"],"damage_healed":0,"gold_gain":0,"player_choice":"Card Removal","damage_taken":7,"max_hp_gain":0,"max_hp_loss":0,"event_name":"Golden Wing","floor":5,"gold_loss":0},{"damage_healed":0,"gold_gain":0,"player_choice":"Grow","damage_taken":0,"max_hp_gain":0,"max_hp_loss":0,"event_name":"Living Wall","floor":10,"gold_loss":0,"cards_upgraded":["Armaments"]},{"damage_healed":0,"gold_gain":0,"player_choice":"Bought 0 Potions","damage_taken":0,"max_hp_gain":0,"max_hp_loss":0,"event_name":"The Woman in Blue","floor":19,"gold_loss":0},{"damage_healed":0,"gold_gain":0,"player_choice":"Opened","damage_taken":0,"relics_obtained":["Centennial Puzzle"],"max_hp_gain":0,"max_hp_loss":0,"event_name":"The Mausoleum","floor":25,"gold_loss":0,"cards_obtained":["Writhe"]},{"damage_healed":0,"gold_gain":99,"player_choice":"Stole From Cult","damage_taken":0,"max_hp_gain":0,"max_hp_loss":0,"event_name":"Nest","floor":28,"gold_loss":0},{"damage_healed":0,"gold_gain":0,"player_choice":"Embrace Madness","damage_taken":13,"max_hp_gain":0,"max_hp_loss":0,"event_name":"Winding Halls","floor":36,"gold_loss":0,"cards_obtained":["Madness","Madness"]},{"cards_removed":["Headbutt"],"damage_healed":0,"gold_gain":0,"player_choice":"Removed Attack","damage_taken":0,"max_hp_gain":0,"max_hp_loss":0,"event_name":"Falling","floor":37,"gold_loss":0},{"damage_healed":0,"gold_gain":300,"player_choice":"Gold","damage_taken":0,"max_hp_gain":0,"max_hp_loss":0,"event_name":"Wheel of Change","floor":39,"gold_loss":0},{"damage_healed":0,"gold_gain":0,"player_choice":"Fight","damage_taken":0,"max_hp_gain":0,"max_hp_loss":0,"event_name":"MindBloom","floor":47,"gold_loss":0}],"is_beta":false,"boss_relics":[{"not_picked":["Astrolabe","Tiny House"],"picked":"Coffee Dripper"},{"not_picked":["Black Star","Runic Dome"],"picked":"Black Blood"}],"items_purged_floors":[22,44,53],"is_endless":false,"potions_floor_spawned":[4,7,11,12,21,23,42,47],"killed_by":"The Heart","ascension_level":13}