{"gold_per_floor":[109,128,144,144,160,188,208,208,208,208,236,236,270,280,280,280],"floor_reached":16,"playtime":1206,"items_purged":[],"score":122,"play_id":"3de18035-3095-4ae5-8c6b-4e0c6cba128c","local_time":"20190324222907","is_ascension_mode":false,"campfire_choices":[{"floor":8,"key":"REST"},{"data":"Adrenaline","floor":12,"key":"SMITH"},{"floor":15,"key":"REST"}],"neow_cost":"NONE","seed_source_timestamp":699835570843100,"circlet_count":0,"master_deck":["Defend_G","Defend_G","Defend_G","Defend_G","Defend_G","Strike_G","Strike_G","Strike_G","Strike_G","Strike_G","Survivor","Neutralize","Night Terror+1","Bouncing Flask","Bane","Flying Knee","Heel Hook","Masterful Stab","Wraith Form v2","Catalyst","Adrenaline+1","Backstab+1","Footwork"],"relics":["Ring of the Snake","Juzu Bracelet","Molten Egg 2","Omamori","Gremlin Horn"],"potions_floor_usage":[5,11,13,13,16],"damage_taken":[{"damage":0,"enemies":"Small Slimes","floor":1,"turns":6},{"damage":0,"enemies":"Cultist","floor":2,"turns":3},{"damage":0,"enemies":"2 Louse","floor":3,"turns":4},{"damage":11,"enemies":"Lots of Slimes","floor":5,"turns":4},{"damage":28,"enemies":"3 Sentries","floor":6,"turns":13},{"damage":10,"enemies":"Looter","floor":7,"turns":3},{"damage":4,"enemies":"Lagavulin","floor":11,"turns":5},{"damage":1,"enemies":"Gremlin Nob","floor":13,"turns":4},{"damage":0,"enemies":"3 Louse","floor":14,"turns":1},{"damage":73,"enemies":"Hexaghost","floor":16,"turns":12}],"seed_played":"-8673143194589508451","potions_obtained":[{"floor":2,"key":"Poison Potion"},{"floor":5,"key":"GhostInAJar"},{"floor":7,"key":"GhostInAJar"},{"floor":11,"key":"Fire Potion"},{"floor":14,"key":"Regen Potion"}],"is_trial":false,"path_per_floor":["M","M","M","?","M","E","M","R","T","?","E","R","E","M","R","B"],"character_chosen":"THE_SILENT","items_purchased":[],"campfire_rested":2,"item_purchase_floors":[],"current_hp_per_floor":[70,70,70,70,59,31,21,42,42,42,38,38,37,37,58,0],"gold":280,"neow_bonus":"ONE_RANDOM_RARE_CARD","is_prod":false,"is_daily":false,"chose_seed":false,"campfire_upgraded":1,"win_rate":0.0,"timestamp":1553480947,"path_taken":["M","M","M","?","?","E","M","R","T","?","E","R","E","M","R","BOSS"],"build_version":"2019-01-23","purchased_purges":0,"victory":false,"max_hp_per_floor":[70,70,70,70,70,70,70,70,70,70,70,70,70,70,70,70],"card_choices":[{"not_picked":["Dagger Throw","Poisoned Stab"],"picked":"Bouncing Flask","floor":1},{"not_picked":["Accuracy","Acrobatics"],"picked":"Bane","floor":2},{"not_picked":["Outmaneuver","Blade Dance"],"picked":"Flying Knee","floor":3},{"not_picked":["Well Laid Plans","Backstab"],"picked":"Heel Hook","floor":5},{"not_picked":["Underhanded Strike","Acrobatics"],"picked":"Masterful Stab","floor":6},{"not_picked":["Calculated Gamble","Poisoned Stab"],"picked":"Wraith Form v2","floor":7},{"not_picked":["PiercingWail","All Out Attack+1"],"picked":"Backstab+1","floor":11},{"not_picked":["Underhanded Strike+1","Dodge and Roll","Calculated Gamble"],"picked":"SKIP","floor":13},{"not_picked":["Escape Plan","Deflect"],"picked":"Footwork","floor":14}],"player_experience":55234,"relics_obtained":[{"floor":6,"key":"Juzu Bracelet"},{"floor":9,"key":"Molten Egg 2"},{"floor":11,"key":"Omamori"},{"floor":13,"key":"Gremlin Horn"}],"event_choices":[{"damage_healed":0,"gold_gain":0,"player_choice":"Upgraded","damage_taken":0,"max_hp_gain":0,"max_hp_loss":0,"event_name":"Upgrade Shrine","floor":4,"gold_loss":0,"cards_upgraded":["Night Terror"]},{"damage_healed":0,"gold_gain":0,"player_choice":"2 cards matched","damage_taken":0,"max_hp_gain":0,"max_hp_loss":0,"event_name":"Match and Keep!","floor":10,"gold_loss":0,"cards_obtained":["Catalyst","Adrenaline"]}],"is_beta":false,"boss_relics":[],"items_purged_floors":[],"is_endless":false,"potions_floor_spawned":[2,5,7,11,14],"killed_by":"Hexaghost","ascension_level":0}