{"gold_per_floor":[116,133,208,65,65,65,65,95,95,107,107,127,144,144,144,215,215,227,227,227,17,28,28,59,59,82,112,0,0,20,30,30,30],"floor_reached":33,"playtime":1650,"items_purged":["Regret","Injury"],"score":508,"play_id":"10acb320-10fa-4957-abbc-5867668f6cc3","local_time":"20181216161654","is_ascension_mode":true,"campfire_choices":[{"data":"Neutralize","floor":6,"key":"SMITH"},{"data":"Malaise","floor":15,"key":"SMITH"},{"data":"RitualDagger","floor":23,"key":"SMITH"},{"floor":25,"key":"REST"},{"floor":32,"key":"RECALL"}],"neow_cost":"NONE","seed_source_timestamp":156216110780900,"circlet_count":0,"master_deck":["AscendersBane","Defend_G","Defend_G","Defend_G","Defend_G","Defend_G","Strike_G","Strike_G","Strike_G","Strike_G","Strike_G","Survivor","Neutralize+1","Footwork+1","Terror","Parasite","Cloak And Dagger","Dash","Flying Knee","Malaise+1","Infinite Blades","Bullet Time","Dagger Spray","RitualDagger+1","Panache","Backstab","Backflip","Well Laid Plans","Leg Sweep","Burst","Footwork"],"relics":["Ring of the Snake","NeowsBlessing","Oddly Smooth Stone","Prayer Wheel","Bird Faced Urn","The Courier","Cursed Key","PreservedInsect","Vajra"],"potions_floor_usage":[8,24,33],"damage_taken":[{"damage":0,"enemies":"Cultist","floor":1,"turns":1},{"damage":0,"enemies":"2 Louse","floor":2,"turns":1},{"damage":0,"enemies":"3 Sentries","floor":8,"turns":2},{"damage":0,"enemies":"Jaw Worm","floor":10,"turns":5},{"damage":3,"enemies":"Looter","floor":12,"turns":3},{"damage":4,"enemies":"2 Fungi Beasts","floor":13,"turns":4},{"damage":33,"enemies":"The Guardian","floor":16,"turns":13},{"damage":28,"enemies":"Chosen","floor":18,"turns":7},{"damage":8,"enemies":"2 Thieves","floor":22,"turns":5},{"damage":23,"enemies":"Slavers","floor":24,"turns":5},{"damage":21,"enemies":"Gremlin Leader","floor":27,"turns":6},{"damage":5,"enemies":"Centurion and Healer","floor":30,"turns":8},{"damage":9,"enemies":"Shelled Parasite and Fungi","floor":31,"turns":6},{"damage":45,"enemies":"Automaton","floor":33,"turns":12}],"seed_played":"-4622176324562664935","potions_obtained":[{"floor":1,"key":"Strength Potion"},{"floor":8,"key":"Fruit Juice"},{"floor":13,"key":"Energy Potion"},{"floor":16,"key":"Energy Potion"},{"floor":30,"key":"Fire Potion"}],"is_trial":false,"path_per_floor":["M","M","?","$","?","R","?","E","T","M","?","M","M","?","R","B",null,"M","?","?","$","M","R","E","R","T","E","$","?","M","M","R","B"],"character_chosen":"THE_SILENT","items_purchased":["Oddly Smooth Stone","Panache","Well Laid Plans"],"campfire_rested":1,"item_purchase_floors":[4,21,28],"current_hp_per_floor":[63,63,52,52,52,52,69,74,74,75,75,72,70,70,70,41,67,43,37,37,37,35,35,18,40,40,25,25,25,26,25,25,0],"gold":30,"neow_bonus":"THREE_ENEMY_KILL","is_prod":false,"is_daily":false,"chose_seed":false,"campfire_upgraded":3,"win_rate":0,"timestamp":1544977014,"path_taken":["M","M","?","$","?","R","?","E","T","M","?","M","?","?","R","BOSS","M","?","?","$","M","R","E","R","T","E","?","?","?","M","R","BOSS"],"build_version":"2018-12-13","purchased_purges":2,"victory":false,"max_hp_per_floor":[70,70,70,70,70,70,70,75,75,75,75,75,75,75,75,75,75,75,75,75,75,75,75,75,75,75,75,75,75,75,75,75,75],"card_choices":[{"not_picked":["Dodge and Roll","Bane"],"picked":"Footwork","floor":1},{"not_picked":["PiercingWail","Masterful Stab"],"picked":"Terror","floor":2},{"not_picked":["Dodge and Roll","Prepared"],"picked":"Cloak And Dagger","floor":8},{"not_picked":["Dagger Spray","Deadly Poison"],"picked":"Dash","floor":10},{"not_picked":["Deadly Poison","Dodge and Roll"],"picked":"Flying Knee","floor":10},{"not_picked":["Dodge and Roll","Poisoned Stab"],"picked":"Malaise","floor":12},{"not_picked":["Sucker Punch","Blade Dance","Poisoned Stab"],"picked":"SKIP","floor":12},{"not_picked":["Finisher","Setup"],"picked":"Infinite Blades","floor":13},{"not_picked":["Slice","Concentrate","Deadly Poison"],"picked":"SKIP","floor":13},{"not_picked":["Night Terror","Malaise"],"picked":"Bullet Time","floor":16},{"not_picked":["Outmaneuver","Flying Knee"],"picked":"Dagger Spray","floor":18},{"not_picked":["Flechettes","Acrobatics","Underhanded Strike"],"picked":"SKIP","floor":18},{"not_picked":["Flying Knee","Deadly Poison"],"picked":"Backstab","floor":22},{"not_picked":["Tactician","Flechettes","Dash"],"picked":"SKIP","floor":22},{"not_picked":["Dagger Throw","Slice","Sucker Punch"],"picked":"SKIP","floor":24},{"not_picked":["Outmaneuver","Riddle With Holes"],"picked":"Backflip","floor":27},{"not_picked":["Dagger Spray","Catalyst"],"picked":"Leg Sweep","floor":30},{"not_picked":["Dodge and Roll","Dash","Sucker Punch+1"],"picked":"SKIP","floor":30},{"not_picked":["Prepared","Distraction"],"picked":"Burst","floor":31},{"not_picked":["Infinite Blades","PiercingWail"],"picked":"Footwork","floor":31}],"player_experience":533839,"relics_obtained":[{"floor":8,"key":"Prayer Wheel"},{"floor":9,"key":"Bird Faced Urn"},{"floor":24,"key":"PreservedInsect"},{"floor":27,"key":"Vajra"}],"event_choices":[{"damage_healed":0,"gold_gain":75,"player_choice":"Gather Gold","damage_taken":11,"max_hp_gain":0,"max_hp_loss":0,"event_name":"World of Goop","floor":3,"gold_loss":0},{"damage_healed":0,"gold_gain":0,"player_choice":"Grow","damage_taken":0,"max_hp_gain":0,"max_hp_loss":0,"event_name":"Living Wall","floor":5,"gold_loss":0,"cards_upgraded":["Footwork"]},{"damage_healed":17,"gold_gain":0,"player_choice":"Healed and dodged fight","damage_taken":0,"max_hp_gain":0,"max_hp_loss":0,"event_name":"Mushrooms","floor":7,"gold_loss":0,"cards_obtained":["Parasite"]},{"damage_healed":0,"gold_gain":0,"player_choice":"Box","damage_taken":0,"relics_obtained":["The Courier"],"max_hp_gain":0,"max_hp_loss":0,"event_name":"Big Fish","floor":11,"gold_loss":0,"cards_obtained":["Regret"]},{"damage_healed":0,"gold_gain":0,"player_choice":"Ignored","damage_taken":0,"max_hp_gain":0,"max_hp_loss":0,"event_name":"Liars Game","floor":14,"gold_loss":0},{"damage_healed":0,"gold_gain":0,"player_choice":"Joined the Cult","damage_taken":6,"max_hp_gain":0,"max_hp_loss":0,"event_name":"Nest","floor":19,"gold_loss":0,"cards_obtained":["RitualDagger"]},{"damage_healed":0,"gold_gain":0,"player_choice":"Ignored","damage_taken":0,"max_hp_gain":0,"max_hp_loss":0,"event_name":"Cursed Tome","floor":20,"gold_loss":0}],"is_beta":false,"boss_relics":[{"not_picked":["Coffee Dripper","Ring of the Serpent"],"picked":"Cursed Key"}],"items_purged_floors":[21,28],"is_endless":false,"potions_floor_spawned":[1,8,13,16,22,30],"killed_by":"Automaton","ascension_level":13}