{"gold_per_floor":[113,10,10,10,85,85,128,53,53,89,110,110,123,136,136,229,229,242,242,225,0,0],"floor_reached":22,"playtime":913,"items_purged":[],"score":436,"play_id":"7033d284-7145-4ea0-89eb-d2269d010a58","local_time":"20190326204331","is_ascension_mode":true,"campfire_choices":[{"floor":6.0,"key":"REST"},{"data":"Footwork","floor":15.0,"key":"SMITH"}],"neow_cost":"NONE","seed_source_timestamp":0,"circlet_count":0,"master_deck":["AscendersBane","Defend_G","Defend_G","Defend_G","Defend_G+1","Defend_G","Strike_G+1","Strike_G","Strike_G","Survivor","Neutralize","Footwork+1","Infinite Blades","Backflip","PiercingWail","Footwork","Eviscerate","Flying Knee","Quick Slash","Envenom","Poisoned Stab","Blur"],"special_seed":0,"relics":["Ring of the Snake","NeowsBlessing","Golden Idol","Matryoshka","Art of War","The Specimen","Paper Crane","White Beast Statue"],"potions_floor_usage":[],"damage_taken":[{"damage":0.0,"enemies":"Cultist","floor":1.0,"turns":1.0},{"damage":0.0,"enemies":"Lagavulin","floor":7.0,"turns":1.0},{"damage":0.0,"enemies":"3 Sentries","floor":10.0,"turns":2.0},{"damage":0.0,"enemies":"Small Slimes","floor":11.0,"turns":4.0},{"damage":0.0,"enemies":"2 Louse","floor":13.0,"turns":5.0},{"damage":1.0,"enemies":"Blue Slaver","floor":14.0,"turns":6.0},{"damage":17.0,"enemies":"Slime Boss","floor":16.0,"turns":24.0},{"damage":39.0,"enemies":"Spheric Guardian","floor":18.0,"turns":12.0},{"damage":9.0,"enemies":"2 Thieves","floor":20.0,"turns":5.0},{"damage":9,"enemies":"Snake Plant","floor":22,"turns":2}],"seed_played":"-8181838025975273334","potions_obtained":[{"floor":7.0,"key":"Poison Potion"},{"floor":14.0,"key":"SkillPotion"},{"floor":18.0,"key":"Dexterity Potion"},{"floor":20,"key":"Energy Potion"}],"is_trial":false,"path_per_floor":["M","$","?","?","?","R","E","?","T","E","M","?","M","M","R","B",null,"M","?","M","?","M"],"character_chosen":"THE_SILENT","items_purchased":["Infinite Blades","Backflip"],"campfire_rested":1,"item_purchase_floors":[2,2],"current_hp_per_floor":[59,59,39,39,28,46,46,46,46,46,46,46,46,45,45,28,52,13,13,4,4,0],"gold":0,"neow_bonus":"THREE_ENEMY_KILL","is_prod":false,"is_daily":false,"chose_seed":false,"campfire_upgraded":1,"win_rate":0,"timestamp":1553633011,"path_taken":["M","$","?","?","?","R","E","?","T","E","M","?","M","?","R","BOSS","M","?","M","?","M"],"build_version":"2019-01-23","purchased_purges":0,"victory":false,"max_hp_per_floor":[66,66,66,60,60,60,60,60,60,60,60,60,60,60,60,60,60,60,60,60,60,60],"card_choices":[{"not_picked":["Slice","Poisoned Stab"],"picked":"Footwork","floor":1.0},{"not_picked":["Prepared","Bouncing Flask","Setup"],"picked":"SKIP","floor":7.0},{"not_picked":["Deflect","All Out Attack"],"picked":"PiercingWail","floor":10.0},{"not_picked":["Dagger Spray","Poisoned Stab"],"picked":"Footwork","floor":11.0},{"not_picked":["Underhanded Strike","Outmaneuver"],"picked":"Flying Knee","floor":13.0},{"not_picked":["Finisher","Predator"],"picked":"Quick Slash","floor":14.0},{"not_picked":["Malaise","Venomology"],"picked":"Envenom","floor":16.0},{"not_picked":["Underhanded Strike","Quick Slash"],"picked":"Poisoned Stab","floor":18.0},{"not_picked":["Reflex","Dagger Spray"],"picked":"Blur","floor":20}],"player_experience":634156,"relics_obtained":[{"floor":7.0,"key":"Matryoshka"},{"floor":9.0,"key":"Art of War"},{"floor":9.0,"key":"The Specimen"},{"floor":10.0,"key":"Paper Crane"}],"event_choices":[{"damage_healed":0.0,"max_hp_gain":0.0,"max_hp_loss":0.0,"gold_gain":0.0,"event_name":"Shining Light","player_choice":"Entered Light","floor":3.0,"gold_loss":0.0,"damage_taken":20.0,"cards_upgraded":["Defend_G","Strike_G"]},{"damage_healed":0.0,"max_hp_gain":0.0,"max_hp_loss":6.0,"gold_gain":0.0,"event_name":"Golden Idol","player_choice":"Lose Max HP","floor":4.0,"gold_loss":0.0,"damage_taken":0.0,"relics_obtained":["Golden Idol"]},{"damage_healed":0.0,"max_hp_gain":0.0,"max_hp_loss":0.0,"gold_gain":75.0,"event_name":"World of Goop","player_choice":"Gather Gold","floor":5.0,"gold_loss":0.0,"damage_taken":11.0},{"cards_removed":["Strike_G"],"damage_healed":0.0,"max_hp_gain":0.0,"max_hp_loss":0.0,"gold_gain":0.0,"event_name":"The Cleric","player_choice":"Card Removal","floor":8.0,"gold_loss":75.0,"damage_taken":0.0},{"damage_healed":0.0,"max_hp_gain":0.0,"max_hp_loss":0.0,"gold_gain":0.0,"cards_transformed":["Strike_G"],"event_name":"Transmorgrifier","player_choice":"Transformed","floor":12.0,"gold_loss":0.0,"damage_taken":0.0,"cards_obtained":["Eviscerate"]},{"damage_healed":0.0,"max_hp_gain":0.0,"max_hp_loss":0.0,"gold_gain":0.0,"event_name":"Cursed Tome","player_choice":"Ignored","floor":19.0,"gold_loss":0.0,"damage_taken":0.0},{"damage_healed":0,"gold_gain":0,"player_choice":"Paid Fearfully","damage_taken":0,"max_hp_gain":0,"max_hp_loss":0,"event_name":"Masked Bandits","floor":21,"gold_loss":225}],"is_beta":false,"boss_relics":[{"not_picked":["Runic Dome","Calling Bell"],"picked":"White Beast Statue"}],"items_purged_floors":[],"is_endless":false,"potions_floor_spawned":[7,14,18,20],"killed_by":"Snake Plant","ascension_level":16}