{"gold_per_floor":[118,137,137,154,29,29,41,67,91,91,108,122,122,138,138,243,243,257,267,267,267,267,267,283,283,283,283,382,393,393,191,191,295,295,313,313,367,367],"floor_reached":38,"playtime":2400,"items_purged":["Strike_B","Defend_B"],"score":430,"play_id":"9fa69080-00f2-4c1f-a885-9c027354084a","local_time":"20180810213603","is_ascension_mode":true,"campfire_choices":[{"data":"Go for the Eyes","floor":6,"key":"SMITH"},{"floor":10,"key":"REST"},{"data":"Machine Learning","floor":15,"key":"SMITH"},{"data":"Electrodynamics","floor":23,"key":"SMITH"},{"data":"Loop","floor":25,"key":"SMITH"},{"data":"Zap","floor":32,"key":"SMITH"}],"neow_cost":"","seed_source_timestamp":71382419534412,"circlet_count":0,"master_deck":["Defend_B","Defend_B+1","Zap+1","Dualcast","FTL","Go for the Eyes+1","BootSequence","Conserve Battery","Conserve Battery+1","Conserve Battery","Auto Shields","Machine Learning+1","Electrodynamics+1","Machine Learning+1","Steam+1","Steam+1","Redo+1","Loop+1","Redo+1","Capacitor","Finesse","Thunder Strike","Self Repair+1"],"relics":["Cracked Core","Orichalcum","War Paint","Juzu Bracelet","Pantograph","Astrolabe","Shuriken","Coffee Dripper","Prayer Wheel"],"potions_floor_usage":[8,16,35,37],"damage_taken":[{"damage":9,"enemies":"Jaw Worm","floor":1,"turns":3},{"damage":0,"enemies":"2 Louse","floor":2,"turns":1},{"damage":7,"enemies":"Small Slimes","floor":4,"turns":3},{"damage":18,"enemies":"Gremlin Gang","floor":7,"turns":5},{"damage":16,"enemies":"Gremlin Nob","floor":8,"turns":5},{"damage":0,"enemies":"Large Slime","floor":11,"turns":5},{"damage":0,"enemies":"3 Louse","floor":12,"turns":5},{"damage":16,"enemies":"Exordium Thugs","floor":14,"turns":5},{"damage":18,"enemies":"Hexaghost","floor":16,"turns":14},{"damage":2,"enemies":"Spheric Guardian","floor":18,"turns":6},{"damage":0,"enemies":"Shell Parasite","floor":19,"turns":8},{"damage":2,"enemies":"Chosen and Byrds","floor":24,"turns":6},{"damage":4,"enemies":"Snake Plant","floor":29,"turns":4},{"damage":10,"enemies":"Collector","floor":33,"turns":10},{"damage":23,"enemies":"Flame Bruiser 1 Orb","floor":35,"turns":6},{"damage":52,"floor":37,"turns":6}],"seed_played":"-2979270255524936780","potions_obtained":[{"floor":1,"key":"Weak Potion"},{"floor":2,"key":"Swift Potion"},{"floor":7,"key":"GamblersBrew"},{"floor":11,"key":"Block Potion"},{"floor":21,"key":"FocusPotion"},{"floor":21,"key":"Block Potion"},{"floor":35,"key":"Ancient Potion"},{"floor":37,"key":"Swift Potion"}],"is_trial":false,"path_per_floor":["M","M","?","M","$","R","M","E","T","R","M","M","?","M","R","B",null,"M","M","?","?","?","R","M","R","T","?","?","M","?","$","R","B",null,"M","?","?"],"character_chosen":"DEFECT","items_purchased":["Conserve Battery","Finesse"],"campfire_rested":1,"item_purchase_floors":[5,31],"current_hp_per_floor":[66,66,59,52,52,52,34,18,18,40,40,40,40,24,24,31,75,73,73,73,73,59,59,57,57,57,57,57,53,53,53,53,68,80,57,57,5,0],"gold":367,"neow_bonus":"","is_prod":false,"is_daily":false,"chose_seed":false,"campfire_upgraded":5,"win_rate":0,"timestamp":1533933363,"path_taken":["M","M","?","M","$","R","M","E","T","R","M","M","?","M","R","BOSS","M","M","?","?","?","R","M","R","T","?","?","M","?","?","R","BOSS","M","?","?","M"],"build_version":"2018-08-09","purchased_purges":2,"victory":false,"max_hp_per_floor":[75,75,75,75,75,75,75,75,75,75,75,75,75,75,75,75,75,75,75,75,75,80,80,80,80,80,80,80,80,80,80,80,80,80,80,80,80,80],"card_choices":[{"not_picked":["Chill","Compile Driver"],"picked":"FTL","floor":1},{"not_picked":["Rebound","Glacier"],"picked":"Go for the Eyes","floor":2},{"not_picked":["Streamline","Reinforced Body"],"picked":"BootSequence","floor":4},{"not_picked":["Reprogram","Beam Cell"],"picked":"Conserve Battery","floor":7},{"not_picked":["Cold Snap","Hologram"],"picked":"Conserve Battery","floor":8},{"not_picked":["Cold Snap","Static Discharge"],"picked":"Auto Shields","floor":11},{"not_picked":["Ball Lightning","Aggregate"],"picked":"Machine Learning","floor":12},{"not_picked":["Cold Snap","Compile Driver","Blizzard"],"picked":"SKIP","floor":14},{"not_picked":["Meteor Strike","Thunder Strike"],"picked":"Electrodynamics","floor":16},{"not_picked":["Melter","Steam"],"picked":"Hologram","floor":18},{"not_picked":["Hologram+1","Conserve Battery"],"picked":"Redo+1","floor":19},{"not_picked":["Undo","Hologram"],"picked":"Loop","floor":24},{"not_picked":["Storm","Force Field"],"picked":"Capacitor","floor":29},{"not_picked":["Core Surge","Hyperbeam"],"picked":"Thunder Strike","floor":33},{"not_picked":["Compile Driver","Turbo+1","Chill"],"picked":"SKIP","floor":35},{"not_picked":["Go for the Eyes+1","Skim+1"],"picked":"Self Repair+1","floor":37}],"player_experience":251423,"relics_obtained":[{"floor":8,"key":"War Paint"},{"floor":9,"key":"Juzu Bracelet"},{"floor":26,"key":"Shuriken"},{"floor":37,"key":"Prayer Wheel"}],"event_choices":[{"event_name":"Scrap Ooze","player_choice":"success","floor":3,"damage_taken":7},{"event_name":"WeMeetAgain","player_choice":"Potion","floor":13,"damage_taken":0},{"event_name":"Purifier","player_choice":"One Purge","floor":20,"damage_taken":0},{"event_name":"The Lab","player_choice":"Got Potions","floor":21,"damage_taken":0},{"event_name":"Forgotten Altar","player_choice":"Shed Blood","floor":22,"damage_taken":0},{"event_name":"Duplicator","player_choice":"One dupe","floor":27,"damage_taken":0},{"event_name":"Nest","player_choice":"Stole From Cult","floor":28,"damage_taken":0},{"event_name":"Vampires","player_choice":"Ignored","floor":30,"damage_taken":0},{"event_name":"Purifier","player_choice":"One Purge","floor":36,"damage_taken":0},{"event_name":"Mysterious Sphere","player_choice":"Fight","floor":37,"damage_taken":0}],"is_beta":false,"boss_relics":[{"not_picked":["Sozu","Black Star"],"picked":"Astrolabe"},{"not_picked":["Orrery","Empty Cage"],"picked":"Coffee Dripper"}],"items_purged_floors":[5,31],"is_endless":false,"potions_floor_spawned":[1,2,7,11,29,35,37],"killed_by":"3 Shapes","ascension_level":3}