{"path_per_floor":["M","M","M","M","?","R","E","R","T","M","R","$","?","M","R","B",null,"M","M","?","T","?","R","M","M","T","M","?","M","M","$","R","B",null,"M","M","?","M","$","R","E","?","T","$","?","R","$","T","R","B"],"character_chosen":"IRONCLAD","items_purchased":["Offering","Enlightenment","Dexterity Potion","Flash of Steel","Warcry","Shrug It Off","Kunai","Armaments"],"gold_per_floor":[113,132,151,171,171,171,203,203,203,222,222,76,76,94,94,191,191,209,221,221,221,221,221,241,254,307,317,217,236,248,16,16,120,120,140,160,160,176,63,63,90,60,86,38,288,288,13,13,13,13],"floor_reached":51,"campfire_rested":2,"playtime":5138,"current_hp_per_floor":[80,73,78,80,73,73,67,67,67,71,71,71,71,71,71,61,80,80,80,80,80,80,80,80,75,75,70,70,60,53,53,53,26,80,68,47,47,20,20,59,20,20,20,20,20,20,20,20,59,33],"items_purged":["Strike_R"],"gold":13,"score":502,"play_id":"6e284524-8c15-406a-a5a7-4fbec54a1d14","is_prod":false,"is_daily":false,"is_ascension_mode":false,"campfire_upgraded":5,"path_taken":["M","M","M","M","?","R","E","R","T","M","R","$","?","M","R","BOSS","M","M","?","?","?","R","M","M","T","?","?","?","M","$","R","BOSS","M","M","?","?","$","R","E","?","T","?","?","R","$","?","R","BOSS"],"build_version":"2018-02-08-PROD1","purchased_purges":1,"victory":true,"master_deck":["Strike_R","Strike_R","Strike_R","Defend_R","Defend_R","Defend_R+1","Defend_R","Bash+1","Intimidate+1","Reaper+1","Shrug It Off+1","Armaments+1","Clash","Inflame+1","Offering","Anger","Impervious","Iron Wave","Warcry+1","Berserk","Shockwave","J.A.X.","Evolve+1","Enlightenment","Immolate","Body Slam+1","Disarm","Warcry+1","Flash of Steel+1","Warcry","Dual Wield+1","Havoc+1","Shrug It Off","Armaments","Armaments"],"max_hp_per_floor":[80,80,80,80,80,80,80,80,80,80,80,80,80,80,80,80,80,80,80,80,80,80,80,80,80,80,80,80,80,80,80,80,80,80,80,80,80,80,80,80,80,80,80,80,80,80,80,80,80,80],"relics":["Burning Blood","War Paint","Happy Flower","Regal Pillow","Omamori","Calling Bell","Toolbox","Bronze Scales","Bag of Marbles","Peace Pipe","Dream Catcher","Black Star","Ancient Tea Set","Whetstone","Vajra","Kunai","Mummified Hand"],"card_choices":[{"not_picked":["Spot Weakness","Body Slam"],"picked":"Intimidate"},{"not_picked":["Sever Soul","Clothesline"],"picked":"Reaper"},{"not_picked":["Heavy Blade","True Grit"],"picked":"Shrug It Off"},{"not_picked":["Clash","True Grit"],"picked":"Armaments"},{"not_picked":["Armaments","Second Wind"],"picked":"Clash"},{"not_picked":["Cleave","Twin Strike"],"picked":"Inflame"},{"not_picked":["True Grit","Intimidate"],"picked":"Anger"},{"not_picked":["Juggernaut","Immolate"],"picked":"Impervious"},{"not_picked":["Infernal Blade","Clothesline"],"picked":"Iron Wave"},{"not_picked":["Clothesline","Twin Strike"],"picked":"Warcry"},{"not_picked":["Fire Breathing","Clash"],"picked":"Shockwave"},{"not_picked":["Headbutt","Shockwave"],"picked":"Pommel Strike"},{"not_picked":["Dual Wield","Body Slam"],"picked":"Evolve"},{"not_picked":["Impervious","Exhume"],"picked":"Immolate"},{"not_picked":["Pommel Strike","Hemokinesis"],"picked":"Body Slam"},{"not_picked":["Reckless Charge","Flex"],"picked":"Disarm"},{"not_picked":["True Grit","Dual Wield"],"picked":"Warcry"},{"not_picked":["Clothesline","Twin Strike"],"picked":"Dual Wield"},{"not_picked":["Uppercut","Iron Wave"],"picked":"Havoc"},{"not_picked":["Body Slam","Wild Strike"],"picked":"Armaments"}],"player_experience":87366,"potions_floor_usage":[7,16,29,33,38,38,50],"damage_taken":[{"damage":3,"enemies":"Jaw Worm","floor":1,"turns":4},{"damage":13,"enemies":"Blue Slaver","floor":2,"turns":5},{"damage":1,"enemies":"Cultist","floor":3,"turns":4},{"damage":8,"enemies":"Large Slime","floor":4,"turns":7},{"damage":19,"enemies":"Gremlin Nob","floor":7,"turns":5},{"damage":6,"enemies":"Red Slaver","floor":10,"turns":6},{"damage":15,"enemies":"Gremlin Gang","floor":14,"turns":3},{"damage":32,"enemies":"Slime Boss","floor":16,"turns":13},{"damage":16,"enemies":"Shell Parasite","floor":18,"turns":5},{"damage":6,"enemies":"3 Byrds","floor":19,"turns":4},{"damage":6,"enemies":"Snake Plant","floor":24,"turns":5},{"damage":18,"enemies":"Centurion and Healer","floor":25,"turns":8},{"damage":11,"enemies":"Slaver and Parasite","floor":27,"turns":6},{"damage":16,"enemies":"Chosen and Byrds","floor":29,"turns":3},{"damage":13,"enemies":"3 Cultists","floor":30,"turns":5},{"damage":46,"enemies":"Automaton","floor":33,"turns":11},{"damage":18,"enemies":"Orb Walker","floor":35,"turns":3},{"damage":51,"enemies":"3 Darklings","floor":36,"turns":7},{"damage":42,"enemies":"4 Shapes","floor":38,"turns":11},{"damage":46,"enemies":"Nemesis","floor":41,"turns":7},{"damage":56,"enemies":"Awakened One","floor":50,"turns":17}],"event_choices":[{"event_name":"Scrap Ooze","player_choice":"success","floor":5,"damage_taken":7},{"event_name":"Big Fish","player_choice":"Box","floor":13,"damage_taken":0},{"event_name":"Transmorgrifier","player_choice":"Transform","floor":20,"damage_taken":0},{"event_name":"Back to Basics","player_choice":"Elegance","floor":22,"damage_taken":0},{"event_name":"Drug Dealer","player_choice":"Got JAXXED","floor":28,"damage_taken":0},{"event_name":"The Woman in Blue","player_choice":"Bought 2 Potions","floor":42,"damage_taken":0},{"event_name":"Golden Shrine","player_choice":"Desecrate","floor":45,"damage_taken":0}],"boss_relics":[{"not_picked":["Cursed Key","Runic Dome"],"picked":"Calling Bell"},{"not_picked":["Runic Cube","Velvet Choker"],"picked":"Black Star"}],"potions_floor_spawned":[1,7,10,14,25,36],"seed_played":"-5982761905026246664","ascension_level":0,"is_trial":false}