{"gold_per_floor":[114,114,128,149,149,149,189,189,213,228,153,193,214,253,253,383,383,403,403,403,259,227,227,261,261],"floor_reached":25,"playtime":1065,"items_purged":["Regret"],"score":359,"play_id":"76369f5f-6e14-4837-a1eb-ea1aaf6656b9","local_time":"20190303133700","is_ascension_mode":true,"campfire_choices":[{"data":"Uppercut","floor":6.0,"key":"SMITH"},{"floor":8.0,"key":"REST"},{"floor":15.0,"key":"REST"},{"floor":23,"key":"REST"}],"neow_cost":"NONE","seed_source_timestamp":0,"circlet_count":0,"master_deck":["AscendersBane","Strike_R","Strike_R","Strike_R","Strike_R","Strike_R","Defend_R","Defend_R","Defend_R","Defend_R","Bash","Dropkick","Shrug It Off","Uppercut+1","Warcry","Rupture","Cleave","Shockwave","Flame Barrier","Brutality","Shrug It Off","RitualDagger","Anger+1"],"special_seed":0,"relics":["Burning Blood","Golden Idol","Boot","Bag of Preparation","PreservedInsect","Regal Pillow","Bottled Tornado","White Beast Statue","Sundial","Lantern","StoneCalendar"],"potions_floor_usage":[18,24,24,24],"damage_taken":[{"damage":11.0,"enemies":"2 Louse","floor":1.0,"turns":3.0},{"damage":5.0,"enemies":"Small Slimes","floor":3.0,"turns":3.0},{"damage":0.0,"enemies":"Jaw Worm","floor":4.0,"turns":3.0},{"damage":40.0,"enemies":"Lagavulin","floor":7.0,"turns":8.0},{"damage":12.0,"enemies":"Exordium Thugs","floor":10.0,"turns":6.0},{"damage":12.0,"enemies":"Gremlin Nob","floor":12.0,"turns":3.0},{"damage":6.0,"enemies":"2 Fungi Beasts","floor":13.0,"turns":4.0},{"damage":39.0,"enemies":"3 Sentries","floor":14.0,"turns":7.0},{"damage":50.0,"enemies":"The Guardian","floor":16.0,"turns":15.0},{"damage":26,"enemies":"3 Byrds","floor":18,"turns":6},{"damage":21,"enemies":"2 Thieves","floor":22,"turns":5},{"damage":59,"enemies":"Book of Stabbing","floor":24,"turns":5},{"damage":13,"enemies":"Sentry and Sphere","floor":25,"turns":3}],"seed_played":"-9084017007342958645","potions_obtained":[{"floor":1.0,"key":"SpeedPotion"},{"floor":4.0,"key":"SkillPotion"},{"floor":7.0,"key":"Explosive Potion"},{"floor":13.0,"key":"PowerPotion"},{"floor":18,"key":"Poison Potion"},{"floor":24,"key":"Explosive Potion"}],"is_trial":false,"path_per_floor":["M","?","M","M","?","R","E","R","T","M","$","E","M","E","R","B",null,"M","?","?","$","M","R","E","M"],"character_chosen":"IRONCLAD","items_purchased":["Lantern"],"campfire_rested":3,"item_purchase_floors":[21],"current_hp_per_floor":[75,75,76,81,81,81,47,71,71,65,65,59,59,26,65,21,66,46,46,40,40,25,64,11,0],"gold":261,"neow_bonus":"TEN_PERCENT_HP_BONUS","is_prod":false,"is_daily":false,"chose_seed":false,"campfire_upgraded":1,"win_rate":0,"timestamp":1551638220,"path_taken":["M","?","M","M","?","R","E","R","T","?","?","E","M","E","R","BOSS","M","?","?","$","?","R","E","M"],"build_version":"2019-01-23","purchased_purges":1,"victory":false,"max_hp_per_floor":[88,81,81,81,81,81,81,81,81,81,81,81,81,81,81,81,81,81,81,81,81,81,81,81,81],"card_choices":[{"not_picked":["Wild Strike","Battle Trance"],"picked":"Dropkick","floor":1.0},{"not_picked":["Twin Strike","Iron Wave"],"picked":"Shrug It Off","floor":3.0},{"not_picked":["Pommel Strike","Battle Trance"],"picked":"Uppercut","floor":4.0},{"not_picked":["Hemokinesis","Havoc"],"picked":"Warcry","floor":7.0},{"not_picked":["Heavy Blade","Body Slam"],"picked":"Rupture","floor":10.0},{"not_picked":["Second Wind","Uppercut"],"picked":"Cleave","floor":12.0},{"not_picked":["Limit Break","Body Slam"],"picked":"Shockwave","floor":13.0},{"not_picked":["Dropkick","Warcry"],"picked":"Flame Barrier","floor":14.0},{"not_picked":["Offering","Barricade"],"picked":"Brutality","floor":16.0},{"not_picked":["Cleave","Clothesline"],"picked":"Shrug It Off","floor":18},{"not_picked":["Iron Wave","Disarm"],"picked":"Anger+1","floor":22},{"not_picked":["Hemokinesis","Sword Boomerang","Corruption"],"picked":"SKIP","floor":24}],"player_experience":266790,"relics_obtained":[{"floor":7.0,"key":"Bag of Preparation"},{"floor":9.0,"key":"PreservedInsect"},{"floor":12.0,"key":"Regal Pillow"},{"floor":14.0,"key":"Bottled Tornado"},{"floor":24,"key":"StoneCalendar"}],"event_choices":[{"damage_healed":0.0,"max_hp_gain":0.0,"max_hp_loss":7.0,"gold_gain":0.0,"event_name":"Golden Idol","player_choice":"Lose Max HP","floor":2.0,"gold_loss":0.0,"damage_taken":0.0,"relics_obtained":["Golden Idol"]},{"damage_healed":0.0,"max_hp_gain":0.0,"max_hp_loss":0.0,"gold_gain":0.0,"event_name":"Big Fish","player_choice":"Box","floor":5.0,"gold_loss":0.0,"damage_taken":0.0,"relics_obtained":["Boot"],"cards_obtained":["Regret"]},{"damage_healed":0,"gold_gain":0,"player_choice":"Opened","damage_taken":0,"relics_obtained":["Sundial"],"max_hp_gain":0,"max_hp_loss":0,"event_name":"The Mausoleum","floor":19,"gold_loss":0},{"damage_healed":0,"gold_gain":0,"player_choice":"Joined the Cult","damage_taken":6,"max_hp_gain":0,"max_hp_loss":0,"event_name":"Nest","floor":20,"gold_loss":0,"cards_obtained":["RitualDagger"]}],"is_beta":false,"boss_relics":[{"not_picked":["Astrolabe","Busted Crown"],"picked":"White Beast Statue"}],"items_purged_floors":[11],"is_endless":false,"potions_floor_spawned":[1,4,7,13,16,18,22,24],"killed_by":"Sentry and Sphere","ascension_level":10}