{"gold_per_floor":[119,39,59,59,79,104,104,104,156,167,181,181,181,199,199,294,294,294,7,7,7,7,7,7,7,7,7,7,7,7,7,7,7,7,7,7,7,7,0,0,0,0,0,0],"floor_reached":44,"playtime":2649,"items_purged":[],"score":715,"play_id":"9a53b2d2-5f7c-4194-8bfa-2231dd13e3f9","local_time":"20180929023238","is_ascension_mode":true,"campfire_choices":[{"floor":7,"key":"REST"},{"floor":13,"key":"REST"},{"floor":15,"key":"REST"},{"data":"Neutralize","floor":23,"key":"SMITH"},{"floor":28,"key":"REST"},{"floor":32,"key":"REST"},{"floor":40,"key":"REST"}],"neow_cost":"PERCENT_DAMAGE","seed_source_timestamp":354715960251194,"circlet_count":0,"master_deck":["Defend_G","Defend_G","Defend_G+1","Defend_G","Defend_G","Strike_G","Strike_G","Strike_G","Strike_G+1","Survivor","Neutralize+1","AscendersBane","Envenom+1","Deadly Poison","Well Laid Plans","Dagger Spray","Cloak And Dagger","Noxious Fumes+1","Dodge and Roll","Cloak And Dagger","Blur","Backflip","Adrenaline","Dodge and Roll+1","Sadistic Nature","Infinite Blades","Expertise+1","Poisoned Stab","Crippling Poison","Leg Sweep+1","Flying Knee","Malaise","Die Die Die","PiercingWail","Madness","Madness"],"relics":["Ring of the Snake","PreservedInsect","Snake Skull","Ectoplasm","Tiny Chest","Gambling Chip","Busted Crown","Prayer Wheel","Red Mask","Orichalcum","Blue Candle"],"potions_floor_usage":[6,18,20,24,27,30,42],"damage_taken":[{"damage":4,"enemies":"Cultist","floor":1,"turns":6},{"damage":2,"enemies":"Jaw Worm","floor":3,"turns":5},{"damage":0,"enemies":"Small Slimes","floor":5,"turns":3},{"damage":23,"enemies":"Lagavulin","floor":6,"turns":8},{"damage":6,"enemies":"Red Slaver","floor":10,"turns":4},{"damage":7,"enemies":"3 Louse","floor":11,"turns":2},{"damage":14,"enemies":"Lots of Slimes","floor":14,"turns":4},{"damage":2,"enemies":"Hexaghost","floor":16,"turns":9},{"damage":21,"enemies":"Spheric Guardian","floor":18,"turns":7},{"damage":6,"enemies":"Shell Parasite","floor":20,"turns":6},{"damage":7,"enemies":"Centurion and Healer","floor":22,"turns":6},{"damage":9,"enemies":"Shelled Parasite and Fungi","floor":24,"turns":5},{"damage":6,"enemies":"Snake Plant","floor":27,"turns":5},{"damage":0,"enemies":"3 Cultists","floor":29,"turns":4},{"damage":1,"enemies":"Book of Stabbing","floor":30,"turns":5},{"damage":4,"enemies":"Centurion and Healer","floor":31,"turns":5},{"damage":19,"enemies":"Automaton","floor":33,"turns":9},{"damage":3,"enemies":"3 Shapes","floor":35,"turns":4},{"damage":0,"enemies":"Orb Walker","floor":36,"turns":4},{"damage":26,"enemies":"Mysterious Sphere","floor":38,"turns":6},{"damage":35,"enemies":"Giant Head","floor":42,"turns":8},{"damage":20,"enemies":"Spire Growth","floor":44,"turns":3}],"seed_played":"5105248867236281049","potions_obtained":[{"floor":3,"key":"Energy Potion"},{"floor":6,"key":"Swift Potion"},{"floor":10,"key":"SpeedPotion"},{"floor":20,"key":"Fire Potion"},{"floor":24,"key":"Weak Potion"},{"floor":27,"key":"Swift Potion"},{"floor":33,"key":"Strength Potion"},{"floor":38,"key":"Block Potion"},{"floor":42,"key":"Weak Potion"}],"is_trial":false,"path_per_floor":["M","$","M","?","M","E","R","?","T","M","M","?","R","M","R","B",null,"M","$","M","?","M","R","M","?","T","M","R","M","E","M","R","B",null,"M","M","$","?","?","R","?","E","T"],"character_chosen":"THE_SILENT","items_purchased":["Well Laid Plans","Sadistic Nature","Infinite Blades"],"campfire_rested":6,"item_purchase_floors":[2,19,19],"current_hp_per_floor":[41,41,39,25,25,2,23,23,23,17,10,10,31,17,38,36,62,41,41,35,35,28,28,19,19,19,13,34,34,33,29,50,31,60,57,57,57,31,31,52,43,8,8,0],"gold":0,"neow_bonus":"THREE_RARE_CARDS","is_prod":false,"is_daily":false,"chose_seed":false,"campfire_upgraded":1,"win_rate":0,"timestamp":1538184758,"path_taken":["M","?","M","?","M","E","R","?","T","M","?","?","R","M","R","BOSS","M","$","M","?","M","R","M","?","T","M","R","M","E","M","R","BOSS","M","M","$","?","?","R","?","E","T","?"],"build_version":"2018-09-27","purchased_purges":0,"victory":false,"max_hp_per_floor":[70,70,70,70,70,70,70,70,70,70,70,70,70,70,70,70,70,70,70,70,70,70,70,70,70,70,70,70,70,70,70,70,70,70,70,70,70,70,70,70,70,70,70,70],"card_choices":[{"not_picked":["Burst","Malaise"],"picked":"Envenom","floor":0},{"not_picked":["Skewer","Sucker Punch"],"picked":"Deadly Poison","floor":1},{"not_picked":["Dodge and Roll","Blade Dance"],"picked":"Dagger Spray","floor":3},{"not_picked":["Reflex","Catalyst"],"picked":"Cloak And Dagger","floor":5},{"not_picked":["Caltrops","Quick Slash"],"picked":"Noxious Fumes","floor":6},{"not_picked":["Flying Knee","Bouncing Flask"],"picked":"Cloak And Dagger","floor":10},{"not_picked":["Underhanded Strike","Deflect"],"picked":"Blur","floor":11},{"not_picked":["Blade Dance","Slice"],"picked":"Backflip","floor":14},{"not_picked":["Phantasmal Killer","Corpse Explosion"],"picked":"Adrenaline","floor":16},{"not_picked":["Acrobatics+1","Outmaneuver+1"],"picked":"Dodge and Roll+1","floor":18},{"not_picked":["Prepared+1","Caltrops"],"picked":"Expertise+1","floor":20},{"not_picked":["Bane","Dodge and Roll","Finisher"],"picked":"SKIP","floor":22},{"not_picked":["Underhanded Strike+1","Riddle With Holes"],"picked":"Crippling Poison","floor":24},{"not_picked":["Underhanded Strike+1","Bane"],"picked":"Leg Sweep+1","floor":27},{"not_picked":["Prepared+1","Dagger Throw+1"],"picked":"Flying Knee","floor":29},{"not_picked":["Skewer","Dagger Spray"],"picked":"Malaise","floor":30},{"not_picked":["Bane","Acrobatics","Infinite Blades+1"],"picked":"SKIP","floor":31},{"not_picked":["Doppelganger","Burst"],"picked":"Die Die Die","floor":33},{"not_picked":[],"picked":"PiercingWail","floor":35},{"not_picked":["Underhanded Strike"],"picked":"SKIP","floor":36},{"not_picked":["Predator+1"],"picked":"SKIP","floor":42}],"player_experience":430676,"relics_obtained":[{"floor":6,"key":"PreservedInsect"},{"floor":9,"key":"Snake Skull"},{"floor":26,"key":"Tiny Chest"},{"floor":30,"key":"Gambling Chip"},{"floor":38,"key":"Prayer Wheel"},{"floor":42,"key":"Orichalcum"},{"floor":43,"key":"Blue Candle"}],"event_choices":[{"event_name":"Shining Light","player_choice":"Entered Light","floor":4,"damage_taken":0},{"event_name":"Match and Keep!","player_choice":"1 cards matched","floor":8,"damage_taken":0},{"event_name":"Upgrade Shrine","player_choice":"Upgraded","floor":12,"damage_taken":0},{"event_name":"Transmorgrifier","player_choice":"Transform","floor":21,"damage_taken":0},{"event_name":"Accursed Blacksmith","player_choice":"Forge","floor":25,"damage_taken":0},{"event_name":"Mysterious Sphere","player_choice":"Fight","floor":38,"damage_taken":0},{"event_name":"Tomb of Lord Red Mask","player_choice":"Paid","floor":39,"damage_taken":0},{"event_name":"Winding Halls","player_choice":"Embrace Madness","floor":41,"damage_taken":0}],"is_beta":false,"boss_relics":[{"not_picked":["Runic Pyramid","Orrery"],"picked":"Ectoplasm"},{"not_picked":["Empty Cage","Cursed Key"],"picked":"Busted Crown"}],"items_purged_floors":[],"is_endless":false,"potions_floor_spawned":[3,6,10,20,24,27,33,38,42],"killed_by":"Spire Growth","ascension_level":10}