{"gold_per_floor":[112,127,79,79,97,97,125,139,164,27,27,45,63,91,91,186,186,200,216,216],"floor_reached":20,"playtime":1828,"items_purged":[],"score":186,"play_id":"527b1e3d-8e8c-44e5-8287-129b85b56326","local_time":"20190224173204","is_ascension_mode":false,"campfire_choices":[{"data":"Dualcast","floor":6.0,"key":"SMITH"},{"floor":11.0,"key":"REST"},{"data":"Self Repair","floor":15.0,"key":"SMITH"}],"neow_cost":"NONE","seed_source_timestamp":0,"circlet_count":0,"master_deck":["Strike_B","Strike_B+1","Strike_B","Strike_B+1","Defend_B+1","Defend_B","Defend_B","Defend_B","Zap","Dualcast+1","Melter+1","Compile Driver","Tempest","Barrage","Beam Cell","Self Repair+1","BootSequence","Beam Cell","Darkness","Capacitor","Reboot","Self Repair+1","Sweeping Beam+1"],"special_seed":0,"relics":["Cracked Core","Whetstone","Potion Belt","Anchor","Philosopher\u0027s Stone"],"potions_floor_usage":[],"damage_taken":[{"damage":0.0,"enemies":"2 Louse","floor":1.0,"turns":1.0},{"damage":1.0,"enemies":"Jaw Worm","floor":2.0,"turns":3.0},{"damage":0.0,"enemies":"Cultist","floor":5.0,"turns":2.0},{"damage":19.0,"enemies":"3 Sentries","floor":7.0,"turns":7.0},{"damage":21.0,"enemies":"Gremlin Gang","floor":8.0,"turns":4.0},{"damage":2.0,"enemies":"Blue Slaver","floor":12.0,"turns":3.0},{"damage":0.0,"enemies":"Large Slime","floor":13.0,"turns":4.0},{"damage":13.0,"enemies":"Gremlin Nob","floor":14.0,"turns":4.0},{"damage":7.0,"enemies":"Slime Boss","floor":16.0,"turns":6.0},{"damage":22.0,"enemies":"Spheric Guardian","floor":18.0,"turns":4.0},{"damage":11,"enemies":"Chosen","floor":19,"turns":4},{"damage":44,"enemies":"Colosseum Slavers","floor":20,"turns":6},{"damage":55,"enemies":"Colosseum Nobs","floor":20,"turns":4}],"seed_played":"1870040200013839916","potions_obtained":[{"floor":1.0,"key":"SkillPotion"},{"floor":2.0,"key":"Fire Potion"},{"floor":8.0,"key":"Poison Potion"},{"floor":12.0,"key":"Fire Potion"},{"floor":14.0,"key":"Fire Potion"}],"is_trial":false,"path_per_floor":["M","M","?","?","M","R","E","M","T","$","R","M","M","E","R","B",null,"M","M","?"],"character_chosen":"DEFECT","items_purchased":["Self Repair","BootSequence"],"campfire_rested":1,"item_purchase_floors":[10,10],"current_hp_per_floor":[82,81,81,65,65,65,46,25,25,25,49,54,61,55,55,58,82,70,69,0],"gold":216,"neow_bonus":"TEN_PERCENT_HP_BONUS","is_prod":false,"is_daily":false,"chose_seed":false,"campfire_upgraded":2,"win_rate":0.0,"timestamp":1551047524,"path_taken":["M","M","?","?","M","R","E","?","T","?","R","M","M","E","R","BOSS","M","?","?"],"build_version":"2019-01-23","purchased_purges":0,"victory":false,"max_hp_per_floor":[82,82,82,82,82,82,82,82,82,82,82,82,82,82,82,82,82,82,82,82],"card_choices":[{"not_picked":["Heatsinks","Steam"],"picked":"Melter","floor":1.0},{"not_picked":["Reprogram","Skim"],"picked":"Compile Driver","floor":2.0},{"not_picked":["Scrape","Capacitor"],"picked":"Tempest","floor":5.0},{"not_picked":["Fusion","BootSequence"],"picked":"Barrage","floor":7.0},{"not_picked":["Leap","Ball Lightning"],"picked":"Beam Cell","floor":8.0},{"not_picked":["Compile Driver","Heatsinks"],"picked":"Beam Cell","floor":12.0},{"not_picked":["Compile Driver","Barrage"],"picked":"Darkness","floor":13.0},{"not_picked":["Cold Snap","Defragment"],"picked":"Capacitor","floor":14.0},{"not_picked":["Fission","Creative AI"],"picked":"Reboot","floor":16.0},{"not_picked":["Hello World","Ball Lightning"],"picked":"Self Repair+1","floor":18.0},{"not_picked":["Conserve Battery","Hologram"],"picked":"Sweeping Beam+1","floor":19}],"player_experience":4253,"relics_obtained":[{"floor":7.0,"key":"Whetstone"},{"floor":9.0,"key":"Potion Belt"},{"floor":14.0,"key":"Anchor"}],"event_choices":[{"damage_healed":0.0,"max_hp_gain":0.0,"max_hp_loss":0.0,"gold_gain":0.0,"event_name":"World of Goop","player_choice":"Left Gold","floor":3.0,"gold_loss":48.0,"damage_taken":0.0},{"damage_healed":0.0,"max_hp_gain":0.0,"max_hp_loss":0.0,"gold_gain":0.0,"event_name":"Shining Light","player_choice":"Entered Light","floor":4.0,"gold_loss":0.0,"damage_taken":16.0,"cards_upgraded":["Defend_B","Strike_B"]},{"damage_healed":0,"gold_gain":0,"player_choice":"Fight","damage_taken":0,"max_hp_gain":0,"max_hp_loss":0,"event_name":"Colosseum","floor":20,"gold_loss":0},{"damage_healed":0,"gold_gain":0,"player_choice":"Fought Nobs","damage_taken":0,"max_hp_gain":0,"max_hp_loss":0,"event_name":"Colosseum","floor":20,"gold_loss":0}],"is_beta":false,"boss_relics":[{"not_picked":["Coffee Dripper","Eternal Feather"],"picked":"Philosopher\u0027s Stone"}],"items_purged_floors":[],"is_endless":false,"potions_floor_spawned":[1,2,8,12,14,20],"killed_by":"Colosseum Nobs","ascension_level":0}