{"gold_per_floor":[109,119,119,136,149,149,166,18,67,67],"floor_reached":10,"playtime":606,"items_purged":["Pain"],"score":102,"play_id":"c823b0bc-98dd-47a6-93ee-06b0f72c932f","local_time":"20190208190133","is_ascension_mode":true,"campfire_choices":[{"data":"Escape Plan","floor":6,"key":"SMITH"}],"neow_cost":"NONE","seed_source_timestamp":672746702321700,"circlet_count":0,"master_deck":["AscendersBane","Defend_G","Defend_G","Defend_G","Defend_G","Defend_G","Strike_G","Strike_G","Strike_G","Strike_G","Strike_G","Survivor","Neutralize+1","Shame","Parasite","Flying Knee","Escape Plan+1","Leg Sweep","Well Laid Plans"],"relics":["Calling Bell","Centennial Puzzle","Blue Candle","Turnip","Snake Skull"],"potions_floor_usage":[10,10],"damage_taken":[{"damage":12,"enemies":"2 Louse","floor":1,"turns":5},{"damage":5,"enemies":"Cultist","floor":2,"turns":4},{"damage":4,"enemies":"Small Slimes","floor":4,"turns":6},{"damage":6,"enemies":"Blue Slaver","floor":5,"turns":6},{"damage":31,"enemies":"Exordium Wildlife","floor":7,"turns":8},{"damage":6,"enemies":"Large Slime","floor":10,"turns":9}],"seed_played":"1027536615274955300","potions_obtained":[{"floor":1,"key":"SneckoOil"},{"floor":4,"key":"Block Potion"}],"is_trial":false,"path_per_floor":["M","M","?","M","M","R","M","$","T","M"],"character_chosen":"THE_SILENT","items_purchased":["Well Laid Plans"],"campfire_rested":0,"item_purchase_floors":[8],"current_hp_per_floor":[47,42,42,38,32,32,1,1,1,0],"gold":67,"neow_bonus":"BOSS_RELIC","is_prod":false,"is_daily":false,"chose_seed":false,"campfire_upgraded":1,"win_rate":0,"timestamp":1549652493,"path_taken":["M","M","?","?","M","R","M","$","T","M"],"build_version":"2019-01-23","purchased_purges":1,"victory":false,"max_hp_per_floor":[66,66,66,66,66,66,66,66,66,66],"card_choices":[{"not_picked":["Prepared","Distraction"],"picked":"Flying Knee","floor":1},{"not_picked":["Flying Knee","Heel Hook"],"picked":"Escape Plan","floor":2},{"not_picked":["Poisoned Stab","Underhanded Strike","Predator"],"picked":"SKIP","floor":4},{"not_picked":["Sucker Punch","Dagger Throw","Flying Knee"],"picked":"SKIP","floor":5},{"not_picked":["Underhanded Strike","Slice"],"picked":"Leg Sweep","floor":7}],"player_experience":578054,"relics_obtained":[{"floor":0,"key":"Centennial Puzzle"},{"floor":0,"key":"Blue Candle"},{"floor":0,"key":"Turnip"},{"floor":9,"key":"Snake Skull"}],"event_choices":[{"damage_healed":0,"gold_gain":0,"player_choice":"Upgraded","damage_taken":0,"max_hp_gain":0,"max_hp_loss":0,"event_name":"Upgrade Shrine","floor":3,"gold_loss":0,"cards_upgraded":["Neutralize"]}],"is_beta":false,"boss_relics":[],"items_purged_floors":[8],"is_endless":false,"potions_floor_spawned":[1,4],"killed_by":"Large Slime","ascension_level":14}