{"gold_per_floor":[115,133,133,133,146,146,146,146,193,37,37,37,66,85,85,188,188,207,207,27,27],"floor_reached":21,"playtime":547,"items_purged":[],"score":271,"play_id":"53c4da80-dbf2-4b74-ae38-eb8d3415876d","local_time":"20181028124853","is_ascension_mode":true,"campfire_choices":[{"data":"Defragment","floor":6,"key":"SMITH"},{"data":"Dualcast","floor":8,"key":"SMITH"},{"data":"Scrape","floor":11,"key":"SMITH"},{"data":"Coolheaded","floor":15,"key":"SMITH"}],"neow_cost":"NONE","seed_source_timestamp":81399981093083,"circlet_count":0,"master_deck":["Strike_B","Strike_B","Defend_B","Defend_B","Defend_B","Defend_B","Zap","Dualcast+1","AscendersBane","Defragment+1","Scrape+1","Hello World","Coolheaded+1","All For One","Flash of Steel","Chaos"],"relics":["Cracked Core","NeowsBlessing","WarpedTongs","Singing Bowl","Oddly Smooth Stone","Happy Flower","Pantograph","Empty Cage"],"potions_floor_usage":[16,21,21],"damage_taken":[{"damage":0,"enemies":"Small Slimes","floor":1,"turns":1},{"damage":0,"enemies":"Cultist","floor":2,"turns":1},{"damage":0,"enemies":"Jaw Worm","floor":5,"turns":1},{"damage":26,"enemies":"Lagavulin","floor":13,"turns":6},{"damage":2,"enemies":"3 Louse","floor":14,"turns":3},{"damage":3,"enemies":"Hexaghost","floor":16,"turns":8},{"damage":20,"enemies":"Chosen","floor":18,"turns":5},{"damage":20,"enemies":"Colosseum Slavers","floor":21,"turns":5},{"damage":36,"enemies":"Colosseum Nobs","floor":21,"turns":2}],"seed_played":"1860688269864655786","potions_obtained":[{"floor":5,"key":"PowerPotion"},{"floor":14,"key":"Block Potion"},{"floor":16,"key":"Strength Potion"},{"floor":19,"key":"SkillPotion"}],"is_trial":false,"path_per_floor":["M","M","?","?","M","R","?","R","T","$","R","$","E","M","R","B",null,"M","?","$"],"character_chosen":"DEFECT","items_purchased":["Happy Flower","Flash of Steel","Chaos"],"campfire_rested":0,"item_purchase_floors":[10,20,20],"current_hp_per_floor":[68,68,68,68,68,68,50,50,50,50,50,50,24,22,22,44,67,49,49,49,0],"gold":27,"neow_bonus":"THREE_ENEMY_KILL","is_prod":false,"is_daily":false,"chose_seed":false,"campfire_upgraded":4,"win_rate":0,"timestamp":1540730933,"path_taken":["M","M","?","?","M","R","?","R","T","?","R","$","E","M","R","BOSS","M","?","$","?"],"build_version":"2018-10-25v2","purchased_purges":0,"victory":false,"max_hp_per_floor":[75,75,75,75,75,75,75,75,75,75,75,75,75,75,75,75,75,77,77,77,77],"card_choices":[{"not_picked":["Leap","Turbo","Aggregate"],"picked":"SKIP","floor":1},{"not_picked":["Fusion","Leap"],"picked":"Defragment","floor":2},{"not_picked":["Barrage","Turbo"],"picked":"Scrape","floor":5},{"not_picked":["Hologram","Scrape"],"picked":"Hello World","floor":13},{"not_picked":["Tempest","Sunder"],"picked":"Coolheaded","floor":14},{"not_picked":["Amplify","Electrodynamics"],"picked":"All For One","floor":16},{"not_picked":["Loop","Rip and Tear","Melter"],"picked":"Singing Bowl","floor":18}],"player_experience":482296,"relics_obtained":[{"floor":9,"key":"Oddly Smooth Stone"},{"floor":13,"key":"Pantograph"}],"event_choices":[{"damage_healed":0,"gold_gain":0,"player_choice":"Rummage","damage_taken":0,"relics_obtained":["WarpedTongs"],"max_hp_gain":0,"max_hp_loss":0,"event_name":"Accursed Blacksmith","floor":3,"gold_loss":0,"cards_obtained":["Pain"]},{"cards_removed":["Pain"],"damage_healed":0,"gold_gain":0,"player_choice":"Removed Curses","damage_taken":0,"max_hp_gain":0,"max_hp_loss":0,"event_name":"Fountain of Cleansing","floor":4,"gold_loss":0},{"damage_healed":0,"gold_gain":0,"player_choice":"Success","damage_taken":18,"relics_obtained":["Singing Bowl"],"max_hp_gain":0,"max_hp_loss":0,"event_name":"Scrap Ooze","floor":7,"gold_loss":0},{"damage_healed":0,"gold_gain":0,"player_choice":"Got Potions","damage_taken":0,"max_hp_gain":0,"max_hp_loss":0,"event_name":"The Lab","floor":19,"gold_loss":0},{"damage_healed":0,"gold_gain":0,"player_choice":"Fight","damage_taken":0,"max_hp_gain":0,"max_hp_loss":0,"event_name":"Colosseum","floor":21,"gold_loss":0},{"damage_healed":0,"gold_gain":0,"player_choice":"Fought Nobs","damage_taken":0,"max_hp_gain":0,"max_hp_loss":0,"event_name":"Colosseum","floor":21,"gold_loss":0}],"is_beta":false,"boss_relics":[{"not_picked":["White Beast Statue","Velvet Choker"],"picked":"Empty Cage"}],"items_purged_floors":[],"is_endless":false,"potions_floor_spawned":[5,14,16,18],"killed_by":"Colosseum Nobs","ascension_level":11}