{"gold_per_floor":[117,117,129,129,149,182,34,34,34,64,64,64,90,108,108,108],"floor_reached":16,"playtime":602,"items_purged":["Regret"],"score":195,"play_id":"60d799e2-dcae-47a7-bdbb-ab1ef754c20a","local_time":"20190121191436","is_ascension_mode":true,"campfire_choices":[{"data":"Bash","floor":8,"key":"SMITH"},{"data":"Armaments","floor":15,"key":"SMITH"}],"neow_cost":"TEN_PERCENT_HP_LOSS","seed_source_timestamp":1020928288530900,"circlet_count":0,"master_deck":["AscendersBane","Strike_R","Strike_R","Strike_R","Defend_R","Defend_R","Defend_R","Defend_R","Bash+1","Pommel Strike","Iron Wave+1","Whirlwind+1","Dropkick+1","Feed+1","Twin Strike+1","Reaper+1","Armaments+1"],"relics":["Burning Blood","Singing Bowl","Molten Egg 2","Prayer Wheel","Letter Opener","Question Card","Matryoshka","Dodecahedron"],"potions_floor_usage":[13,16],"damage_taken":[{"damage":3,"enemies":"Jaw Worm","floor":1,"turns":5},{"damage":10,"enemies":"2 Louse","floor":3,"turns":5},{"damage":6,"enemies":"Cultist","floor":5,"turns":4},{"damage":32,"enemies":"3 Sentries","floor":6,"turns":12},{"damage":16,"enemies":"Lagavulin","floor":10,"turns":7},{"damage":9,"enemies":"Gremlin Nob","floor":13,"turns":3},{"damage":5,"enemies":"Gremlin Gang","floor":14,"turns":3},{"damage":38,"enemies":"Slime Boss","floor":16,"turns":3}],"seed_played":"-5895356274055986695","potions_obtained":[{"floor":6,"key":"Ancient Potion"},{"floor":10,"key":"FearPotion"}],"is_trial":false,"path_per_floor":["M","?","M","?","M","E","$","R","T","E","T","$","E","M","R","B"],"character_chosen":"IRONCLAD","items_purchased":["Dropkick+1"],"campfire_rested":0,"item_purchase_floors":[7],"current_hp_per_floor":[72,72,68,56,56,30,30,30,30,20,20,20,17,22,22,0],"gold":108,"neow_bonus":"REMOVE_TWO","is_prod":false,"is_daily":false,"chose_seed":false,"campfire_upgraded":2,"win_rate":0,"timestamp":1548098076,"path_taken":["M","?","M","?","M","E","$","R","T","E","?","$","E","M","R","BOSS"],"build_version":"2019-01-17v2","purchased_purges":1,"victory":false,"max_hp_per_floor":[72,72,72,72,72,72,72,72,72,72,72,72,72,76,76,76],"card_choices":[{"not_picked":["Havoc","Warcry","Heavy Blade"],"picked":"SKIP","floor":1},{"not_picked":["Sword Boomerang","Cleave"],"picked":"Pommel Strike","floor":3},{"not_picked":["True Grit","Twin Strike+1"],"picked":"Iron Wave+1","floor":5},{"not_picked":["Anger+1","Rupture"],"picked":"Whirlwind+1","floor":6},{"not_picked":["Rage","Intimidate"],"picked":"Feed+1","floor":10},{"not_picked":["Entrench","Cleave+1","Power Through"],"picked":"Twin Strike+1","floor":13},{"not_picked":["Clash+1","Warcry","Perfected Strike+1"],"picked":"Reaper+1","floor":14},{"not_picked":["Corruption","Headbutt+1","Carnage+1"],"picked":"Armaments","floor":14}],"player_experience":551966,"relics_obtained":[{"floor":6,"key":"Prayer Wheel"},{"floor":9,"key":"Letter Opener"},{"floor":10,"key":"Question Card"},{"floor":11,"key":"Matryoshka"},{"floor":13,"key":"Dodecahedron"}],"event_choices":[{"damage_healed":0,"gold_gain":0,"player_choice":"Box","damage_taken":0,"relics_obtained":["Singing Bowl"],"max_hp_gain":0,"max_hp_loss":0,"event_name":"Big Fish","floor":2,"gold_loss":0,"cards_obtained":["Regret"]},{"damage_healed":0,"gold_gain":0,"player_choice":"Success","damage_taken":12,"relics_obtained":["Molten Egg 2"],"max_hp_gain":0,"max_hp_loss":0,"event_name":"Scrap Ooze","floor":4,"gold_loss":0}],"is_beta":false,"boss_relics":[],"items_purged_floors":[7],"is_endless":false,"potions_floor_spawned":[6,10],"killed_by":"Slime Boss","ascension_level":13}