{"gold_per_floor":[110,128,128,140,140,140,160,160,160,160,174,189,199,227,227,327,327,347,347,364,83,83,83,83,83,83,98,127,127,152,6,6,110,110,126,348,400,400,5,30,30,30,30,30,41,41,41,41,41,41],"floor_reached":51,"playtime":1773,"items_purged":["Regret","Shame"],"score":1065,"play_id":"7c1f400f-f9ca-42ad-b46f-e61833ce6953","local_time":"20180915124421","is_ascension_mode":true,"campfire_choices":[{"data":"Bash","floor":6,"key":"SMITH"},{"data":"Inflame","floor":8,"key":"SMITH"},{"data":"Flex","floor":10,"key":"SMITH"},{"data":"Metallicize","floor":15,"key":"SMITH"},{"data":"Whirlwind","floor":23,"key":"SMITH"},{"data":"Heavy Blade","floor":25,"key":"SMITH"},{"data":"Iron Wave","floor":32,"key":"SMITH"},{"data":"Impervious","floor":41,"key":"SMITH"},{"data":"Defend_R","floor":44,"key":"SMITH"},{"data":"Bite","floor":47,"key":"SMITH"},{"data":"Bite","floor":49,"key":"SMITH"}],"neow_cost":"NONE","seed_source_timestamp":64787404549252,"circlet_count":0,"master_deck":["Defend_R","Defend_R","Defend_R+1","Bash+1","Impervious+1","Iron Wave+1","Flex+1","Inflame+1","Heavy Blade+1","Warcry+1","Metallicize+1","Havoc+1","Offering+1","Armaments+1","Whirlwind+1","Bite+1","Bite+1","Bite","Bite","Bite","Disarm+1","Flex+1","Shrug It Off+1","Blind+1","Offering+1","Sentinel+1","Doubt","Shrug It Off+1","Madness+1","Madness+1","Doubt","Flame Barrier+1"],"relics":["Burning Blood","Bronze Scales","Toxic Egg 2","Cursed Key","Chemical X","Pear","Dead Branch","Red Mask","Sozu","WingedGreaves","Bag of Marbles","Incense Burner","Ancient Tea Set","Dream Catcher"],"potions_floor_usage":[7,13,16,33,50,50],"damage_taken":[{"damage":6,"enemies":"Jaw Worm","floor":1,"turns":4},{"damage":3,"enemies":"Small Slimes","floor":2,"turns":3},{"damage":2,"enemies":"2 Louse","floor":4,"turns":2},{"damage":9,"enemies":"Large Slime","floor":7,"turns":7},{"damage":12,"enemies":"3 Louse","floor":11,"turns":4},{"damage":4,"enemies":"Red Slaver","floor":12,"turns":2},{"damage":8,"enemies":"Looter","floor":13,"turns":2},{"damage":14,"enemies":"Gremlin Nob","floor":14,"turns":3},{"damage":15,"enemies":"Hexaghost","floor":16,"turns":8},{"damage":9,"enemies":"Chosen","floor":18,"turns":3},{"damage":6,"enemies":"Spheric Guardian","floor":20,"turns":1},{"damage":6,"enemies":"Centurion and Healer","floor":27,"turns":1},{"damage":27,"enemies":"Gremlin Leader","floor":28,"turns":6},{"damage":0,"enemies":"Masked Bandits","floor":30,"turns":1},{"damage":45,"enemies":"Automaton","floor":33,"turns":10},{"damage":11,"enemies":"Orb Walker","floor":35,"turns":3},{"damage":15,"enemies":"Mysterious Sphere","floor":37,"turns":2},{"damage":12,"enemies":"Giant Head","floor":40,"turns":6},{"damage":19,"enemies":"3 Shapes","floor":45,"turns":3},{"damage":79,"enemies":"Time Eater","floor":50,"turns":10}],"seed_played":"-4316419207231928064","potions_obtained":[{"floor":2,"key":"Poison Potion"},{"floor":7,"key":"SteroidPotion"},{"floor":12,"key":"LiquidBronze"},{"floor":16,"key":"Fire Potion"},{"floor":20,"key":"Weak Potion"},{"floor":28,"key":"SpeedPotion"}],"is_trial":false,"path_per_floor":["M","M","?","M","?","R","M","R","T","R","M","M","M","E","R","B",null,"M","?","M","$","?","R","?","R","T","M","E","?","?","$","R","B",null,"M","?","?","T","$","E","R","?","T","R","M","$","R","$","R","B"],"character_chosen":"IRONCLAD","items_purchased":["Chemical X","Shrug It Off+1","Blind+1","Incense Burner"],"campfire_rested":0,"item_purchase_floors":[21,31,31,39],"current_hp_per_floor":[72,75,68,72,72,72,69,69,69,69,63,65,63,55,55,48,72,71,71,73,73,73,73,58,58,68,68,58,58,64,64,64,44,82,81,81,75,75,75,79,79,67,67,67,67,67,67,67,67,13],"gold":41,"neow_bonus":"ONE_RANDOM_RARE_CARD","is_prod":false,"is_daily":false,"chose_seed":false,"campfire_upgraded":11,"win_rate":0,"timestamp":1537011861,"path_taken":["M","M","?","M","?","R","M","R","T","R","?","M","M","E","R","BOSS","M","?","M","$","?","R","?","R","T","M","E","?","?","$","R","BOSS","M","?","?","?","$","E","R","?","T","R","?","$","R","?","R","BOSS"],"build_version":"2018-09-06","purchased_purges":2,"victory":true,"max_hp_per_floor":[80,80,80,80,80,80,80,80,80,80,80,80,80,80,80,80,80,80,80,80,80,80,80,85,85,95,95,95,95,95,95,95,95,95,95,95,95,95,95,95,95,95,95,95,95,95,95,95,95,95],"card_choices":[{"not_picked":["Heavy Blade","Warcry"],"picked":"Iron Wave","floor":1},{"not_picked":["Entrench","Clothesline"],"picked":"Flex","floor":2},{"not_picked":["Fire Breathing","Heavy Blade"],"picked":"Inflame","floor":4},{"not_picked":["Thunderclap","Headbutt"],"picked":"Heavy Blade","floor":7},{"not_picked":["Thunderclap","Burning Pact+1"],"picked":"Warcry+1","floor":11},{"not_picked":["Sever Soul","Inflame"],"picked":"Metallicize","floor":12},{"not_picked":["Carnage","Seeing Red+1"],"picked":"Havoc+1","floor":13},{"not_picked":["Twin Strike","Heavy Blade","Wild Strike"],"picked":"SKIP","floor":14},{"not_picked":["Juggernaut","Bludgeon"],"picked":"Offering+1","floor":16},{"not_picked":["Reckless Charge+1","Flex+1"],"picked":"Armaments+1","floor":18},{"not_picked":["Havoc+1","Heavy Blade","Evolve"],"picked":"SKIP","floor":20},{"not_picked":["Wild Strike","Uppercut"],"picked":"Disarm+1","floor":27},{"not_picked":["Heavy Blade","Anger","Hemokinesis"],"picked":"SKIP","floor":28},{"not_picked":["Sever Soul+1","Feel No Pain"],"picked":"Flex+1","floor":30},{"not_picked":["Feed","Reaper"],"picked":"Offering+1","floor":33},{"not_picked":["Clash","Power Through+1"],"picked":"Sentinel+1","floor":35},{"not_picked":["Flex+1","Wild Strike+1"],"picked":"Shrug It Off+1","floor":40},{"not_picked":["Body Slam","Warcry+1"],"picked":"Flame Barrier+1","floor":45}],"player_experience":386643,"relics_obtained":[{"floor":9,"key":"Toxic Egg 2"},{"floor":14,"key":"Blood Vial"},{"floor":26,"key":"Pear"},{"floor":28,"key":"Dead Branch"},{"floor":30,"key":"Red Mask"},{"floor":37,"key":"WingedGreaves"},{"floor":38,"key":"Bag of Marbles"},{"floor":40,"key":"Ancient Tea Set"},{"floor":43,"key":"Dream Catcher"}],"event_choices":[{"event_name":"Golden Wing","player_choice":"Card Removal","floor":3,"damage_taken":0},{"event_name":"Big Fish","player_choice":"Box","floor":5,"damage_taken":0},{"event_name":"The Library","player_choice":"Read","floor":19,"damage_taken":0},{"event_name":"Vampires","player_choice":"Became a vampire (Vial)","floor":22,"damage_taken":0},{"event_name":"Forgotten Altar","player_choice":"Shed Blood","floor":24,"damage_taken":0},{"event_name":"Bonfire Elementals","player_choice":"BASIC","floor":29,"damage_taken":0},{"event_name":"Masked Bandits","player_choice":"Fought Bandits","floor":30,"damage_taken":0},{"event_name":"Tomb of Lord Red Mask","player_choice":"Wore Mask","floor":36,"damage_taken":0},{"event_name":"Mysterious Sphere","player_choice":"Fight","floor":37,"damage_taken":0},{"event_name":"Winding Halls","player_choice":"Embrace Madness","floor":42,"damage_taken":0}],"is_beta":false,"boss_relics":[{"not_picked":["Tiny House","White Beast Statue"],"picked":"Cursed Key"},{"not_picked":["Mark of Pain","Astrolabe"],"picked":"Sozu"}],"items_purged_floors":[21,39],"is_endless":false,"potions_floor_spawned":[2,7,12,16,20,28,37,40],"ascension_level":8}