{"gold_per_floor":[112,62,62,78,92,92,92,92,92,92,105,117,117,150,150,247,247,227,246,246],"floor_reached":20,"playtime":807,"items_purged":[],"score":174,"play_id":"27e08546-df79-4a71-8ba6-de98ef86c0b3","local_time":"20180630175144","is_ascension_mode":false,"campfire_choices":[{"data":"Creative AI","floor":6,"key":"SMITH"},{"data":"Zap","floor":8,"key":"SMITH"},{"floor":10,"key":"REST"},{"data":"Consume","floor":13,"key":"SMITH"},{"data":"Double Energy","floor":15,"key":"SMITH"}],"neow_cost":"TEN_PERCENT_HP_LOSS","seed_source_timestamp":254282282277718,"circlet_count":0,"master_deck":["Strike_B","Strike_B","Strike_B","Defend_B","Defend_B","Defend_B","Defend_B","Zap+1","Dualcast","Creative AI+1","Coolheaded","Steam","Consume+1","Double Energy+1","Coolheaded+1","Coolheaded+1"],"relics":["Cracked Core","Omamori","Dodecahedron","Kunai","Black Star"],"potions_floor_usage":[16,16],"damage_taken":[{"damage":0,"enemies":"2 Louse","floor":1,"turns":2},{"damage":25,"enemies":"Jaw Worm","floor":4,"turns":5},{"damage":7,"enemies":"Small Slimes","floor":5,"turns":4},{"damage":2,"enemies":"Blue Slaver","floor":11,"turns":3},{"damage":10,"enemies":"Large Slime","floor":12,"turns":6},{"damage":11,"enemies":"Lagavulin","floor":14,"turns":6},{"damage":13,"enemies":"The Guardian","floor":16,"turns":12},{"damage":18,"enemies":"2 Thieves","floor":18,"turns":5},{"damage":34,"enemies":"Chosen","floor":19,"turns":10}],"seed_played":"-2012392943852203732","potions_obtained":[{"floor":5,"key":"SpeedPotion"},{"floor":14,"key":"Ancient Potion"}],"is_trial":false,"path_per_floor":["M","?","?","M","M","R","T","R","T","R","M","M","R","E","R","B",null,"M","M"],"character_chosen":"DEFECT","items_purchased":[],"campfire_rested":1,"item_purchase_floors":[],"current_hp_per_floor":[68,68,68,43,36,36,36,36,36,56,54,44,44,33,33,20,68,50,16,0],"gold":246,"neow_bonus":"THREE_RARE_CARDS","is_prod":false,"is_daily":false,"chose_seed":false,"campfire_upgraded":4,"win_rate":0,"timestamp":1530391904,"path_taken":["M","?","?","M","M","R","?","R","T","R","M","M","R","E","R","BOSS","M","M","?"],"build_version":"2018-06-28","purchased_purges":0,"victory":false,"max_hp_per_floor":[68,68,68,68,68,68,68,68,68,68,68,68,68,68,68,68,68,68,68,68],"card_choices":[{"not_picked":["Multi-Cast","Reboot"],"picked":"Creative AI","floor":0},{"not_picked":["Beam Cell","Cold Snap"],"picked":"Coolheaded","floor":1},{"not_picked":["Coolheaded","Lockon"],"picked":"Steam","floor":4},{"not_picked":["Loop","Coolheaded","Cold Snap"],"picked":"SKIP","floor":5},{"not_picked":["Compile Driver","Chill","Recycle"],"picked":"SKIP","floor":11},{"not_picked":["Hello World","Go for the Eyes"],"picked":"Consume","floor":12},{"not_picked":["Leap","Stack"],"picked":"Double Energy","floor":14},{"not_picked":["Self Repair","Steam Power"],"picked":"Coolheaded+1","floor":18},{"not_picked":["Go for the Eyes+1","Ball Lightning"],"picked":"Coolheaded+1","floor":19}],"player_experience":171830,"relics_obtained":[{"floor":7,"key":"Omamori"},{"floor":9,"key":"Dodecahedron"},{"floor":14,"key":"Kunai"}],"event_choices":[{"event_name":"The Cleric","player_choice":"Card Removal","floor":2,"damage_taken":0},{"event_name":"Liars Game","player_choice":"disagreed","floor":3,"damage_taken":0}],"boss_relics":[{"not_picked":["Ectoplasm","Empty Cage"],"picked":"Black Star"}],"items_purged_floors":[],"is_endless":false,"potions_floor_spawned":[5,14],"ascension_level":0}