{"gold_per_floor":[113,188,208,225,236,236,236,248,248,266,277,277,308,326,326,425,425,435,435,445,471,471,471,482,482,482,177,191,191,225,243,243,345,345,360,377,225,242,257,257,257,112,112,126,160,178,178,192,192,192],"floor_reached":50,"playtime":3280,"items_purged":["Cleave","Intimidate"],"score":955,"play_id":"20c5dd61-c7a5-4363-9235-c6f8af443bb6","local_time":"20181014192300","is_ascension_mode":true,"campfire_choices":[{"data":"Metallicize","floor":6,"key":"SMITH"},{"data":"Armaments","floor":15,"key":"SMITH"},{"data":"Barricade","floor":23,"key":"SMITH"},{"data":"Armaments","floor":25,"key":"SMITH"},{"data":"Shockwave","floor":29,"key":"SMITH"},{"data":"Fire Breathing","floor":32,"key":"SMITH"},{"data":"Rage","floor":40,"key":"SMITH"},{"data":"Double Tap","floor":47,"key":"SMITH"},{"data":"Ghostly Armor","floor":49,"key":"SMITH"}],"neow_cost":"NONE","seed_source_timestamp":2711520902194,"circlet_count":0,"master_deck":["Defend_R","Defend_R","Defend_R","Defend_R","Bash+1","AscendersBane","Twin Strike","Ghostly Armor+1","Metallicize+1","Anger+1","Battle Trance","Fire Breathing+1","Armaments+1","Battle Trance","Barricade+1","Armaments+1","Bite","Bite","Bite","Bite","Bite","Shockwave+1","Rage+1","Ghostly Armor","Feel No Pain+1","Twin Strike+1","Heavy Blade+1","Body Slam+1","Iron Wave+1","Double Tap+1","Reckless Charge+1","Havoc+1"],"relics":["Burning Blood","Dream Catcher","Bag of Preparation","Ancient Tea Set","Busted Crown","Omamori","Molten Egg 2","Vajra","Paper Frog","Coffee Dripper","Charon\u0027s Ashes","Pen Nib","Unceasing Top"],"potions_floor_usage":[8,13,16,41,50,50,50,50],"damage_taken":[{"damage":1,"enemies":"Cultist","floor":1,"turns":3},{"damage":2,"enemies":"Small Slimes","floor":3,"turns":5},{"damage":7,"enemies":"Jaw Worm","floor":4,"turns":4},{"damage":10,"enemies":"2 Fungi Beasts","floor":5,"turns":5},{"damage":27,"enemies":"Exordium Wildlife","floor":8,"turns":6},{"damage":13,"enemies":"3 Louse","floor":10,"turns":5},{"damage":0,"enemies":"Red Slaver","floor":11,"turns":5},{"damage":44,"enemies":"Gremlin Nob","floor":13,"turns":5},{"damage":4,"enemies":"Blue Slaver","floor":14,"turns":3},{"damage":7,"enemies":"Hexaghost","floor":16,"turns":9},{"damage":3,"enemies":"Shell Parasite","floor":18,"turns":6},{"damage":7,"enemies":"Chosen","floor":20,"turns":6},{"damage":13,"enemies":"Sentry and Sphere","floor":24,"turns":6},{"damage":8,"enemies":"Centurion and Healer","floor":28,"turns":7},{"damage":0,"enemies":"Slavers","floor":30,"turns":7},{"damage":10,"enemies":"Snecko","floor":31,"turns":10},{"damage":0,"enemies":"Champ","floor":33,"turns":15},{"damage":0,"enemies":"3 Shapes","floor":35,"turns":6},{"damage":22,"enemies":"Orb Walker","floor":36,"turns":4},{"damage":23,"enemies":"Transient","floor":38,"turns":5},{"damage":24,"enemies":"Reptomancer","floor":39,"turns":7},{"damage":0,"enemies":"Mind Bloom Boss Battle","floor":41,"turns":7},{"damage":20,"enemies":"3 Darklings","floor":44,"turns":7},{"damage":4,"enemies":"Giant Head","floor":45,"turns":9},{"damage":0,"enemies":"Maw","floor":46,"turns":7},{"damage":0,"enemies":"Transient","floor":48,"turns":5},{"damage":72,"enemies":"Time Eater","floor":50,"turns":6}],"seed_played":"-6147610189617472532","potions_obtained":[{"floor":3,"key":"Regen Potion"},{"floor":4,"key":"Energy Potion"},{"floor":10,"key":"FearPotion"},{"floor":11,"key":"PowerPotion"},{"floor":13,"key":"Weak Potion"},{"floor":24,"key":"SteroidPotion"},{"floor":36,"key":"Regen Potion"},{"floor":38,"key":"Dexterity Potion"},{"floor":44,"key":"EntropicBrew"}],"is_trial":false,"path_per_floor":["M","?","M","M","M","R","?","M","T","M","M","?","E","M","R","B",null,"M","?","M","T","?","R","M","R","T","$","M","R","E","M","R","B",null,"M","M","$","M","M","R","?","$","T","M","E","M","R","M","R"],"character_chosen":"IRONCLAD","items_purchased":["Vajra","Rage","Twin Strike+1","Double Tap"],"campfire_rested":0,"item_purchase_floors":[27,27,37,42],"current_hp_per_floor":[77,66,70,69,65,65,49,43,43,36,42,68,30,32,32,31,68,71,56,56,56,56,56,56,56,56,56,56,56,56,56,56,56,56,56,42,42,40,39,39,56,56,56,56,56,56,56,56,56,0],"gold":192,"neow_bonus":"RANDOM_COMMON_RELIC","is_prod":false,"is_daily":false,"chose_seed":false,"campfire_upgraded":9,"win_rate":0,"timestamp":1539541380,"path_taken":["M","?","M","M","M","R","?","M","T","?","M","?","E","?","R","BOSS","M","?","M","?","?","R","M","R","T","$","?","R","E","?","R","BOSS","M","M","$","M","M","R","?","?","T","M","E","M","R","?","R","BOSS"],"build_version":"2018-10-11","purchased_purges":2,"victory":false,"max_hp_per_floor":[80,80,80,80,80,80,80,80,80,80,80,80,80,80,80,80,80,80,56,56,56,56,56,56,56,56,56,56,56,56,56,56,56,56,56,56,56,56,56,56,56,56,56,56,56,56,56,56,56,56],"card_choices":[{"not_picked":["Clash","Thunderclap"],"picked":"Twin Strike","floor":1},{"not_picked":["Thunderclap","Sentinel"],"picked":"Ghostly Armor","floor":3},{"not_picked":["Pommel Strike","Power Through"],"picked":"Metallicize","floor":4},{"not_picked":["Wild Strike","Headbutt"],"picked":"Anger","floor":5},{"not_picked":["Cleave","Sword Boomerang"],"picked":"Battle Trance","floor":8},{"not_picked":["Carnage","Sword Boomerang"],"picked":"Fire Breathing","floor":10},{"not_picked":["Havoc","Seeing Red"],"picked":"Armaments","floor":11},{"not_picked":["Headbutt","Clothesline","Evolve"],"picked":"SKIP","floor":13},{"not_picked":["Perfected Strike","Seeing Red"],"picked":"Battle Trance","floor":14},{"not_picked":["Impervious","Fiend Fire"],"picked":"Barricade","floor":16},{"not_picked":[],"picked":"Armaments","floor":18},{"not_picked":[],"picked":"Cleave","floor":20},{"not_picked":["Twin Strike"],"picked":"SKIP","floor":24},{"not_picked":[],"picked":"Ghostly Armor","floor":28},{"not_picked":[],"picked":"Intimidate","floor":30},{"not_picked":["Armaments"],"picked":"SKIP","floor":31},{"not_picked":["True Grit"],"picked":"SKIP","floor":35},{"not_picked":[],"picked":"Feel No Pain+1","floor":36},{"not_picked":[],"picked":"Heavy Blade+1","floor":38},{"not_picked":[],"picked":"Body Slam+1","floor":39},{"not_picked":[],"picked":"Iron Wave+1","floor":41},{"not_picked":["Heavy Blade+1"],"picked":"SKIP","floor":44},{"not_picked":["Armaments"],"picked":"SKIP","floor":45},{"not_picked":[],"picked":"Reckless Charge+1","floor":46},{"not_picked":[],"picked":"Havoc+1","floor":48}],"player_experience":462519,"relics_obtained":[{"floor":9,"key":"Bag of Preparation"},{"floor":13,"key":"Ancient Tea Set"},{"floor":21,"key":"Omamori"},{"floor":26,"key":"Molten Egg 2"},{"floor":30,"key":"Paper Frog"},{"floor":41,"key":"Charon\u0027s Ashes"},{"floor":43,"key":"Pen Nib"},{"floor":45,"key":"Unceasing Top"}],"event_choices":[{"event_name":"World of Goop","player_choice":"Gather Gold","floor":2,"damage_taken":0},{"event_name":"Shining Light","player_choice":"Entered Light","floor":7,"damage_taken":0},{"event_name":"Big Fish","player_choice":"Banana","floor":12,"damage_taken":0},{"event_name":"Vampires","player_choice":"Became a vampire","floor":19,"damage_taken":0},{"event_name":"The Library","player_choice":"Read","floor":22,"damage_taken":0},{"event_name":"MindBloom","player_choice":"Fight","floor":41,"damage_taken":0}],"is_beta":false,"boss_relics":[{"not_picked":["Empty Cage","Fusion Hammer"],"picked":"Busted Crown"},{"not_picked":["Philosopher\u0027s Stone","Sozu"],"picked":"Coffee Dripper"}],"items_purged_floors":[27,37],"is_endless":false,"potions_floor_spawned":[3,4,10,11,13,14,24,31,33,36,38,39,44],"killed_by":"Time Eater","ascension_level":11}