{"gold_per_floor":[115,115,190,190,213,213,228,228,309,332,332,181,181,200,200,328,328,346,371,371,371],"floor_reached":21,"playtime":953,"items_purged":[],"score":295,"play_id":"7c7331f1-9ef8-44bf-a0f7-6830e483ecd9","local_time":"20181118142952","is_ascension_mode":true,"campfire_choices":[{"data":"Bash","floor":6.0,"key":"SMITH"},{"data":"Inflame","floor":13,"key":"SMITH"},{"data":"Metallicize","floor":15,"key":"SMITH"}],"neow_cost":"NONE","seed_source_timestamp":0,"circlet_count":0,"master_deck":["AscendersBane","Defend_R","Defend_R","Defend_R","Defend_R","Bash+1","Twin Strike","Dropkick","Inflame+1","Infernal Blade","Cleave","Bandage Up","Metallicize+1","Barricade","Pummel","Bite","Bite","Bite","Bite","Bite"],"special_seed":0,"relics":["Burning Blood","Golden Idol","Pantograph","Incense Burner","Busted Crown"],"potions_floor_usage":[14,16,19,21],"damage_taken":[{"damage":5.0,"enemies":"Small Slimes","floor":1.0,"turns":3.0},{"damage":2.0,"enemies":"2 Louse","floor":5.0,"turns":3.0},{"damage":6,"enemies":"Cultist","floor":7,"turns":3},{"damage":11,"enemies":"2 Fungi Beasts","floor":10,"turns":3},{"damage":20,"enemies":"Gremlin Gang","floor":14,"turns":4},{"damage":70,"enemies":"Slime Boss","floor":16,"turns":12},{"damage":2,"enemies":"Chosen","floor":18,"turns":4},{"damage":9,"enemies":"3 Byrds","floor":19,"turns":7},{"damage":25,"enemies":"Colosseum Slavers","floor":21,"turns":4},{"damage":50,"enemies":"Colosseum Nobs","floor":21,"turns":3}],"seed_played":"-8776563625887139539","potions_obtained":[{"floor":5.0,"key":"Fire Potion"},{"floor":10,"key":"Ancient Potion"},{"floor":16,"key":"SkillPotion"},{"floor":18,"key":"FearPotion"}],"is_trial":false,"path_per_floor":["M","?","?","?","M","R","M","?","T","M","?","$","R","M","R","B",null,"M","M","?","?"],"character_chosen":"IRONCLAD","items_purchased":["Cleave","Bandage Up"],"campfire_rested":0,"item_purchase_floors":[12,12],"current_hp_per_floor":[73,66,55,55,59,59,59,64,64,59,59,59,59,49,49,10,58,66,67,51,0],"gold":371,"neow_bonus":"THREE_CARDS","is_prod":false,"is_daily":false,"chose_seed":false,"campfire_upgraded":3,"win_rate":0,"timestamp":1542551392,"path_taken":["M","?","?","?","M","R","M","?","T","?","?","$","R","M","R","BOSS","M","?","?","?"],"build_version":"2018-11-15","purchased_purges":0,"victory":false,"max_hp_per_floor":[80,80,80,74,74,74,74,74,74,74,74,74,74,74,74,74,74,74,74,51,51],"card_choices":[{"not_picked":["Perfected Strike","Sword Boomerang"],"picked":"Twin Strike","floor":0.0},{"not_picked":["Warcry","Headbutt"],"picked":"Dropkick","floor":1.0},{"not_picked":["Wild Strike","True Grit"],"picked":"Sword Boomerang","floor":5.0},{"not_picked":["Fiend Fire","Shrug It Off"],"picked":"Inflame","floor":7},{"not_picked":["Sword Boomerang","Uppercut"],"picked":"Infernal Blade","floor":10},{"not_picked":["Body Slam","Clothesline"],"picked":"Metallicize","floor":14},{"not_picked":["Fiend Fire","Dark Embrace"],"picked":"Barricade","floor":16},{"not_picked":["Entrench"],"picked":"SKIP","floor":18},{"not_picked":[],"picked":"Pummel","floor":19}],"player_experience":507073,"relics_obtained":[{"floor":9,"key":"Pantograph"},{"floor":11,"key":"Incense Burner"}],"event_choices":[{"cards_removed":["Strike_R"],"damage_healed":0.0,"max_hp_gain":0.0,"max_hp_loss":0.0,"gold_gain":0.0,"event_name":"Golden Wing","player_choice":"Card Removal","floor":2.0,"gold_loss":0.0,"damage_taken":7.0},{"damage_healed":0.0,"max_hp_gain":0.0,"max_hp_loss":0.0,"gold_gain":75.0,"event_name":"World of Goop","player_choice":"Gather Gold","floor":3.0,"gold_loss":0.0,"damage_taken":11.0},{"damage_healed":0.0,"max_hp_gain":0.0,"max_hp_loss":6.0,"gold_gain":0.0,"event_name":"Golden Idol","player_choice":"Lose Max HP","floor":4.0,"gold_loss":0.0,"damage_taken":0.0,"relics_obtained":["Golden Idol"]},{"cards_removed":["Sword Boomerang"],"damage_healed":5,"gold_gain":0,"player_choice":"Offered Common","damage_taken":0,"max_hp_gain":0,"max_hp_loss":0,"event_name":"Bonfire Elementals","floor":8,"gold_loss":0},{"cards_removed":["Sword Boomerang"],"damage_healed":5,"gold_gain":0,"player_choice":"Offered Special","damage_taken":0,"max_hp_gain":0,"max_hp_loss":0,"event_name":"Bonfire Elementals","floor":8,"gold_loss":0},{"damage_healed":0,"gold_gain":0,"player_choice":"Relic","damage_taken":0,"max_hp_gain":0,"max_hp_loss":0,"event_name":"Wheel of Change","floor":11,"gold_loss":0},{"damage_healed":0,"gold_gain":0,"player_choice":"Became a vampire","damage_taken":0,"max_hp_gain":0,"max_hp_loss":23,"event_name":"Vampires","floor":20,"gold_loss":0,"cards_obtained":["Bite","Bite","Bite","Bite","Bite"]},{"damage_healed":0,"gold_gain":0,"player_choice":"Fight","damage_taken":0,"max_hp_gain":0,"max_hp_loss":0,"event_name":"Colosseum","floor":21,"gold_loss":0},{"damage_healed":0,"gold_gain":0,"player_choice":"Fought Nobs","damage_taken":0,"max_hp_gain":0,"max_hp_loss":0,"event_name":"Colosseum","floor":21,"gold_loss":0}],"is_beta":false,"boss_relics":[{"not_picked":["Snecko Eye","Runic Cube"],"picked":"Busted Crown"}],"items_purged_floors":[],"is_endless":false,"potions_floor_spawned":[5,10,16,18,21],"killed_by":"Colosseum Nobs","ascension_level":12}