{"gold_per_floor":[367,367,380,391,48,48,65,65,91,102,102,102,112,112,112,112],"floor_reached":16,"playtime":639,"items_purged":["Strike_G"],"score":168,"play_id":"8476c5e6-2e97-40f7-9474-49b4973b6c83","local_time":"20190107214121","is_ascension_mode":true,"campfire_choices":[{"data":"Neutralize","floor":6,"key":"SMITH"},{"floor":8,"key":"REST"},{"floor":15,"key":"REST"}],"neow_cost":"PERCENT_DAMAGE","seed_source_timestamp":164599315588500,"circlet_count":0,"master_deck":["AscendersBane","Defend_G","Defend_G","Defend_G","Defend_G","Defend_G","Strike_G","Strike_G","Survivor","Neutralize+1","Deadly Poison","PiercingWail","Sucker Punch","Well Laid Plans","Rage","Dagger Throw","Feed"],"relics":["Ring of the Snake","PrismaticShard","PreservedInsect"],"potions_floor_usage":[14,14],"damage_taken":[{"damage":5,"enemies":"Cultist","floor":1,"turns":5},{"damage":4,"enemies":"Small Slimes","floor":3,"turns":5},{"damage":1,"enemies":"Jaw Worm","floor":4,"turns":6},{"damage":13,"enemies":"3 Louse","floor":7,"turns":7},{"damage":21,"enemies":"Large Slime","floor":10,"turns":11},{"damage":3,"enemies":"Looter","floor":13,"turns":3},{"damage":3,"enemies":"Gremlin Nob","floor":14,"turns":4},{"damage":31,"enemies":"Slime Boss","floor":16,"turns":6}],"seed_played":"-32069387355768984","potions_obtained":[{"floor":10,"key":"Strength Potion"},{"floor":13,"key":"SmokeBomb"}],"is_trial":false,"path_per_floor":["M","?","M","M","$","R","M","R","T","M","?","?","M","E","R","B"],"character_chosen":"THE_SILENT","items_purchased":["PrismaticShard","Well Laid Plans"],"campfire_rested":2,"item_purchase_floors":[5,5],"current_hp_per_floor":[40,40,36,35,35,35,22,43,43,22,22,15,12,9,30,0],"gold":112,"neow_bonus":"TWO_FIFTY_GOLD","is_prod":false,"is_daily":false,"chose_seed":false,"campfire_upgraded":1,"win_rate":0,"timestamp":1546897281,"path_taken":["M","?","M","?","$","R","M","R","T","M","?","?","M","E","R","BOSS"],"build_version":"2019-01-03v4","purchased_purges":1,"victory":false,"max_hp_per_floor":[70,70,70,70,70,70,70,70,70,70,70,70,70,70,70,70],"card_choices":[{"not_picked":["Slice","Blade Dance"],"picked":"Deadly Poison","floor":1},{"not_picked":["Quick Slash","Riddle With Holes"],"picked":"PiercingWail","floor":3},{"not_picked":["Prepared","Concentrate"],"picked":"Sucker Punch","floor":4},{"not_picked":["Spot Weakness","Cold Snap"],"picked":"Rage","floor":7},{"not_picked":["Hemokinesis","Masterful Stab"],"picked":"Dagger Throw","floor":10},{"not_picked":["Cold Snap","Dodge and Roll"],"picked":"Feed","floor":13}],"player_experience":541421,"relics_obtained":[{"floor":9,"key":"PreservedInsect"}],"event_choices":[{"cards_removed":["Strike_G"],"damage_healed":0,"gold_gain":0,"player_choice":"Offered Basic","damage_taken":0,"max_hp_gain":0,"max_hp_loss":0,"event_name":"Bonfire Elementals","floor":2,"gold_loss":0},{"damage_healed":0,"gold_gain":0,"player_choice":"Searched \u00270\u0027 times","damage_taken":0,"max_hp_gain":0,"max_hp_loss":0,"event_name":"Dead Adventurer","floor":11,"gold_loss":0},{"cards_removed":["Strike_G"],"damage_healed":0,"gold_gain":0,"player_choice":"Card Removal","damage_taken":7,"max_hp_gain":0,"max_hp_loss":0,"event_name":"Golden Wing","floor":12,"gold_loss":0}],"is_beta":false,"boss_relics":[],"items_purged_floors":[5],"is_endless":false,"potions_floor_spawned":[10,13,14],"killed_by":"Slime Boss","ascension_level":13}