{"gold_per_floor":[366,366,316,327,343,343,93,93,93,93,107,133,7,18,18,122,122,138,138,138,158,177,203,217,217,241,31,31,56,155,7,7,105,105,124,40,40,52,52],"floor_reached":39,"playtime":1414,"items_purged":["Defend_R"],"score":576,"play_id":"f26d6f9f-daea-4a93-84b8-a419f6687378","local_time":"20180921223059","is_ascension_mode":true,"campfire_choices":[{"data":"Armaments","floor":6,"key":"SMITH"},{"data":"Bash","floor":8,"key":"SMITH"},{"data":"Inflame","floor":15,"key":"SMITH"},{"data":"Flex","floor":25,"key":"SMITH"},{"data":"Inflame","floor":28,"key":"SMITH"},{"data":"Disarm","floor":32,"key":"SMITH"}],"neow_cost":"CURSE","seed_source_timestamp":618765575507116,"circlet_count":0,"master_deck":["Strike_R","Defend_R","Defend_R","Defend_R","Bash+1","Shrug It Off","Armaments+1","Pommel Strike","Iron Wave","Dropkick","Whirlwind","Flash of Steel","Inflame+1","Limit Break","Flex+1","Immolate","Seeing Red","Disarm+1","Iron Wave","Inflame+1","Thunderclap+1","Flash of Steel","Heavy Blade+1"],"relics":["Burning Blood","ClockworkSouvenir","Question Card","Paper Frog","Runic Pyramid","Bag of Marbles","Bronze Scales","Membership Card","Regal Pillow","Ice Cream","Empty Cage","Bottled Tornado"],"potions_floor_usage":[12,14,16,23,23],"damage_taken":[{"damage":0,"enemies":"Small Slimes","floor":1,"turns":3},{"damage":3,"enemies":"Cultist","floor":4,"turns":4},{"damage":9,"enemies":"Jaw Worm","floor":5,"turns":5},{"damage":1,"enemies":"Looter","floor":11,"turns":4},{"damage":12,"enemies":"Lagavulin","floor":12,"turns":7},{"damage":7,"enemies":"Large Slime","floor":14,"turns":3},{"damage":33,"enemies":"Slime Boss","floor":16,"turns":10},{"damage":0,"enemies":"Chosen","floor":18,"turns":4},{"damage":6,"enemies":"Spheric Guardian","floor":21,"turns":4},{"damage":15,"enemies":"3 Cultists","floor":22,"turns":5},{"damage":22,"enemies":"Gremlin Leader","floor":23,"turns":6},{"damage":11,"enemies":"Snake Plant","floor":24,"turns":4},{"damage":21,"enemies":"Champ","floor":33,"turns":10},{"damage":40,"enemies":"3 Darklings","floor":35,"turns":4},{"damage":12,"enemies":"Orb Walker","floor":38,"turns":3},{"damage":31,"enemies":"Spire Growth","floor":39,"turns":3}],"seed_played":"7041878226012239442","potions_obtained":[{"floor":5,"key":"Weak Potion"},{"floor":11,"key":"Poison Potion"},{"floor":12,"key":"Strength Potion"},{"floor":16,"key":"PowerPotion"},{"floor":18,"key":"EssenceOfSteel"},{"floor":22,"key":"Ancient Potion"},{"floor":33,"key":"Explosive Potion"}],"is_trial":false,"path_per_floor":["M","?","?","M","M","R","$","R","T","?","M","E","$","M","R","B",null,"M","?","?","M","M","E","M","R","T","$","R","T","?","$","R","B",null,"M","$","T","M"],"character_chosen":"IRONCLAD","items_purchased":["ClockworkSouvenir","Pommel Strike","Whirlwind","Flash of Steel","Membership Card","Ice Cream","Flash of Steel"],"campfire_rested":0,"item_purchase_floors":[7,7,13,13,27,31,36],"current_hp_per_floor":[78,77,77,77,74,74,74,74,74,74,77,71,71,70,70,43,69,75,75,75,75,66,50,45,45,45,45,45,45,45,45,45,30,65,31,31,31,25,0],"gold":52,"neow_bonus":"TWO_FIFTY_GOLD","is_prod":false,"is_daily":false,"chose_seed":false,"campfire_upgraded":6,"win_rate":0,"timestamp":1537565459,"path_taken":["M","?","?","M","M","R","$","R","T","?","M","E","$","M","R","BOSS","M","?","?","?","M","E","M","R","T","$","R","?","?","?","R","BOSS","M","$","?","?","M"],"build_version":"2018-09-20","purchased_purges":1,"victory":false,"max_hp_per_floor":[80,77,77,77,77,77,77,77,77,77,77,77,77,77,77,77,77,77,77,77,77,77,77,77,77,77,77,77,77,77,77,77,77,77,77,77,77,77,77],"card_choices":[{"not_picked":["Sentinel","Perfected Strike"],"picked":"Shrug It Off","floor":1},{"not_picked":["Evolve","Reckless Charge","Uppercut"],"picked":"SKIP","floor":4},{"not_picked":["Twin Strike","Pommel Strike"],"picked":"Armaments","floor":5},{"not_picked":["Pommel Strike","Flex","Dual Wield"],"picked":"Iron Wave","floor":11},{"not_picked":["Hemokinesis","Dark Embrace","Heavy Blade"],"picked":"Dropkick","floor":12},{"not_picked":["Clothesline","Shrug It Off","Thunderclap"],"picked":"Inflame","floor":14},{"not_picked":["Berserk","Bludgeon","Reaper"],"picked":"Limit Break","floor":16},{"not_picked":["Armaments","Rampage","Blood for Blood+1"],"picked":"Flex","floor":18},{"not_picked":["Clothesline","Pommel Strike","Heavy Blade"],"picked":"Disarm","floor":21},{"not_picked":["Burning Pact","Shrug It Off+1","Clash"],"picked":"Iron Wave","floor":22},{"not_picked":["Wild Strike","Havoc","Sword Boomerang","Double Tap"],"picked":"SKIP","floor":23},{"not_picked":["Warcry+1","Spot Weakness","Combust+1"],"picked":"Inflame","floor":24},{"not_picked":["Twin Strike","Clothesline+1","Barricade"],"picked":"Thunderclap+1","floor":35},{"not_picked":["Iron Wave","Thunderclap+1","Wild Strike"],"picked":"Heavy Blade+1","floor":38}],"player_experience":406138,"relics_obtained":[{"floor":9,"key":"Question Card"},{"floor":12,"key":"Paper Frog"},{"floor":23,"key":"Bag of Marbles"},{"floor":26,"key":"Bronze Scales"},{"floor":29,"key":"Regal Pillow"},{"floor":37,"key":"Bottled Tornado"}],"event_choices":[{"event_name":"Purifier","player_choice":"One Purge","floor":2,"damage_taken":0},{"event_name":"The Cleric","player_choice":"Card Removal","floor":3,"damage_taken":0},{"event_name":"Bonfire Elementals","player_choice":"BASIC","floor":10,"damage_taken":0},{"event_name":"Match and Keep!","player_choice":"1 cards matched","floor":19,"damage_taken":0},{"event_name":"The Library","player_choice":"Read","floor":20,"damage_taken":0},{"event_name":"Nest","player_choice":"Stole From Cult","floor":30,"damage_taken":0}],"is_beta":false,"boss_relics":[{"not_picked":["Runic Cube","Black Blood"],"picked":"Runic Pyramid"},{"not_picked":["Tiny House","Velvet Choker"],"picked":"Empty Cage"}],"items_purged_floors":[36],"is_endless":false,"potions_floor_spawned":[5,11,12,16,18,22,33],"killed_by":"Spire Growth","ascension_level":9}