{"gold_per_floor":[119,133,94,111,111,137,137,137,137,164,164,196,208,18,18,117,117,130,163,163,48,48,48],"floor_reached":23,"playtime":1484,"items_purged":[],"score":226,"play_id":"2cdef8af-5b33-46a9-950c-69b2809caa6d","local_time":"20181216222151","is_ascension_mode":true,"campfire_choices":[{"floor":8,"key":"REST"},{"floor":11,"key":"REST"},{"floor":15,"key":"REST"}],"neow_cost":"NONE","seed_source_timestamp":3765235503400,"circlet_count":0,"master_deck":["Defend_G","Defend_G","Defend_G+1","Defend_G+1","Defend_G+1","Strike_G","Strike_G","Strike_G","Strike_G","Strike_G+1","Survivor","Neutralize","Backflip","Predator","Noxious Fumes+1","Bouncing Flask","Cloak And Dagger","Noxious Fumes","Underhanded Strike","Poisoned Stab","Sadistic Nature","A Thousand Cuts","Well Laid Plans","Backstab","Writhe","Noxious Fumes","Poisoned Stab"],"relics":["Black Star","Tough Bandages","Blood Vial","Turnip","Orichalcum","War Paint","PreservedInsect","Sozu","Red Mask","The Specimen"],"potions_floor_usage":[10,13,19],"damage_taken":[{"damage":0,"enemies":"Cultist","floor":1,"turns":4},{"damage":0,"enemies":"Small Slimes","floor":2,"turns":3},{"damage":0,"enemies":"Jaw Worm","floor":4,"turns":3},{"damage":23,"enemies":"3 Sentries","floor":6,"turns":7},{"damage":17,"enemies":"Lagavulin","floor":10,"turns":9},{"damage":4,"enemies":"3 Sentries","floor":12,"turns":6},{"damage":12,"enemies":"Large Slime","floor":13,"turns":5},{"damage":16,"enemies":"Hexaghost","floor":16,"turns":9},{"damage":0,"enemies":"Spheric Guardian","floor":18,"turns":4},{"damage":41,"enemies":"Masked Bandits","floor":19,"turns":5},{"damage":31,"enemies":"Slavers","floor":23,"turns":2}],"seed_played":"-8197890940916622011","potions_obtained":[{"floor":4,"key":"PowerPotion"},{"floor":12,"key":"AttackPotion"},{"floor":13,"key":"AttackPotion"}],"is_trial":false,"path_per_floor":["M","M","$","M","?","E","?","R","T","E","R","E","M","$","R","B",null,"M","?","?","$","?","E"],"character_chosen":"THE_SILENT","items_purchased":["Noxious Fumes","Sadistic Nature","Noxious Fumes","Poisoned Stab"],"campfire_rested":3,"item_purchase_floors":[3,14,21,21],"current_hp_per_floor":[70,70,70,70,56,33,33,54,54,39,60,58,48,48,69,54,70,70,29,29,29,29,0],"gold":48,"neow_bonus":"BOSS_RELIC","is_prod":false,"is_daily":false,"chose_seed":false,"campfire_upgraded":0,"win_rate":0,"timestamp":1545006111,"path_taken":["M","M","?","M","?","E","?","R","T","E","R","E","M","$","R","BOSS","M","?","?","?","?","E"],"build_version":"2018-12-13","purchased_purges":0,"victory":false,"max_hp_per_floor":[70,70,70,70,70,70,70,70,70,70,70,70,70,70,70,70,70,70,70,70,70,70,70],"card_choices":[{"not_picked":["Underhanded Strike","PiercingWail"],"picked":"Backflip","floor":1},{"not_picked":["Acrobatics","Outmaneuver"],"picked":"Predator","floor":2},{"not_picked":["Masterful Stab","Prepared"],"picked":"Bouncing Flask","floor":4},{"not_picked":["Eviscerate","Underhanded Strike"],"picked":"Cloak And Dagger","floor":6},{"not_picked":["Heel Hook","Adrenaline"],"picked":"Noxious Fumes","floor":10},{"not_picked":["Dagger Throw","PiercingWail"],"picked":"Underhanded Strike","floor":12},{"not_picked":["Dodge and Roll","Eviscerate"],"picked":"Poisoned Stab","floor":13},{"not_picked":["Glass Knife","Tools of the Trade"],"picked":"A Thousand Cuts","floor":16},{"not_picked":["Quick Slash+1","Dagger Spray+1"],"picked":"Well Laid Plans","floor":18},{"not_picked":["Leg Sweep","Sucker Punch+1"],"picked":"Backstab","floor":19}],"player_experience":259802,"relics_obtained":[{"floor":6,"key":"Tough Bandages"},{"floor":6,"key":"Blood Vial"},{"floor":10,"key":"Turnip"},{"floor":10,"key":"Orichalcum"},{"floor":12,"key":"War Paint"},{"floor":12,"key":"PreservedInsect"},{"floor":19,"key":"Red Mask"}],"event_choices":[{"damage_healed":0,"gold_gain":0,"player_choice":"Entered Light","damage_taken":14,"max_hp_gain":0,"max_hp_loss":0,"event_name":"Shining Light","floor":5,"gold_loss":0,"cards_upgraded":["Defend_G","Strike_G"]},{"damage_healed":0,"gold_gain":0,"player_choice":"Grow","damage_taken":0,"max_hp_gain":0,"max_hp_loss":0,"event_name":"Living Wall","floor":7,"gold_loss":0,"cards_upgraded":["Noxious Fumes"]},{"damage_healed":0,"gold_gain":0,"player_choice":"Fought Bandits","damage_taken":0,"max_hp_gain":0,"max_hp_loss":0,"event_name":"Masked Bandits","floor":19,"gold_loss":0},{"damage_healed":0,"gold_gain":0,"player_choice":"Opened","damage_taken":0,"relics_obtained":["The Specimen"],"max_hp_gain":0,"max_hp_loss":0,"event_name":"The Mausoleum","floor":20,"gold_loss":0,"cards_obtained":["Writhe"]},{"damage_healed":0,"gold_gain":0,"player_choice":"Ignored","damage_taken":0,"max_hp_gain":0,"max_hp_loss":0,"event_name":"Beggar","floor":22,"gold_loss":0}],"is_beta":false,"boss_relics":[{"not_picked":["Ectoplasm","WristBlade"],"picked":"Sozu"}],"items_purged_floors":[],"is_endless":false,"potions_floor_spawned":[4,12,13,18],"killed_by":"Slavers","ascension_level":2}