{"path_per_floor":["M","M","?","$","?","R","?","$","T","E","R","M","M","?","R","B",null,"M","?","M","$","?","R","M","R","T","E","R","M","?","?","R","B",null,"M","?","$","M","?","R","T","R","T","?","E","R","$","M","R","B"],"character_chosen":"IRONCLAD","items_purchased":["Limit Break","Vajra","Flex","Gremlin Horn","Blood Vial","Whirlwind","Pen Nib"],"gold_per_floor":[109,129,304,156,156,156,156,56,56,96,96,116,130,130,130,256,256,275,275,296,92,142,142,161,161,209,247,247,270,270,270,270,401,401,415,748,209,229,229,229,274,274,343,343,377,377,101,116,116,116],"floor_reached":51,"campfire_rested":5,"playtime":1132,"current_hp_per_floor":[74,70,70,70,54,54,34,34,34,34,58,56,42,35,59,24,80,50,50,56,56,56,56,54,54,54,34,62,38,38,38,66,35,94,82,82,82,78,78,78,85,85,85,85,52,82,82,86,86,68],"items_purged":["Doubt","Defend_R","Perfected Strike","Intimidate"],"gold":116,"score":828,"play_id":"6d060834-723c-4ffe-9c70-1f45c29d1dd2","local_time":"20180324111308","is_prod":false,"is_daily":false,"is_ascension_mode":true,"campfire_upgraded":6,"timestamp":1521904388,"path_taken":["M","M","?","$","?","R","?","$","T","E","R","M","M","?","R","BOSS","M","?","?","$","?","R","M","R","T","E","R","M","?","?","R","BOSS","M","?","$","M","?","R","?","R","T","?","E","R","$","M","R","BOSS"],"build_version":"2018-03-22v2","purchased_purges":4,"victory":true,"master_deck":["Limit Break+1","Spot Weakness","Thunderclap+1","Inflame","Flex+1","Offering+1","Reckless Charge","Flex+1","Heavy Blade+1","Whirlwind"],"max_hp_per_floor":[80,80,80,80,80,80,80,80,80,80,80,80,80,80,80,80,80,80,80,80,80,80,80,80,80,80,94,94,94,94,94,94,94,94,94,94,94,94,94,94,101,101,101,101,101,101,101,101,101,101],"relics":["Burning Blood","Ginger","Bag of Marbles","Philosopher\u0027s Stone","Vajra","Whetstone","Mango","Pandora\u0027s Box","Gremlin Horn","Blood Vial","Strawberry","Smiling Mask","Oddly Smooth Stone","Pen Nib"],"card_choices":[{"not_picked":["Twin Strike","Havoc"],"picked":"Spot Weakness","floor":10},{"not_picked":["Impervious","Sword Boomerang"],"picked":"Thunderclap","floor":13},{"not_picked":["Shrug It Off","Body Slam"],"picked":"Inflame","floor":18},{"not_picked":["Berserk","Limit Break"],"picked":"Offering","floor":33}],"player_experience":187484,"potions_floor_usage":[16,33,33,35,50],"damage_taken":[{"damage":12,"enemies":"Jaw Worm","floor":1,"turns":2},{"damage":10,"enemies":"Small Slimes","floor":2,"turns":3},{"damage":6,"enemies":"Gremlin Nob","floor":10,"turns":3},{"damage":8,"enemies":"2 Louse","floor":12,"turns":2},{"damage":20,"enemies":"Exordium Thugs","floor":13,"turns":3},{"damage":41,"enemies":"Slime Boss","floor":16,"turns":10},{"damage":36,"enemies":"Shell Parasite","floor":18,"turns":3},{"damage":0,"enemies":"Chosen","floor":20,"turns":3},{"damage":8,"enemies":"3 Cultists","floor":24,"turns":3},{"damage":40,"enemies":"Book of Stabbing","floor":27,"turns":3},{"damage":30,"enemies":"Snake Plant","floor":29,"turns":2},{"damage":37,"enemies":"Champ","floor":33,"turns":4},{"damage":18,"enemies":"3 Darklings","floor":35,"turns":2},{"damage":12,"enemies":"3 Shapes","floor":38,"turns":1},{"damage":41,"enemies":"Nemesis","floor":45,"turns":3},{"damage":4,"enemies":"Maw","floor":48,"turns":2},{"damage":26,"enemies":"Awakened One","floor":50,"turns":3}],"event_choices":[{"event_name":"Liars Game","player_choice":"agreed","floor":3,"damage_taken":0},{"event_name":"Shining Light","player_choice":"Entered Light","floor":5,"damage_taken":0},{"event_name":"Golden Idol","player_choice":"Take Damage","floor":7,"damage_taken":0},{"event_name":"Golden Wing","player_choice":"Card Removal","floor":14,"damage_taken":0},{"event_name":"Back to Basics","player_choice":"Elegance","floor":19,"damage_taken":0},{"event_name":"The Joust","player_choice":"Bet on Murderer","floor":22,"damage_taken":0},{"event_name":"Purifier","player_choice":"One Purge","floor":30,"damage_taken":0},{"event_name":"N\u0027loth","player_choice":"Ignored","floor":31,"damage_taken":0},{"event_name":"The Moai Head","player_choice":"Gave Idol","floor":36,"damage_taken":0},{"event_name":"Transmorgrifier","player_choice":"Transform","floor":39,"damage_taken":0}],"boss_relics":[{"not_picked":["Ectoplasm","Eternal Feather"],"picked":"Philosopher\u0027s Stone"},{"not_picked":["Sozu","Calling Bell"],"picked":"Pandora\u0027s Box"}],"potions_floor_spawned":[12,13,24,29,33],"seed_played":"-5631280039034578361","ascension_level":2,"is_trial":false}