{"path_per_floor":["M","?","$","?","M","E","?","M","T","M","?","M","$","M","R","B",null,"M","M","?","M"],"character_chosen":"IRONCLAD","items_purchased":["Clash","Whirlwind"],"gold_per_floor":[116,191,93,93,112,145,145,165,165,182,182,201,32,49,49,146,146,158,169,169,187,187],"floor_reached":22,"campfire_rested":1,"playtime":572,"current_hp_per_floor":[64,53,53,53,58,32,32,37,37,37,80,52,52,52,76,36,69,42,15,41,14,0],"items_purged":["Defend_R","Injury"],"gold":187,"score":273,"play_id":"265b71a1-c24a-47c1-a025-c4864af2aece","local_time":"20180328192418","is_prod":false,"is_daily":false,"is_ascension_mode":true,"campfire_upgraded":0,"timestamp":1522279458,"path_taken":["M","?","?","?","M","E","?","M","T","?","?","M","$","M","R","BOSS","M","M","?","M","?"],"build_version":"2018-03-22v2","purchased_purges":2,"victory":false,"master_deck":["Strike_R","Strike_R","Strike_R","Strike_R","Strike_R","Defend_R","Defend_R","Bash+1","Spot Weakness","Clash","Whirlwind","Inflame","Flex+1","Flex+1","Flex+1"],"max_hp_per_floor":[80,80,80,80,80,80,80,80,80,80,80,80,80,80,80,80,80,80,80,80,80,80],"relics":["Burning Blood","Dream Catcher","Toxic Egg 2","Black Star"],"card_choices":[{"not_picked":["Shrug It Off","Anger"],"picked":"Spot Weakness","floor":1},{"not_picked":["Headbutt","Metallicize"],"picked":"Inflame","floor":14},{"not_picked":["Armaments","Perfected Strike"],"picked":"Flex","floor":15},{"not_picked":["Fire Breathing","Thunderclap"],"picked":"Flex","floor":18},{"not_picked":["Battle Trance","Wild Strike"],"picked":"Flex","floor":19}],"player_experience":205500,"potions_floor_usage":[19,21,22],"damage_taken":[{"damage":14,"enemies":"Jaw Worm","floor":1,"turns":3},{"damage":1,"enemies":"2 Louse","floor":5,"turns":2},{"damage":32,"enemies":"Gremlin Nob","floor":6,"turns":4},{"damage":1,"enemies":"Small Slimes","floor":8,"turns":3},{"damage":6,"enemies":"Exordium Thugs","floor":10,"turns":4},{"damage":34,"enemies":"3 Louse","floor":12,"turns":4},{"damage":6,"enemies":"Looter","floor":14,"turns":2},{"damage":46,"enemies":"The Guardian","floor":16,"turns":7},{"damage":33,"enemies":"2 Thieves","floor":18,"turns":3},{"damage":33,"enemies":"Shell Parasite","floor":19,"turns":4},{"damage":33,"enemies":"Cultist and Chosen","floor":21,"turns":5},{"damage":18,"enemies":"Snake Plant","floor":22,"turns":1}],"event_choices":[{"event_name":"World of Goop","player_choice":"Gather Gold","floor":2,"damage_taken":0},{"event_name":"Liars Game","player_choice":"disagreed","floor":4,"damage_taken":0},{"event_name":"Accursed Blacksmith","player_choice":"Forge","floor":7,"damage_taken":0},{"event_name":"Wheel of Change","player_choice":"Full Heal","floor":11,"damage_taken":0},{"event_name":"The Library","player_choice":"Heal","floor":20,"damage_taken":0}],"boss_relics":[{"not_picked":["Runic Cube","Velvet Choker"],"picked":"Black Star"}],"potions_floor_spawned":[5,8,16,18,21],"seed_played":"6686551994889459722","killed_by":"Snake Plant","ascension_level":9,"is_trial":false}