{"path_per_floor":["M","?","M","$","?","R","?","R","T","M","R","M","M","T","R","B",null,"M","?","M","M","?"],"character_chosen":"IRONCLAD","items_purchased":["Limit Break"],"gold_per_floor":[115,290,307,87,87,87,87,87,168,189,189,210,230,530,530,656,656,675,675,696,711,711,711],"floor_reached":23,"campfire_rested":1,"playtime":521,"current_hp_per_floor":[69,69,61,61,61,61,61,61,61,67,67,50,47,47,69,43,66,71,51,38,19,19,0],"items_purged":["Doubt"],"gold":711,"score":270,"play_id":"f7bf9035-4b9c-4b9f-8dd9-019f5d9f0083","local_time":"20180327122349","is_prod":false,"is_daily":false,"is_ascension_mode":true,"campfire_upgraded":3,"timestamp":1522167829,"path_taken":["M","?","?","$","?","R","?","R","T","M","R","M","M","?","R","BOSS","M","?","?","M","?","E"],"build_version":"2018-03-22v2","purchased_purges":1,"victory":false,"master_deck":["Defend_R","Defend_R","Defend_R","Bash","Flex+1","Limit Break+1","Flex+1","Clash","Flex","Bite","Bite","Bite","Bite","Bite","Battle Trance"],"max_hp_per_floor":[80,80,80,80,80,80,74,74,74,74,74,74,74,74,74,74,74,74,51,51,51,51,51],"relics":["Burning Blood","Golden Idol","Tiny Chest","Old Coin","Sozu"],"card_choices":[{"not_picked":["Clothesline","Inflame"],"picked":"Flex","floor":1},{"not_picked":["Ghostly Armor","Blood for Blood"],"picked":"Flex","floor":10},{"not_picked":["Wild Strike","Barricade"],"picked":"Clash","floor":12},{"not_picked":["Flame Barrier","Disarm"],"picked":"Flex","floor":18},{"not_picked":["Pommel Strike","Havoc"],"picked":"Battle Trance","floor":21}],"player_experience":201746,"potions_floor_usage":[13,16,20,23],"damage_taken":[{"damage":9,"enemies":"2 Louse","floor":1,"turns":2},{"damage":14,"enemies":"Jaw Worm","floor":3,"turns":3},{"damage":0,"enemies":"Cultist","floor":10,"turns":3},{"damage":23,"enemies":"Exordium Thugs","floor":12,"turns":3},{"damage":12,"enemies":"Exordium Wildlife","floor":13,"turns":3},{"damage":32,"enemies":"Hexaghost","floor":16,"turns":7},{"damage":1,"enemies":"Spheric Guardian","floor":18,"turns":3},{"damage":29,"enemies":"2 Thieves","floor":20,"turns":4},{"damage":33,"enemies":"Snake Plant","floor":21,"turns":3},{"damage":32,"enemies":"Gremlin Leader","floor":23,"turns":4}],"event_choices":[{"event_name":"Liars Game","player_choice":"agreed","floor":2,"damage_taken":0},{"event_name":"Living Wall","player_choice":"Forget","floor":5,"damage_taken":0},{"event_name":"Golden Idol","player_choice":"Lose Max HP","floor":7,"damage_taken":0},{"event_name":"Vampires","player_choice":"Became a vampire","floor":19,"damage_taken":0},{"event_name":"Cursed Tome","player_choice":"Ignored","floor":22,"damage_taken":0}],"boss_relics":[{"not_picked":["White Beast Statue","Snecko Eye"],"picked":"Sozu"}],"potions_floor_spawned":[3,10,16,18],"seed_played":"-7610179450550639554","killed_by":"Gremlin Leader","ascension_level":7,"is_trial":false}