{"path_per_floor":["M","M","M","M","?","R","?","R","T","M","T","M","?","M","R","B",null,"M","M","M","M","M","R","E","?","T","M","M","?","$","M","R","B",null,"M","M","M","?","M","E","R","M","T","M","M","$","M","?","R","B"],"character_chosen":"IRONCLAD","items_purchased":["Strange Spoon","Shrug It Off","Metallicize","Rampage","Blind"],"gold_per_floor":[110,127,140,155,155,155,155,155,180,192,238,251,251,267,267,368,368,385,398,414,429,449,449,476,476,476,492,512,437,37,50,50,153,153,170,184,198,198,211,239,239,250,250,260,276,5,21,21,21,21],"floor_reached":51,"campfire_rested":2,"playtime":5451,"current_hp_per_floor":[78,80,80,80,80,80,80,80,80,80,87,87,87,86,86,67,87,86,78,71,75,84,84,71,71,71,79,73,73,73,77,77,78,114,114,110,100,100,67,22,72,56,56,37,14,14,22,22,77,45],"items_purged":["Strike_R","Regret"],"gold":21,"play_id":"93a04685-261e-4c02-be30-1086a4bbf92d","is_prod":false,"is_daily":false,"is_ascension_mode":false,"campfire_upgraded":5,"path_taken":["M","M","M","M","?","R","?","R","T","M","?","?","?","M","R","BOSS","M","M","M","?","M","R","E","?","T","M","M","?","$","M","R","BOSS","M","M","M","?","M","E","R","M","T","M","M","$","M","?","R","BOSS"],"build_version":"2018-02-01-PROD3","purchased_purges":2,"victory":true,"master_deck":["Strike_R","Strike_R","Strike_R","Defend_R","Defend_R+1","Defend_R+1","Bash","Pommel Strike+1","Infernal Blade+1","Inflame","Pommel Strike+1","Perfected Strike","Heavy Blade+1","Seeing Red+1","Feed","Warcry+1","Shrug It Off+1","Warcry+1","Infernal Blade+1","Limit Break+1","Clothesline","Clash+1","Shrug It Off","Metallicize","Twin Strike+1","Feed","Shrug It Off+1","Perfected Strike+1","Iron Wave+1","Shrug It Off","Spot Weakness+1","Perfected Strike+1","Rampage","Blind"],"max_hp_per_floor":[80,80,80,80,80,80,80,80,80,80,87,87,87,87,87,87,87,90,93,96,99,102,102,105,105,105,105,108,108,108,111,111,114,114,117,117,123,123,126,136,136,139,139,139,145,145,145,145,145,145],"relics":["Burning Blood","Blood Vial","War Paint","Strawberry","Cursed Key","Sundial","Ginger","Strange Spoon","Eternal Feather","Pear","Gambling Chip"],"card_choices":[{"not_picked":["Intimidate","Flex"],"picked":"Pommel Strike"},{"not_picked":["Armaments","Reckless Charge"],"picked":"Infernal Blade"},{"not_picked":["Perfected Strike","Dual Wield"],"picked":"Inflame"},{"not_picked":["Thunderclap","Perfected Strike"],"picked":"Pommel Strike"},{"not_picked":["Pommel Strike","Headbutt"],"picked":"Perfected Strike"},{"not_picked":["Brutality","Hemokinesis"],"picked":"Heavy Blade"},{"not_picked":["Body Slam","Thunderclap"],"picked":"Seeing Red"},{"not_picked":["Bludgeon","Impervious"],"picked":"Feed"},{"not_picked":["True Grit","Power Through"],"picked":"Warcry"},{"not_picked":["Armaments","Body Slam"],"picked":"Shrug It Off"},{"not_picked":["Dual Wield","Anger"],"picked":"Warcry"},{"not_picked":["Perfected Strike","Second Wind"],"picked":"Infernal Blade"},{"not_picked":["Hemokinesis","Bludgeon"],"picked":"Clothesline"},{"not_picked":["Warcry","Infernal Blade"],"picked":"Clash"},{"not_picked":["Sword Boomerang","Cleave"],"picked":"Twin Strike"},{"not_picked":["Fiend Fire","Juggernaut"],"picked":"Feed"},{"not_picked":["Sword Boomerang","Clash"],"picked":"Shrug It Off"},{"not_picked":["Searing Blow","Body Slam"],"picked":"Perfected Strike"},{"not_picked":["Anger","Clothesline"],"picked":"Iron Wave"},{"not_picked":["Cleave","Iron Wave"],"picked":"Shrug It Off"},{"not_picked":["Infernal Blade","Reaper"],"picked":"Spot Weakness"},{"not_picked":["Twin Strike","Flex"],"picked":"Perfected Strike"}],"player_experience":34018,"potions_floor_usage":[16,31,31,33,40,40,50,50],"damage_taken":[{"damage":8,"enemies":"Blue Slaver","floor":1,"turns":5},{"damage":5,"enemies":"Jaw Worm","floor":2,"turns":4},{"damage":0,"enemies":"Cultist","floor":3,"turns":2},{"damage":1,"enemies":"2 Fungi Beasts","floor":4,"turns":3},{"damage":2,"enemies":"Looter","floor":10,"turns":2},{"damage":3,"enemies":"Exordium Wildlife","floor":12,"turns":4},{"damage":7,"enemies":"3 Louse","floor":14,"turns":2},{"damage":26,"enemies":"Slime Boss","floor":16,"turns":8},{"damage":10,"enemies":"Chosen","floor":18,"turns":4},{"damage":19,"enemies":"Shell Parasite","floor":19,"turns":5},{"damage":18,"enemies":"Snecko","floor":20,"turns":5},{"damage":7,"enemies":"Centurion and Healer","floor":21,"turns":4},{"damage":2,"enemies":"3 Cultists","floor":22,"turns":6},{"damage":24,"enemies":"Gremlin Leader","floor":24,"turns":8},{"damage":0,"enemies":"Snecko","floor":27,"turns":3},{"damage":17,"enemies":"Chosen and Byrds","floor":28,"turns":6},{"damage":7,"enemies":"Cultist and Chosen","floor":31,"turns":4},{"damage":10,"enemies":"Champ","floor":33,"turns":7},{"damage":9,"enemies":"3 Shapes","floor":35,"turns":4},{"damage":12,"enemies":"Orb Walker","floor":36,"turns":3},{"damage":24,"enemies":"Sphere and 2 Shapes","floor":37,"turns":5},{"damage":44,"enemies":"4 Shapes","floor":39,"turns":6},{"damage":63,"enemies":"Giant Head","floor":40,"turns":9},{"damage":27,"enemies":"Maw","floor":42,"turns":8},{"damage":35,"enemies":"Sphere and 2 Shapes","floor":44,"turns":6},{"damage":37,"enemies":"4 Shapes","floor":45,"turns":12},{"damage":8,"enemies":"3 Darklings","floor":47,"turns":5},{"damage":40,"enemies":"Time Eater","floor":50,"turns":9}],"event_choices":[{"event_name":"Upgrade Shrine","player_choice":"Upgraded","floor":5,"damage_taken":0},{"event_name":"Wheel of Change","player_choice":"Card Removal","floor":7,"damage_taken":0},{"event_name":"Living Wall","player_choice":"Forget","floor":13,"damage_taken":0},{"event_name":"The Library","player_choice":"Read","floor":25,"damage_taken":0},{"event_name":"Beggar","player_choice":"Gave Gold","floor":29,"damage_taken":0},{"event_name":"The Lab","player_choice":"Got Potions","floor":38,"damage_taken":0},{"event_name":"Mysterious Sphere","player_choice":"Ignore","floor":48,"damage_taken":0}],"boss_relics":[{"not_picked":["Orrery","Calling Bell"],"picked":"Cursed Key"},{"not_picked":["Runic Dome","Runic Cube"],"picked":"Eternal Feather"}],"potions_floor_spawned":[1,3,14,16,19,22,24,27,33,35,37,45],"seed_played":"1709240777426687306","ascension_level":0,"is_trial":false}