{"gold_per_floor":[119,129,129,160,185,197,159,171,259,271,303,327,339,383,395,511,523,547,559],"floor_reached":19,"playtime":819,"items_purged":[],"score":220,"play_id":"32244da5-2b1a-4321-9aa4-602333785eb5","local_time":"20180913140726","is_ascension_mode":true,"campfire_choices":[{"data":"Armaments","floor":6,"key":"SMITH"},{"data":"Bash","floor":8,"key":"SMITH"},{"data":"Spot Weakness","floor":15,"key":"SMITH"}],"neow_cost":"TEN_PERCENT_HP_LOSS","seed_source_timestamp":84110563308178,"circlet_count":0,"master_deck":["Strike_R","Strike_R","Strike_R","Strike_R","Strike_R","Defend_R","Defend_R","Defend_R","Defend_R","Bash+1","Feed","Pommel Strike","Armaments+1","Pain","Spot Weakness+1","Dropkick","Twin Strike","Barricade"],"relics":["Burning Blood","MawBank","Gremlin Horn","WarpedTongs","Self Forming Clay","Bag of Preparation","Black Star"],"potions_floor_usage":[19,19],"damage_taken":[{"damage":7,"enemies":"Small Slimes","floor":1,"turns":4},{"damage":8,"enemies":"Jaw Worm","floor":2,"turns":6},{"damage":7,"enemies":"2 Louse","floor":4,"turns":3},{"damage":14,"enemies":"Blue Slaver","floor":5,"turns":4},{"damage":9,"enemies":"Red Slaver","floor":11,"turns":4},{"damage":9,"enemies":"Looter","floor":12,"turns":3},{"damage":13,"enemies":"Gremlin Nob","floor":14,"turns":4},{"damage":12,"enemies":"The Guardian","floor":16,"turns":10},{"damage":34,"enemies":"2 Thieves","floor":18,"turns":4},{"damage":24,"enemies":"Colosseum Slavers","floor":19,"turns":5},{"damage":38,"enemies":"Colosseum Nobs","floor":19,"turns":5}],"seed_played":"5479473203584023313","potions_obtained":[{"floor":2,"key":"Strength Potion"},{"floor":5,"key":"SpeedPotion"},{"floor":11,"key":"GamblersBrew"}],"is_trial":false,"path_per_floor":["M","M","?","M","M","R","?","R","T","?","M","M","T","E","R","B",null,"M"],"character_chosen":"IRONCLAD","items_purchased":[],"campfire_rested":0,"item_purchase_floors":[],"current_hp_per_floor":[74,75,75,77,72,72,72,72,72,72,73,73,73,66,66,60,83,55,0],"gold":559,"neow_bonus":"THREE_RARE_CARDS","is_prod":false,"is_daily":false,"chose_seed":false,"campfire_upgraded":3,"win_rate":0,"timestamp":1536844046,"path_taken":["M","M","?","M","M","R","?","R","T","?","M","?","?","E","R","BOSS","M","?"],"build_version":"2018-09-06","purchased_purges":0,"victory":false,"max_hp_per_floor":[75,78,78,81,84,84,84,84,84,84,88,91,91,91,91,91,91,91,91],"card_choices":[{"not_picked":["Immolate","Barricade"],"picked":"Feed","floor":0},{"not_picked":["Blood for Blood","Anger"],"picked":"Pommel Strike","floor":1},{"not_picked":["Clothesline","Pummel","Thunderclap"],"picked":"SKIP","floor":2},{"not_picked":["Carnage","Body Slam"],"picked":"Armaments","floor":4},{"not_picked":["Cleave","Sentinel","Perfected Strike"],"picked":"SKIP","floor":5},{"not_picked":["Anger","Fire Breathing"],"picked":"Spot Weakness","floor":11},{"not_picked":["Limit Break","Heavy Blade"],"picked":"Dropkick","floor":12},{"not_picked":["Dual Wield","Power Through"],"picked":"Twin Strike","floor":14},{"not_picked":["Immolate","Dark Embrace"],"picked":"Barricade","floor":16},{"not_picked":["Dual Wield","Cleave","True Grit"],"picked":"SKIP","floor":18}],"player_experience":357967,"relics_obtained":[{"floor":9,"key":"Gremlin Horn"},{"floor":13,"key":"Self Forming Clay"},{"floor":14,"key":"Bag of Preparation"}],"event_choices":[{"event_name":"Big Fish","player_choice":"Box","floor":3,"damage_taken":0},{"event_name":"The Cleric","player_choice":"Card Removal","floor":7,"damage_taken":0},{"event_name":"Accursed Blacksmith","player_choice":"Rummage","floor":10,"damage_taken":0},{"event_name":"Colosseum","player_choice":"Fight","floor":19,"damage_taken":0},{"event_name":"Colosseum","player_choice":"Fought Nobs","floor":19,"damage_taken":0}],"is_beta":false,"boss_relics":[{"not_picked":["Philosopher\u0027s Stone","Tiny House"],"picked":"Black Star"}],"items_purged_floors":[],"is_endless":false,"potions_floor_spawned":[2,5,11,12],"killed_by":"Colosseum Nobs","ascension_level":6}