{"gold_per_floor":[214,10,10,185,185,185,185,185,209,226,251,264,283,299,299,299],"floor_reached":16,"playtime":493,"items_purged":[],"score":150,"play_id":"21daf1a2-6c84-487d-b28e-eeb66f5c00f7","local_time":"20181005125407","is_ascension_mode":true,"campfire_choices":[{"data":"Capacitor","floor":6,"key":"SMITH"},{"data":"Self Repair","floor":8,"key":"SMITH"},{"data":"Fusion","floor":15,"key":"SMITH"}],"neow_cost":"NONE","seed_source_timestamp":252797093791502,"circlet_count":0,"master_deck":["Strike_B","Strike_B","Strike_B","Strike_B","Defend_B","Defend_B","Defend_B","Defend_B","Zap","Dualcast","AscendersBane","Self Repair+1","Capacitor+1","Auto Shields","Ball Lightning","Doubt","Redo","Go for the Eyes","Fusion+1","Steam"],"relics":["Cracked Core","Mercury Hourglass","Dream Catcher","Bronze Scales","Bag of Preparation"],"potions_floor_usage":[],"damage_taken":[{"damage":1,"enemies":"Cultist","floor":1,"turns":3},{"damage":8,"enemies":"2 Louse","floor":10,"turns":2},{"damage":19,"enemies":"3 Sentries","floor":11,"turns":5},{"damage":8,"enemies":"Jaw Worm","floor":12,"turns":3},{"damage":0,"enemies":"3 Louse","floor":13,"turns":2},{"damage":22,"enemies":"Exordium Thugs","floor":14,"turns":4},{"damage":51,"enemies":"Slime Boss","floor":16,"turns":6}],"seed_played":"5181465608979476042","potions_obtained":[{"floor":1,"key":"Fire Potion"},{"floor":11,"key":"Strength Potion"},{"floor":12,"key":"SteroidPotion"}],"is_trial":false,"path_per_floor":["M","$","?","?","?","R","T","R","T","M","E","M","M","M","R"],"character_chosen":"DEFECT","items_purchased":["Capacitor","Auto Shields","Ball Lightning"],"campfire_rested":0,"item_purchase_floors":[2,2,2],"current_hp_per_floor":[67,67,67,67,67,67,67,67,67,69,50,52,52,40,40,0],"gold":299,"neow_bonus":"HUNDRED_GOLD","is_prod":false,"is_daily":false,"chose_seed":false,"campfire_upgraded":3,"win_rate":0,"timestamp":1538740447,"path_taken":["M","$","?","?","?","R","?","R","T","?","E","M","M","?","R","BOSS"],"build_version":"2018-10-04","purchased_purges":0,"victory":false,"max_hp_per_floor":[75,75,75,75,75,75,75,75,75,75,75,75,75,75,75,75],"card_choices":[{"not_picked":["Scrape","Barrage"],"picked":"Self Repair","floor":1},{"not_picked":["Aggregate","Rebound"],"picked":"Redo","floor":10},{"not_picked":["Barrage","Stack","Hologram"],"picked":"SKIP","floor":11},{"not_picked":["Aggregate","Reinforced Body"],"picked":"Go for the Eyes","floor":12},{"not_picked":["Sweeping Beam","Blizzard"],"picked":"Fusion","floor":13},{"not_picked":["Steam Power","Rebound"],"picked":"Steam","floor":14}],"player_experience":451580,"relics_obtained":[{"floor":7,"key":"Dream Catcher"},{"floor":9,"key":"Bronze Scales"},{"floor":11,"key":"Bag of Preparation"}],"event_choices":[{"event_name":"The Cleric","player_choice":"Leave","floor":3,"damage_taken":0},{"event_name":"Liars Game","player_choice":"agreed","floor":4,"damage_taken":0},{"event_name":"WeMeetAgain","player_choice":"Potion","floor":5,"damage_taken":0}],"is_beta":false,"boss_relics":[],"items_purged_floors":[],"is_endless":false,"potions_floor_spawned":[1,11,12],"killed_by":"Slime Boss","ascension_level":10}