{"gold_per_floor":[19,39,39,54,72,72,87,119,200,217,392,409,436,448,448,448],"floor_reached":16,"playtime":682,"items_purged":[],"score":154,"play_id":"0af546f0-a51d-4cba-8f5c-4f3dd3e0fdf1","local_time":"20180929014819","is_ascension_mode":true,"campfire_choices":[{"data":"Buffer","floor":6,"key":"SMITH"},{"floor":15,"key":"REST"}],"neow_cost":"NO_GOLD","seed_source_timestamp":354024565280908,"circlet_count":0,"master_deck":["Strike_B","Strike_B","Strike_B","Strike_B","Defend_B","Defend_B","Defend_B","Defend_B","Zap","Dualcast","Go for the Eyes+1","Chill","Buffer+1","Steam","BootSequence","Echo Form","Defragment","Doubt","Multi-Cast+1","Coolheaded+1"],"relics":["Cracked Core","Torii","Centennial Puzzle","Toxic Egg 2","PreservedInsect"],"potions_floor_usage":[16,16],"damage_taken":[{"damage":1,"enemies":"Cultist","floor":1,"turns":4},{"damage":6,"enemies":"2 Louse","floor":2,"turns":2},{"damage":0,"enemies":"Small Slimes","floor":4,"turns":3},{"damage":0,"enemies":"Exordium Wildlife","floor":5,"turns":3},{"damage":1,"enemies":"Blue Slaver","floor":7,"turns":4},{"damage":26,"enemies":"Gremlin Nob","floor":8,"turns":7},{"damage":0,"enemies":"2 Fungi Beasts","floor":10,"turns":3},{"damage":1,"enemies":"Red Slaver","floor":12,"turns":3},{"damage":0,"enemies":"Blue Slaver","floor":14,"turns":4},{"damage":58,"enemies":"Hexaghost","floor":16,"turns":16}],"seed_played":"9213075062892279389","potions_obtained":[{"floor":7,"key":"Poison Potion"},{"floor":8,"key":"SkillPotion"},{"floor":10,"key":"FearPotion"}],"is_trial":false,"path_per_floor":["M","M","?","M","M","R","M","E","T","M","?","M","T","M","R"],"character_chosen":"DEFECT","items_purchased":[],"campfire_rested":1,"item_purchase_floors":[],"current_hp_per_floor":[67,61,61,61,61,61,60,34,34,34,34,33,33,33,55,0],"gold":448,"neow_bonus":"ONE_RARE_RELIC","is_prod":false,"is_daily":false,"chose_seed":false,"campfire_upgraded":1,"win_rate":0,"timestamp":1538182099,"path_taken":["M","?","?","M","M","R","M","E","T","M","?","M","?","M","R","BOSS"],"build_version":"2018-09-27","purchased_purges":0,"victory":false,"max_hp_per_floor":[75,75,75,75,75,75,75,75,75,75,75,75,75,75,75,75],"card_choices":[{"not_picked":["Leap","Barrage"],"picked":"Go for the Eyes","floor":1},{"not_picked":["Beam Cell","Steam Power"],"picked":"Chill","floor":2},{"not_picked":["Compile Driver","Go for the Eyes"],"picked":"Buffer","floor":4},{"not_picked":["Hologram","Compile Driver"],"picked":"Steam","floor":5},{"not_picked":["Steam","Recycle"],"picked":"BootSequence","floor":7},{"not_picked":["Go for the Eyes","Stack"],"picked":"Echo Form","floor":8},{"not_picked":["Hologram+1","Go for the Eyes"],"picked":"Defragment","floor":10},{"not_picked":["Hologram+1","Lockon"],"picked":"Multi-Cast+1","floor":12},{"not_picked":["Steam+1","Sweeping Beam"],"picked":"Coolheaded+1","floor":14}],"player_experience":429994,"relics_obtained":[{"floor":8,"key":"Centennial Puzzle"},{"floor":9,"key":"Toxic Egg 2"},{"floor":13,"key":"PreservedInsect"}],"event_choices":[{"event_name":"Living Wall","player_choice":"Grow","floor":3,"damage_taken":0},{"event_name":"Liars Game","player_choice":"agreed","floor":11,"damage_taken":0}],"is_beta":false,"boss_relics":[],"items_purged_floors":[],"is_endless":false,"potions_floor_spawned":[7,8,10],"killed_by":"Hexaghost","ascension_level":9}