{"gold_per_floor":[109,125,125,125,144,144,159,159,205,218,218,230,242,274,274,375,375,394,408,408,408,408,408],"floor_reached":23,"playtime":1154,"items_purged":[],"score":193,"play_id":"a98946f1-73c0-4dc3-85bd-5bf53203ef79","local_time":"20181003220447","is_ascension_mode":false,"campfire_choices":[{"data":"Conserve Battery","floor":6,"key":"SMITH"},{"data":"Conserve Battery","floor":8,"key":"SMITH"},{"floor":15,"key":"REST"}],"neow_cost":"TEN_PERCENT_HP_LOSS","seed_source_timestamp":2090015685789,"circlet_count":0,"master_deck":["Strike_B","Defend_B","Defend_B","Defend_B","Defend_B","Zap+1","Dualcast+1","Conserve Battery+1","Conserve Battery+1","Gash","Skim","Buffer","Sweeping Beam","White Noise+1"],"relics":["Cracked Core","Strawberry","Smiling Mask","Girya","Nuclear Battery"],"potions_floor_usage":[13,14,18,23,23],"damage_taken":[{"damage":10,"enemies":"Small Slimes","floor":1,"turns":3},{"damage":0,"enemies":"Cultist","floor":2,"turns":3},{"damage":0,"enemies":"2 Louse","floor":5,"turns":3},{"damage":0,"enemies":"Large Slime","floor":7,"turns":7},{"damage":0,"enemies":"Looter","floor":10,"turns":4},{"damage":3,"enemies":"Red Slaver","floor":12,"turns":4},{"damage":2,"enemies":"Lots of Slimes","floor":13,"turns":6},{"damage":33,"enemies":"Lagavulin","floor":14,"turns":8},{"damage":30,"enemies":"The Guardian","floor":16,"turns":15},{"damage":26,"enemies":"Chosen","floor":18,"turns":8},{"damage":27,"enemies":"Shell Parasite","floor":19,"turns":14},{"damage":28,"enemies":"Book of Stabbing","floor":23,"turns":6}],"seed_played":"-6715005998619067213","potions_obtained":[{"floor":2,"key":"Block Potion"},{"floor":7,"key":"GamblersBrew"},{"floor":13,"key":"Fruit Juice"},{"floor":16,"key":"Ancient Potion"},{"floor":18,"key":"AttackPotion"},{"floor":19,"key":"SkillPotion"}],"is_trial":false,"path_per_floor":["M","M","?","?","M","R","M","R","T","M","?","M","M","E","R","B",null,"M","M","?","?","?"],"character_chosen":"DEFECT","items_purchased":[],"campfire_rested":1,"item_purchase_floors":[],"current_hp_per_floor":[58,58,58,51,51,51,51,51,58,58,58,55,53,25,49,19,80,54,27,27,27,27,0],"gold":408,"neow_bonus":"REMOVE_TWO","is_prod":false,"is_daily":false,"chose_seed":false,"campfire_upgraded":2,"win_rate":0,"timestamp":1538615087,"path_taken":["M","M","?","?","M","R","M","R","T","?","?","M","M","E","R","BOSS","M","M","?","?","?","E"],"build_version":"2018-09-27","purchased_purges":0,"victory":false,"max_hp_per_floor":[68,68,68,68,68,68,68,68,75,75,75,75,75,80,80,80,80,80,80,80,80,80,80],"card_choices":[{"not_picked":["Cold Snap","Sweeping Beam"],"picked":"Conserve Battery","floor":1},{"not_picked":["Cold Snap","Streamline"],"picked":"Conserve Battery","floor":2},{"not_picked":["Stack","Turbo","All For One"],"picked":"SKIP","floor":5},{"not_picked":["Static Discharge","Compile Driver","Hello World"],"picked":"SKIP","floor":7},{"not_picked":["Consume","Conserve Battery"],"picked":"Gash","floor":10},{"not_picked":["Go for the Eyes","Auto Shields","Rebound"],"picked":"SKIP","floor":12},{"not_picked":["Cold Snap","Turbo","Barrage"],"picked":"SKIP","floor":13},{"not_picked":["Force Field","Ball Lightning"],"picked":"Skim","floor":14},{"not_picked":["Echo Form","Rainbow"],"picked":"Buffer","floor":16},{"not_picked":["Chaos","Hologram"],"picked":"Sweeping Beam","floor":18},{"not_picked":["Aggregate","Rebound"],"picked":"White Noise+1","floor":19}],"player_experience":179046,"relics_obtained":[{"floor":9,"key":"Strawberry"},{"floor":14,"key":"Girya"}],"event_choices":[{"event_name":"Upgrade Shrine","player_choice":"Upgraded","floor":3,"damage_taken":0},{"event_name":"Golden Wing","player_choice":"Card Removal","floor":4,"damage_taken":0},{"event_name":"Big Fish","player_choice":"Box","floor":11,"damage_taken":0},{"event_name":"Fountain of Cleansing","player_choice":"Removed Curse","floor":20,"damage_taken":0},{"event_name":"Upgrade Shrine","player_choice":"Upgraded","floor":21,"damage_taken":0},{"event_name":"Ghosts","player_choice":"Ignored","floor":22,"damage_taken":0}],"is_beta":false,"boss_relics":[{"not_picked":["Sozu","Snecko Eye"],"picked":"Nuclear Battery"}],"items_purged_floors":[],"is_endless":false,"potions_floor_spawned":[2,7,13,16,18,19],"killed_by":"Book of Stabbing","ascension_level":0}