{"gold_per_floor":[109,109,127,146,26,26,53,53,53,53,53,88,88,122,122,199,199,218,228,241,1,21,21,21],"floor_reached":24,"playtime":1735,"items_purged":["Strike_R","Strike_R"],"score":428,"play_id":"2d36a6ff-fdbb-4d20-9b98-3ac0fa068bf1","local_time":"20190325001910","is_ascension_mode":true,"campfire_choices":[{"data":"Whirlwind","floor":6.0,"key":"SMITH"},{"data":"Corruption","floor":8.0,"key":"SMITH"},{"data":"Clothesline","floor":11.0,"key":"SMITH"},{"floor":13.0,"key":"REST"},{"data":"Dropkick","floor":15.0,"key":"SMITH"},{"data":"Demon Form","floor":23,"key":"SMITH"}],"neow_cost":"NONE","seed_source_timestamp":0,"circlet_count":0,"master_deck":["AscendersBane","Strike_R","Strike_R+1","Defend_R","Defend_R+1","Defend_R","Defend_R","Bash+1","Clothesline+1","Whirlwind+1","Power Through+1","Dropkick+1","Corruption+1","Ghostly Armor","Demon Form+1","Burning Pact+1","Heavy Blade","Battle Trance","Sentinel","Sentinel"],"special_seed":0,"relics":["Burning Blood","Pocketwatch","Incense Burner","War Paint","Eternal Feather"],"potions_floor_usage":[24,24],"damage_taken":[{"damage":10.0,"enemies":"Small Slimes","floor":1.0,"turns":3.0},{"damage":2.0,"enemies":"2 Louse","floor":3.0,"turns":5.0},{"damage":6.0,"enemies":"Jaw Worm","floor":4.0,"turns":4.0},{"damage":13.0,"enemies":"Lagavulin","floor":7.0,"turns":7.0},{"damage":15.0,"enemies":"3 Sentries","floor":12.0,"turns":5.0},{"damage":4.0,"enemies":"Gremlin Nob","floor":14.0,"turns":3.0},{"damage":34.0,"enemies":"The Guardian","floor":16.0,"turns":13.0},{"damage":11,"enemies":"Shell Parasite","floor":18,"turns":6},{"damage":4,"enemies":"Chosen","floor":19,"turns":6},{"damage":6,"enemies":"Snecko","floor":20,"turns":4},{"damage":11,"enemies":"Sentry and Sphere","floor":22,"turns":5},{"damage":71,"enemies":"Slavers","floor":24,"turns":6}],"seed_played":"7381373956933113249","potions_obtained":[{"floor":3.0,"key":"EssenceOfSteel"},{"floor":12.0,"key":"SkillPotion"},{"floor":18,"key":"SpeedPotion"}],"is_trial":false,"path_per_floor":["M","?","M","M","$","R","E","R","T","?","R","E","R","E","R","B",null,"M","M","M","$","M","R","E"],"character_chosen":"IRONCLAD","items_purchased":["Dropkick","Sentinel","Weak Potion"],"campfire_rested":1,"item_purchase_floors":[5,21,21],"current_hp_per_floor":[64,41,45,45,45,45,38,38,38,38,38,29,51,53,53,25,63,58,60,60,60,55,67,0],"gold":21,"neow_bonus":"REMOVE_CARD","is_prod":false,"is_daily":false,"chose_seed":false,"campfire_upgraded":5,"win_rate":0,"timestamp":1553465950,"path_taken":["M","?","M","M","$","R","E","R","T","?","R","E","R","E","R","BOSS","M","M","M","$","M","R","E"],"build_version":"2019-01-23","purchased_purges":2,"victory":false,"max_hp_per_floor":[75,75,75,75,75,75,75,75,75,75,75,75,75,75,75,75,75,75,75,75,75,75,75,75],"card_choices":[{"not_picked":["Anger","Body Slam"],"picked":"Clothesline","floor":1.0},{"not_picked":["Uppercut","Cleave"],"picked":"Whirlwind","floor":3.0},{"not_picked":["Evolve","Bloodletting"],"picked":"Power Through","floor":4.0},{"not_picked":["Body Slam","Heavy Blade"],"picked":"Corruption","floor":7.0},{"not_picked":["Rampage","Twin Strike"],"picked":"Ghostly Armor","floor":12.0},{"not_picked":["Reckless Charge","Power Through","Blood for Blood"],"picked":"SKIP","floor":14.0},{"not_picked":["Impervious","Fiend Fire"],"picked":"Demon Form","floor":16.0},{"not_picked":["Sentinel","Pommel Strike"],"picked":"Burning Pact+1","floor":18},{"not_picked":["Wild Strike","Perfected Strike+1"],"picked":"Heavy Blade","floor":19},{"not_picked":["Sever Soul","Armaments"],"picked":"Battle Trance","floor":20},{"not_picked":["Seeing Red","Dual Wield+1"],"picked":"Sentinel","floor":22}],"player_experience":1599502,"relics_obtained":[{"floor":7.0,"key":"Pocketwatch"},{"floor":12.0,"key":"Incense Burner"},{"floor":14.0,"key":"War Paint"}],"event_choices":[{"damage_healed":0.0,"max_hp_gain":0.0,"max_hp_loss":0.0,"gold_gain":0.0,"event_name":"Shining Light","player_choice":"Entered Light","floor":2.0,"gold_loss":0.0,"damage_taken":23.0,"cards_upgraded":["Strike_R","Bash"]},{"damage_healed":0.0,"max_hp_gain":0.0,"max_hp_loss":0.0,"gold_gain":0.0,"event_name":"Dead Adventurer","player_choice":"Searched \u00270\u0027 times","floor":10.0,"gold_loss":0.0,"damage_taken":0.0}],"is_beta":false,"boss_relics":[{"not_picked":["Runic Pyramid","Runic Dome"],"picked":"Eternal Feather"}],"items_purged_floors":[5,21],"is_endless":false,"potions_floor_spawned":[3,12,18],"killed_by":"Slavers","ascension_level":20}