{"gold_per_floor":[119,137,137,58,76,76,94,94,94,94,115,131,131,156,156,286,286,281,76,175,200,115,115,139,139,139,139,157,157,182,201,201,201],"floor_reached":33,"playtime":1472,"items_purged":[],"score":323,"play_id":"4343f860-3696-455d-9966-71a315f74d03","local_time":"20180913183622","is_ascension_mode":true,"campfire_choices":[{"data":"Neutralize","floor":6,"key":"SMITH"},{"floor":13,"key":"REST"},{"floor":15,"key":"REST"},{"data":"Caltrops","floor":23,"key":"SMITH"},{"floor":27,"key":"REST"},{"floor":29,"key":"REST"},{"floor":32,"key":"REST"}],"neow_cost":"","seed_source_timestamp":99595102831804,"circlet_count":0,"master_deck":["Defend_G","Defend_G+1","Defend_G","Defend_G","Defend_G","Strike_G","Strike_G","Strike_G","Strike_G","Survivor","Neutralize+1","Infinite Blades+1","Cloak And Dagger","Blur","Flying Knee","Tools of the Trade","Blur","PiercingWail","Flying Knee","Bullet Time","Caltrops+1","Heel Hook","A Thousand Cuts+1","Backstab+1","Escape Plan"],"relics":["Ring of the Snake","Golden Idol","Orichalcum","Philosopher\u0027s Stone","Toolbox","Molten Egg 2","Turnip","Omamori"],"potions_floor_usage":[7,16,18,31,33],"damage_taken":[{"damage":4,"enemies":"Cultist","floor":1,"turns":5},{"damage":1,"enemies":"Jaw Worm","floor":2,"turns":6},{"damage":12,"enemies":"Small Slimes","floor":5,"turns":3},{"damage":5,"enemies":"Gremlin Gang","floor":7,"turns":5},{"damage":3,"enemies":"3 Louse","floor":11,"turns":4},{"damage":6,"enemies":"Exordium Wildlife","floor":12,"turns":4},{"damage":7,"enemies":"2 Fungi Beasts","floor":14,"turns":5},{"damage":34,"enemies":"The Guardian","floor":16,"turns":17},{"damage":11,"enemies":"2 Thieves","floor":18,"turns":4},{"damage":3,"enemies":"Shell Parasite","floor":21,"turns":8},{"damage":17,"enemies":"Snake Plant","floor":24,"turns":4},{"damage":19,"enemies":"Centurion and Healer","floor":28,"turns":7},{"damage":27,"enemies":"Shelled Parasite and Fungi","floor":31,"turns":5},{"damage":36,"enemies":"Automaton","floor":33,"turns":6}],"seed_played":"633726149514817480","potions_obtained":[{"floor":1,"key":"AttackPotion"},{"floor":12,"key":"Explosive Potion"},{"floor":14,"key":"AttackPotion"},{"floor":21,"key":"Explosive Potion"},{"floor":31,"key":"Block Potion"}],"is_trial":false,"path_per_floor":["M","M","?","$","M","R","M","?","T","?","M","M","R","M","R","B",null,"M","$","?","M","?","R","M","?","T","R","M","R","T","M","R"],"character_chosen":"THE_SILENT","items_purchased":["Blur","Flying Knee","Toolbox"],"campfire_rested":5,"item_purchase_floors":[4,4,19],"current_hp_per_floor":[59,58,58,58,46,46,41,34,34,21,18,12,31,24,43,9,51,40,40,40,37,37,37,20,20,20,39,20,39,39,12,31,0],"gold":201,"neow_bonus":"","is_prod":false,"is_daily":false,"chose_seed":false,"campfire_upgraded":2,"win_rate":0,"timestamp":1536860182,"path_taken":["M","?","?","$","?","R","M","?","T","?","?","?","R","M","R","BOSS","M","$","?","M","?","R","M","?","T","R","M","R","?","M","R","BOSS"],"build_version":"2018-09-06","purchased_purges":0,"victory":false,"max_hp_per_floor":[70,70,65,65,65,65,65,65,65,65,65,65,65,65,65,65,65,65,65,65,65,65,65,65,65,65,65,65,65,65,65,65,65],"card_choices":[{"not_picked":["Backflip","Quick Slash"],"picked":"Infinite Blades","floor":1},{"not_picked":["PiercingWail","Tactician"],"picked":"Cloak And Dagger","floor":2},{"not_picked":["Flying Knee","Underhanded Strike"],"picked":"Tools of the Trade","floor":5},{"not_picked":["Concentrate","Sucker Punch","Deadly Poison"],"picked":"SKIP","floor":7},{"not_picked":["Bane","Poisoned Stab"],"picked":"Blur","floor":11},{"not_picked":["Catalyst","Cloak And Dagger"],"picked":"PiercingWail","floor":12},{"not_picked":["Acrobatics","Dodge and Roll"],"picked":"Flying Knee","floor":14},{"not_picked":["Burst","Night Terror"],"picked":"Bullet Time","floor":16},{"not_picked":["Blade Dance","Bouncing Flask"],"picked":"Caltrops","floor":18},{"not_picked":["Caltrops+1","Underhanded Strike"],"picked":"Heel Hook","floor":21},{"not_picked":["Noxious Fumes","Flying Knee+1"],"picked":"A Thousand Cuts","floor":24},{"not_picked":["Quick Slash+1","Slice+1"],"picked":"Backstab+1","floor":28},{"not_picked":["Deflect","Endless Agony+1"],"picked":"Escape Plan","floor":31}],"player_experience":362672,"relics_obtained":[{"floor":9,"key":"Orichalcum"},{"floor":26,"key":"Turnip"},{"floor":30,"key":"Omamori"}],"event_choices":[{"event_name":"Golden Idol","player_choice":"Lose Max HP","floor":3,"damage_taken":0},{"event_name":"Golden Wing","player_choice":"Card Removal","floor":8,"damage_taken":0},{"event_name":"Shining Light","player_choice":"Entered Light","floor":10,"damage_taken":0},{"event_name":"Nest","player_choice":"Stole From Cult","floor":20,"damage_taken":0},{"event_name":"Addict","player_choice":"Obtained Relic","floor":22,"damage_taken":0},{"event_name":"Accursed Blacksmith","player_choice":"Forge","floor":25,"damage_taken":0}],"is_beta":false,"boss_relics":[{"not_picked":["Calling Bell","Lizard Tail"],"picked":"Philosopher\u0027s Stone"}],"items_purged_floors":[],"is_endless":false,"potions_floor_spawned":[1,12,14,21,31],"killed_by":"Automaton","ascension_level":7}