{"gold_per_floor":[10,25,25,38,38,64,64,26,98,98,111,122,135,14,14,119,169,188,206,206,206,220,252,252,263,286,249,263,6,18,51,51,154,154,170,26,42,62,0,33,33,43,43,43,95,55,66,83,83,83,83,83,3,3,3],"floor_reached":55,"playtime":3544,"items_purged":["Strike_G+1"],"score":1087,"play_id":"0ebc53d8-7569-49dc-b789-c60cfb904f00","local_time":"20190223231625","is_ascension_mode":true,"campfire_choices":[{"data":"Blade Dance","floor":7.0,"key":"SMITH"},{"data":"Infinite Blades","floor":10.0,"key":"SMITH"},{"data":"Blade Dance","floor":15.0,"key":"SMITH"},{"data":"After Image","floor":24.0,"key":"SMITH"},{"data":"Accuracy","floor":32.0,"key":"SMITH"},{"floor":41.0,"key":"REST"},{"floor":44.0,"key":"RECALL"},{"floor":49.0,"key":"REST"},{"data":"Accuracy","floor":52.0,"key":"SMITH"}],"neow_cost":"NO_GOLD","seed_source_timestamp":0,"circlet_count":0,"master_deck":["AscendersBane","Defend_G+1","Defend_G+1","Defend_G+1","Defend_G+1","Defend_G+1","Strike_G+1","Strike_G+1","Strike_G+1","Strike_G+1","Survivor","Neutralize","Slice","Backstab","Blade Dance+1","Escape Plan","Infinite Blades+1","Blade Dance+1","Tools of the Trade","Infinite Blades","Finesse","After Image+1","Backstab","Riddle With Holes","Accuracy+1","Escape Plan","Blade Dance","Backstab","Backflip+1","Accuracy+1","PiercingWail+1","Cloak And Dagger+1","Accuracy+1","Blade Dance+1","Caltrops"],"special_seed":0,"relics":["Ring of the Snake","Du-Vu Doll","Anchor","Happy Flower","Pantograph","Tiny House","Omamori","Bottled Tornado","Turnip","WristBlade","Red Mask","Boot","Sundial","FossilizedHelix"],"potions_floor_usage":[54],"damage_taken":[{"damage":0.0,"enemies":"2 Louse","floor":1.0,"turns":3.0},{"damage":0.0,"enemies":"Jaw Worm","floor":2.0,"turns":4.0},{"damage":0.0,"enemies":"Cultist","floor":4.0,"turns":3.0},{"damage":17.0,"enemies":"3 Sentries","floor":6.0,"turns":9.0},{"damage":1.0,"enemies":"3 Louse","floor":11.0,"turns":3.0},{"damage":0.0,"enemies":"Large Slime","floor":12.0,"turns":5.0},{"damage":0.0,"enemies":"Red Slaver","floor":13.0,"turns":3.0},{"damage":13.0,"enemies":"Hexaghost","floor":16.0,"turns":8.0},{"damage":0.0,"enemies":"Chosen","floor":18.0,"turns":4.0},{"damage":1.0,"enemies":"Spheric Guardian","floor":19.0,"turns":3.0},{"damage":3.0,"enemies":"Snecko","floor":22.0,"turns":5.0},{"damage":2.0,"enemies":"Slavers","floor":23.0,"turns":7.0},{"damage":0.0,"enemies":"Chosen and Byrds","floor":25.0,"turns":4.0},{"damage":3.0,"enemies":"Cultist and Chosen","floor":28.0,"turns":4.0},{"damage":8.0,"enemies":"Centurion and Healer","floor":30.0,"turns":4.0},{"damage":15.0,"enemies":"Book of Stabbing","floor":31.0,"turns":4.0},{"damage":52.0,"enemies":"Automaton","floor":33.0,"turns":9.0},{"damage":1.0,"enemies":"3 Darklings","floor":35.0,"turns":3.0},{"damage":0.0,"enemies":"Orb Walker","floor":37.0,"turns":2.0},{"damage":3.0,"enemies":"Writhing Mass","floor":38.0,"turns":4.0},{"damage":36.0,"enemies":"Giant Head","floor":40.0,"turns":6.0},{"damage":3.0,"enemies":"Sphere and 2 Shapes","floor":42.0,"turns":4.0},{"damage":23.0,"enemies":"2 Orb Walkers","floor":45.0,"turns":4.0},{"damage":0.0,"enemies":"Spire Growth","floor":47.0,"turns":3.0},{"damage":1.0,"enemies":"Writhing Mass","floor":48.0,"turns":5.0},{"damage":48.0,"enemies":"Donu and Deca","floor":50.0,"turns":8.0},{"damage":40,"enemies":"Shield and Spear","floor":54,"turns":3},{"damage":47,"enemies":"The Heart","floor":55,"turns":3}],"seed_played":"-4160195704761594536","potions_obtained":[{"floor":4.0,"key":"SteroidPotion"},{"floor":6.0,"key":"Explosive Potion"},{"floor":11.0,"key":"PowerPotion"},{"floor":16.0,"key":"Swift Potion"},{"floor":17.0,"key":"Dexterity Potion"},{"floor":22.0,"key":"Block Potion"},{"floor":25.0,"key":"SpeedPotion"},{"floor":30.0,"key":"Ancient Potion"},{"floor":31.0,"key":"SteroidPotion"},{"floor":42.0,"key":"PowerPotion"},{"floor":46.0,"key":"SmokeBomb"},{"floor":46.0,"key":"Swift Potion"},{"floor":46.0,"key":"Fire Potion"},{"floor":48.0,"key":"Swift Potion"}],"is_trial":false,"path_per_floor":["M","M","?","M","?","E","R","$","T","R","M","M","M","$","R","B",null,"M","M","?","?","M","E","R","M","T","$","M","$","M","E","R","B",null,"M","$","M","M","?","E","R","M","T","R","?","?","M","M","R","B",null,"R","$","E","B"],"character_chosen":"THE_SILENT","items_purchased":["Infinite Blades","Infinite Blades","Finesse","Backstab","Bottled Tornado","Accuracy","Caltrops"],"campfire_rested":2,"item_purchase_floors":[8,14,14,27,29,36,53],"current_hp_per_floor":[63,63,51,51,51,34,34,34,34,34,33,33,33,33,33,45,69,69,68,68,68,65,63,63,63,63,63,60,60,52,37,37,10,59,58,58,58,55,55,19,41,38,38,38,15,15,15,14,36,13,60,60,60,20,0],"gold":3,"neow_bonus":"ONE_RARE_RELIC","is_prod":false,"is_daily":false,"chose_seed":false,"campfire_upgraded":6,"win_rate":0,"timestamp":1550960185,"path_taken":["M","M","?","M","?","E","R","$","T","R","M","M","M","?","R","BOSS","M","M","?","?","M","E","R","M","T","?","?","$","M","E","R","BOSS","M","$","?","M","?","E","R","M","T","R","?","?","?","M","R","BOSS","R","$","E","BOSS"],"build_version":"2019-01-23","purchased_purges":1,"victory":false,"max_hp_per_floor":[70,70,70,70,70,70,70,70,70,70,70,70,70,70,70,70,75,75,75,75,75,75,75,75,75,75,75,75,75,75,75,75,75,75,75,75,75,75,75,75,75,75,75,75,75,75,75,75,75,75,75,75,75,75,75],"card_choices":[{"not_picked":["PiercingWail","Leg Sweep"],"picked":"Slice","floor":1.0},{"not_picked":["All Out Attack","Flechettes"],"picked":"Backstab","floor":2.0},{"not_picked":["Catalyst","Accuracy"],"picked":"Blade Dance","floor":4.0},{"not_picked":["Sucker Punch","Acrobatics"],"picked":"Escape Plan","floor":6.0},{"not_picked":["Caltrops","Backflip"],"picked":"Blade Dance","floor":11.0},{"not_picked":["Well Laid Plans","Outmaneuver"],"picked":"Tools of the Trade","floor":12.0},{"not_picked":["Well Laid Plans","Setup","Acrobatics"],"picked":"SKIP","floor":13.0},{"not_picked":["Bullet Time","Phantasmal Killer"],"picked":"After Image","floor":16.0},{"not_picked":["Poisoned Stab","Backflip"],"picked":"Backstab","floor":17.0},{"not_picked":["Setup","Bane","Deflect"],"picked":"SKIP","floor":18.0},{"not_picked":["Backflip","Tactician"],"picked":"Riddle With Holes","floor":19.0},{"not_picked":["PiercingWail","Dodge and Roll"],"picked":"Accuracy","floor":22.0},{"not_picked":["Crippling Poison","Slice"],"picked":"Escape Plan","floor":23.0},{"not_picked":["Endless Agony","Outmaneuver"],"picked":"Blade Dance","floor":25.0},{"not_picked":["Backstab","PiercingWail+1"],"picked":"Backflip+1","floor":28.0},{"not_picked":["Expertise","Underhanded Strike","Sucker Punch"],"picked":"SKIP","floor":30.0},{"not_picked":["Predator","Poisoned Stab","Catalyst"],"picked":"SKIP","floor":31.0},{"not_picked":["Concentrate+1","Tactician","Poisoned Stab+1"],"picked":"SKIP","floor":35.0},{"not_picked":["Underhanded Strike+1","Deadly Poison+1","Quick Slash+1"],"picked":"SKIP","floor":37.0},{"not_picked":["Flying Knee","Underhanded Strike"],"picked":"PiercingWail+1","floor":38.0},{"not_picked":["Dagger Throw","Deadly Poison+1"],"picked":"Cloak And Dagger+1","floor":40.0},{"not_picked":["Corpse Explosion","Riddle With Holes"],"picked":"Accuracy+1","floor":42.0},{"not_picked":["Prepared","Flying Knee+1"],"picked":"Blade Dance+1","floor":45.0},{"not_picked":["Quick Slash+1","Leg Sweep+1","Eviscerate"],"picked":"SKIP","floor":47.0},{"not_picked":["Accuracy","Deflect","Bouncing Flask+1"],"picked":"SKIP","floor":48.0}],"player_experience":667648,"relics_obtained":[{"floor":6.0,"key":"Happy Flower"},{"floor":9.0,"key":"Pantograph"},{"floor":23.0,"key":"Omamori"},{"floor":31.0,"key":"Turnip"},{"floor":40.0,"key":"Boot"},{"floor":43.0,"key":"Sundial"},{"floor":45.0,"key":"FossilizedHelix"}],"event_choices":[{"damage_healed":0.0,"max_hp_gain":0.0,"max_hp_loss":0.0,"gold_gain":0.0,"event_name":"Scrap Ooze","player_choice":"Success","floor":3.0,"gold_loss":0.0,"damage_taken":12.0,"relics_obtained":["Anchor"]},{"damage_healed":0.0,"max_hp_gain":0.0,"max_hp_loss":0.0,"gold_gain":0.0,"event_name":"The Cleric","player_choice":"Leave","floor":5.0,"gold_loss":0.0,"damage_taken":0.0},{"damage_healed":0.0,"max_hp_gain":0.0,"max_hp_loss":0.0,"gold_gain":0.0,"event_name":"Back to Basics","player_choice":"Simplicity","floor":20.0,"gold_loss":0.0,"damage_taken":0.0,"cards_upgraded":["Defend_G","Defend_G","Defend_G","Defend_G","Strike_G","Strike_G","Strike_G","Strike_G","Strike_G"]},{"damage_healed":0.0,"max_hp_gain":0.0,"max_hp_loss":0.0,"gold_gain":0.0,"event_name":"Ghosts","player_choice":"Ignored","floor":21.0,"gold_loss":0.0,"damage_taken":0.0},{"damage_healed":0.0,"max_hp_gain":0.0,"max_hp_loss":0.0,"gold_gain":0.0,"event_name":"Tomb of Lord Red Mask","player_choice":"Paid","floor":39.0,"gold_loss":62.0,"damage_taken":0.0,"relics_obtained":["Red Mask"]},{"damage_healed":0.0,"max_hp_gain":0.0,"max_hp_loss":0.0,"gold_gain":0.0,"event_name":"Mysterious Sphere","player_choice":"Fight","floor":45.0,"gold_loss":0.0,"damage_taken":0.0},{"damage_healed":0.0,"max_hp_gain":0.0,"max_hp_loss":0.0,"gold_gain":0.0,"event_name":"The Woman in Blue","player_choice":"Bought 3 Potions","floor":46.0,"gold_loss":0.0,"damage_taken":0.0}],"is_beta":false,"boss_relics":[{"not_picked":["Philosopher\u0027s Stone","White Beast Statue"],"picked":"Tiny House"},{"not_picked":["Calling Bell","Busted Crown"],"picked":"WristBlade"}],"items_purged_floors":[36],"is_endless":false,"potions_floor_spawned":[4,6,11,13,16,22,25,30,31,42,48,54],"killed_by":"The Heart","ascension_level":10}