{"gold_per_floor":[115,115,130,130,157,157,200,9,64,97,97,124,158,45,45,134,134,150,150],"floor_reached":19,"playtime":822,"items_purged":["Strike_B"],"score":435,"play_id":"eb0b65c9-ef76-4bdb-860e-bb11e67634a2","local_time":"20190329215857","is_ascension_mode":true,"campfire_choices":[{"data":"Ball Lightning","floor":6,"key":"SMITH"},{"data":"Dualcast","floor":11,"key":"SMITH"},{"data":"Loop","floor":15,"key":"SMITH"}],"neow_cost":"TEN_PERCENT_HP_LOSS","seed_source_timestamp":114305361565131,"circlet_count":0,"master_deck":["AscendersBane","Strike_B","Strike_B","Strike_B","Defend_B","Defend_B","Defend_B","Defend_B","Zap+1","Dualcast+1","Ball Lightning+1","Injury","Glacier","BootSequence","Loop+1","Creative AI"],"relics":["Cracked Core","Ice Cream","Golden Idol","Orichalcum","Matryoshka","Runic Capacitor","Tiny Chest","PreservedInsect","Strawberry","Bronze Scales","Dream Catcher","Ancient Tea Set","Fusion Hammer"],"potions_floor_usage":[18,19],"damage_taken":[{"damage":9,"enemies":"2 Louse","floor":1,"turns":4},{"damage":7,"enemies":"Small Slimes","floor":3,"turns":3},{"damage":5,"enemies":"Lagavulin","floor":7,"turns":7},{"damage":4,"enemies":"3 Sentries","floor":10,"turns":5},{"damage":0,"enemies":"Lagavulin","floor":13,"turns":6},{"damage":0,"enemies":"The Guardian","floor":16,"turns":9},{"damage":13,"enemies":"2 Thieves","floor":18,"turns":5},{"damage":21,"enemies":"Colosseum Slavers","floor":19,"turns":5},{"damage":34,"enemies":"Colosseum Nobs","floor":19,"turns":3}],"seed_played":"-1313155664978972243","potions_obtained":[{"floor":3,"key":"Swift Potion"},{"floor":10,"key":"AttackPotion"}],"is_trial":false,"path_per_floor":["M","?","M","?","T","R","E","$","T","E","R","T","E","$","R","B",null,"M","?"],"character_chosen":"DEFECT","items_purchased":["Runic Capacitor","Loop"],"campfire_rested":0,"item_purchase_floors":[8,14],"current_hp_per_floor":[55,55,48,48,48,48,43,43,43,46,46,46,46,46,46,46,65,52,0],"gold":150,"neow_bonus":"ONE_RARE_RELIC","is_prod":false,"is_daily":false,"chose_seed":false,"campfire_upgraded":3,"win_rate":0,"timestamp":1553893137,"path_taken":["M","?","M","?","?","R","E","$","T","E","R","?","E","$","R","BOSS","M","?"],"build_version":"2019-01-23","purchased_purges":1,"victory":false,"max_hp_per_floor":[64,64,64,64,64,64,64,64,64,71,71,71,71,71,71,71,71,71,71],"card_choices":[{"not_picked":["Stack","Hologram"],"picked":"Ball Lightning","floor":1},{"not_picked":["Force Field","Sunder"],"picked":"Glacier","floor":3},{"not_picked":["Go for the Eyes","Sweeping Beam","Hello World"],"picked":"SKIP","floor":7},{"not_picked":["Streamline","Sweeping Beam","Darkness"],"picked":"SKIP","floor":10},{"not_picked":["Beam Cell","Aggregate"],"picked":"BootSequence","floor":13},{"not_picked":["Machine Learning","Seek"],"picked":"Creative AI","floor":16},{"not_picked":["Turbo","Redo","Gash"],"picked":"SKIP","floor":18}],"player_experience":828569,"relics_obtained":[{"floor":5,"key":"Orichalcum"},{"floor":7,"key":"Matryoshka"},{"floor":9,"key":"Tiny Chest"},{"floor":9,"key":"PreservedInsect"},{"floor":10,"key":"Strawberry"},{"floor":12,"key":"Bronze Scales"},{"floor":12,"key":"Dream Catcher"},{"floor":13,"key":"Ancient Tea Set"}],"event_choices":[{"damage_healed":0,"gold_gain":0,"player_choice":"Take Wound","damage_taken":0,"relics_obtained":["Golden Idol"],"max_hp_gain":0,"max_hp_loss":0,"event_name":"Golden Idol","floor":2,"gold_loss":0,"cards_obtained":["Injury"]},{"damage_healed":0,"gold_gain":0,"player_choice":"Grow","damage_taken":0,"max_hp_gain":0,"max_hp_loss":0,"event_name":"Living Wall","floor":4,"gold_loss":0,"cards_upgraded":["Zap"]},{"damage_healed":0,"gold_gain":0,"player_choice":"Fight","damage_taken":0,"max_hp_gain":0,"max_hp_loss":0,"event_name":"Colosseum","floor":19,"gold_loss":0},{"damage_healed":0,"gold_gain":0,"player_choice":"Fought Nobs","damage_taken":0,"max_hp_gain":0,"max_hp_loss":0,"event_name":"Colosseum","floor":19,"gold_loss":0}],"is_beta":false,"boss_relics":[{"not_picked":["Lizard Tail","Coffee Dripper"],"picked":"Fusion Hammer"}],"items_purged_floors":[14],"is_endless":false,"potions_floor_spawned":[3,10,19],"killed_by":"Colosseum Nobs","ascension_level":14}