{"gold_per_floor":[364,0,10,22,22,22,47,47,47,47],"floor_reached":10,"playtime":445,"items_purged":["Strike_R"],"score":132,"play_id":"0e6bf716-9200-4d7e-86a3-1e66d55f74e7","local_time":"20190325232418","is_ascension_mode":true,"campfire_choices":[{"data":"Bash","floor":6.0,"key":"SMITH"}],"neow_cost":"PERCENT_DAMAGE","seed_source_timestamp":98212427142255,"circlet_count":0,"master_deck":["AscendersBane","Strike_R","Strike_R","Strike_R","Strike_R","Defend_R","Defend_R","Defend_R","Defend_R","Bash+1","Twin Strike","Carnage","Corruption","Evolve","Juggernaut","Twin Strike","Shrug It Off"],"special_seed":0,"relics":["Burning Blood","Happy Flower","Kunai","Mango"],"potions_floor_usage":[10],"damage_taken":[{"damage":11.0,"enemies":"Small Slimes","floor":1.0,"turns":5.0},{"damage":2.0,"enemies":"Jaw Worm","floor":3.0,"turns":3.0},{"damage":7.0,"enemies":"Cultist","floor":4.0,"turns":4.0},{"damage":22.0,"enemies":"3 Sentries","floor":7.0,"turns":5.0},{"damage":58,"enemies":"Lagavulin","floor":10,"turns":6}],"seed_played":"8921277246867134777","potions_obtained":[{"floor":3.0,"key":"PowerPotion"},{"floor":7.0,"key":"Explosive Potion"}],"is_trial":false,"path_per_floor":["M","$","M","M","?","R","E","?","T","E"],"character_chosen":"IRONCLAD","items_purchased":["Happy Flower","Carnage","Corruption"],"campfire_rested":0,"item_purchase_floors":[2,2,2],"current_hp_per_floor":[45,45,49,48,48,48,32,32,46,0],"gold":47,"neow_bonus":"TWO_FIFTY_GOLD","is_prod":false,"is_daily":false,"chose_seed":false,"campfire_upgraded":1,"win_rate":0,"timestamp":1553549058,"path_taken":["M","$","M","M","?","R","E","?","T","E"],"build_version":"2019-01-23","purchased_purges":1,"victory":false,"max_hp_per_floor":[75,75,75,75,75,75,75,75,89,89],"card_choices":[{"not_picked":["Heavy Blade","Headbutt"],"picked":"Twin Strike","floor":1.0},{"not_picked":["Headbutt","Heavy Blade"],"picked":"Evolve","floor":3.0},{"not_picked":["Burning Pact","Twin Strike"],"picked":"Juggernaut","floor":4.0},{"not_picked":["Flex","Havoc"],"picked":"Twin Strike","floor":7.0}],"player_experience":1608898,"relics_obtained":[{"floor":7.0,"key":"Kunai"},{"floor":9.0,"key":"Mango"}],"event_choices":[{"damage_healed":0.0,"max_hp_gain":0.0,"max_hp_loss":0.0,"gold_gain":0.0,"event_name":"Golden Idol","player_choice":"Ignored","floor":5.0,"gold_loss":0.0,"damage_taken":0.0},{"damage_healed":0.0,"max_hp_gain":0.0,"max_hp_loss":0.0,"gold_gain":0.0,"event_name":"Match and Keep!","player_choice":"1 cards matched","floor":8.0,"gold_loss":0.0,"damage_taken":0.0,"cards_obtained":["Shrug It Off"]}],"is_beta":false,"boss_relics":[],"items_purged_floors":[2],"is_endless":false,"potions_floor_spawned":[3,7],"killed_by":"Lagavulin","ascension_level":20}