{"path_per_floor":["M","$","?","M","M","E","R","E","T","E","?","R","M","M","R","B",null,"M","$","M","$","M","E","R","M","T","M","M","E","?","E","R","B",null,"M","?","?","?","$","E","R","M","T","?","E","M","M","M","R","B"],"character_chosen":"IRONCLAD","items_purchased":["Shrug It Off","Metallicize","Inflame","Purity","Anchor","Shrug It Off","Thread and Needle","War Paint"],"gold_per_floor":[116,19,19,39,49,77,77,107,133,163,263,263,274,286,286,386,386,397,322,335,14,34,63,63,80,380,394,405,433,348,379,379,478,478,492,492,492,492,24,53,53,65,65,65,95,109,126,142,142,142],"floor_reached":51,"campfire_rested":0,"playtime":5309,"current_hp_per_floor":[73,73,66,72,76,69,69,78,78,78,78,78,80,80,80,64,80,80,80,74,74,73,75,75,77,77,64,60,62,62,71,71,64,87,88,88,88,88,88,88,88,93,93,81,90,96,99,99,99,50],"items_purged":["Strike_R"],"gold":142,"score":662,"play_id":"72abb025-74b7-4a0f-a08f-54c06b9f888b","is_prod":false,"is_daily":false,"is_ascension_mode":false,"campfire_upgraded":5,"path_taken":["M","?","?","M","M","E","R","E","T","E","?","R","M","M","R","BOSS","M","?","M","$","M","E","R","M","T","M","M","E","?","E","R","BOSS","M","?","?","?","$","E","R","M","T","?","E","M","M","M","R","BOSS"],"build_version":"2018-02-08-PROD1","purchased_purges":1,"victory":true,"master_deck":["Strike_R","Strike_R","Strike_R","Defend_R","Defend_R+1","Defend_R","Defend_R","Battle Trance","Heavy Blade+1","Shrug It Off+1","Metallicize+1","Shockwave+1","Inflame","Offering+1","Iron Wave","Metallicize+1","Headbutt","Spot Weakness+1","Shockwave+1","Inflame","Purity+1","Flame Barrier+1","Warcry+1","Twin Strike+1","Disarm+1","Feed","Warcry+1","Shrug It Off","Inflame","Madness","Madness","Spot Weakness","True Grit","Cleave"],"max_hp_per_floor":[80,80,80,80,80,80,80,80,80,80,80,80,80,80,80,80,80,80,80,80,80,80,80,80,80,80,80,80,80,80,87,87,87,87,90,90,90,90,90,93,93,93,93,93,93,96,99,99,99,99],"relics":["Burning Blood","Toolbox","Juzu Bracelet","Happy Flower","Lantern","Bottled Lightning","Black Star","Anchor","Kunai","Mummified Hand","Old Coin","Self Forming Clay","Centennial Puzzle","Peace Pipe","Art of War","Strawberry","Question Card","Thread and Needle","War Paint","Girya","Magic Flower","Dodecahedron","Regal Pillow","Orichalcum"],"card_choices":[{"not_picked":["Intimidate","Pommel Strike"],"picked":"Heavy Blade"},{"not_picked":["Searing Blow","Pommel Strike"],"picked":"Shockwave"},{"not_picked":["Searing Blow","Wild Strike"],"picked":"Inflame"},{"not_picked":["Warcry","True Grit"],"picked":"Offering"},{"not_picked":["Flex","Sword Boomerang"],"picked":"Iron Wave"},{"not_picked":["Flex","Iron Wave"],"picked":"Metallicize"},{"not_picked":["Wild Strike","Combust"],"picked":"Headbutt"},{"not_picked":["Shrug It Off","Armaments"],"picked":"Spot Weakness"},{"not_picked":["Hemokinesis","Warcry"],"picked":"Shockwave"},{"not_picked":["Spot Weakness","Shockwave"],"picked":"Flame Barrier"},{"not_picked":["Heavy Blade","Twin Strike"],"picked":"Warcry"},{"not_picked":["Warcry","Second Wind"],"picked":"Twin Strike"},{"not_picked":["Perfected Strike","Shockwave"],"picked":"Disarm"},{"not_picked":["Offering","Fiend Fire"],"picked":"Feed"},{"not_picked":["Clash","Infernal Blade","Iron Wave"],"picked":"Warcry"},{"not_picked":["Armaments","Shrug It Off","Flex"],"picked":"Inflame"},{"not_picked":["Battle Trance","Dual Wield","Headbutt"],"picked":"Spot Weakness"},{"not_picked":["Blood for Blood","Infernal Blade","Thunderclap"],"picked":"True Grit"},{"not_picked":["Wild Strike","Thunderclap","Warcry"],"picked":"Cleave"}],"player_experience":97139,"potions_floor_usage":[6,8,33,47,50,50,50],"damage_taken":[{"damage":13,"enemies":"Blue Slaver","floor":1,"turns":5},{"damage":0,"enemies":"Cultist","floor":4,"turns":3},{"damage":2,"enemies":"Jaw Worm","floor":5,"turns":4},{"damage":13,"enemies":"Gremlin Nob","floor":6,"turns":4},{"damage":12,"enemies":"3 Sentries","floor":8,"turns":8},{"damage":6,"enemies":"Lagavulin","floor":10,"turns":6},{"damage":4,"enemies":"Gremlin Gang","floor":13,"turns":3},{"damage":4,"enemies":"Exordium Thugs","floor":14,"turns":4},{"damage":26,"enemies":"The Guardian","floor":16,"turns":8},{"damage":5,"enemies":"Shell Parasite","floor":18,"turns":4},{"damage":12,"enemies":"3 Byrds","floor":20,"turns":5},{"damage":7,"enemies":"Centurion and Healer","floor":22,"turns":3},{"damage":4,"enemies":"Gremlin Leader","floor":23,"turns":4},{"damage":4,"enemies":"Snecko","floor":25,"turns":4},{"damage":19,"enemies":"Snake Plant","floor":27,"turns":3},{"damage":10,"enemies":"3 Cultists","floor":28,"turns":5},{"damage":4,"enemies":"Book of Stabbing","floor":29,"turns":4},{"damage":4,"enemies":"Slavers","floor":31,"turns":1},{"damage":13,"enemies":"Collector","floor":33,"turns":5},{"damage":12,"enemies":"3 Shapes","floor":35,"turns":9},{"damage":9,"enemies":"2 Orb Walkers","floor":40,"turns":6},{"damage":4,"enemies":"Orb Walker","floor":42,"turns":1},{"damage":6,"enemies":"Giant Head","floor":45,"turns":8},{"damage":4,"enemies":"Sphere and 2 Shapes","floor":46,"turns":4},{"damage":8,"enemies":"4 Shapes","floor":47,"turns":10},{"damage":4,"enemies":"Maw","floor":48,"turns":7},{"damage":58,"enemies":"Awakened One","floor":50,"turns":12}],"event_choices":[{"event_name":"Scrap Ooze","player_choice":"success","floor":3,"damage_taken":7},{"event_name":"Golden Shrine","player_choice":"Pray","floor":11,"damage_taken":0},{"event_name":"Addict","player_choice":"Obtained Relic","floor":30,"damage_taken":0},{"event_name":"Tomb of Lord Red Mask","player_choice":"Ignored","floor":36,"damage_taken":0},{"event_name":"Upgrade Shrine","player_choice":"Upgraded","floor":37,"damage_taken":0},{"event_name":"Winding Halls","player_choice":"Embrace Madness","floor":44,"damage_taken":0}],"boss_relics":[{"not_picked":["Cursed Key","Snecko Eye"],"picked":"Black Star"},{"not_picked":["Sozu","Orrery"],"picked":"Question Card"}],"potions_floor_spawned":[1,5,14,16,20,22,23,27,31,35,46,48],"seed_played":"-1524968841665484241","ascension_level":0,"is_trial":false}