{"path_per_floor":["M","?","M","M","M","R","M","E","T","R","M","?","?","M","R","B",null,"M","?","?","$","M","R","$","R","T","R"],"character_chosen":"IRONCLAD","items_purchased":["Battle Trance","Spot Weakness"],"gold_per_floor":[13,13,33,51,71,71,85,117,117,117,130,130,130,148,148,271,271,284,199,199,47,60,60,22,22,22,22,22],"floor_reached":28,"campfire_rested":3,"playtime":690,"current_hp_per_floor":[55,48,48,51,50,50,38,30,30,54,41,41,41,36,58,9,58,23,23,23,23,35,57,57,57,57,57,0],"items_purged":["Strike_R"],"gold":22,"score":294,"play_id":"ce121a97-5a01-4aab-bb06-000e0d47a6be","local_time":"20180326170605","is_prod":false,"is_daily":false,"is_ascension_mode":true,"campfire_upgraded":3,"timestamp":1522098365,"path_taken":["M","?","M","M","M","R","M","E","T","R","M","?","?","M","R","BOSS","M","?","?","?","M","R","$","R","T","R","E"],"build_version":"2018-03-22v2","purchased_purges":1,"victory":false,"master_deck":["Strike_R","Strike_R","Strike_R","Strike_R","Bash","Hemokinesis","Flame Barrier","Thunderclap+1","Cleave","Thunderclap","Double Tap","Whirlwind+1","Battle Trance","Seeing Red+1","Spot Weakness"],"max_hp_per_floor":[80,80,80,80,80,80,80,80,80,80,80,80,74,74,74,74,74,74,74,74,74,74,74,74,74,74,74,74],"relics":["Burning Blood","Bag of Marbles","Du-Vu Doll","Golden Idol","Black Star","Meat on the Bone","Smiling Mask"],"card_choices":[{"not_picked":["Shrug It Off","Armaments"],"picked":"Thunderclap","floor":3},{"not_picked":["Dual Wield","Spot Weakness"],"picked":"Cleave","floor":7},{"not_picked":["Perfected Strike","Bludgeon"],"picked":"Thunderclap","floor":14},{"not_picked":["Reaper","Juggernaut"],"picked":"Double Tap","floor":16},{"not_picked":["Hemokinesis","Fire Breathing"],"picked":"Seeing Red","floor":22}],"player_experience":199240,"potions_floor_usage":[16,28],"damage_taken":[{"damage":23,"enemies":"Small Slimes","floor":1,"turns":3},{"damage":6,"enemies":"2 Louse","floor":3,"turns":2},{"damage":3,"enemies":"Cultist","floor":4,"turns":3},{"damage":7,"enemies":"3 Louse","floor":5,"turns":3},{"damage":18,"enemies":"Large Slime","floor":7,"turns":5},{"damage":14,"enemies":"Gremlin Nob","floor":8,"turns":3},{"damage":19,"enemies":"Gremlin Gang","floor":11,"turns":3},{"damage":11,"enemies":"Blue Slaver","floor":14,"turns":3},{"damage":70,"enemies":"Hexaghost","floor":16,"turns":9},{"damage":41,"enemies":"Spheric Guardian","floor":18,"turns":5},{"damage":6,"enemies":"Chosen","floor":22,"turns":5},{"damage":68,"enemies":"Book of Stabbing","floor":28,"turns":3}],"event_choices":[{"event_name":"Golden Wing","player_choice":"Card Removal","floor":2,"damage_taken":0},{"event_name":"The Woman in Blue","player_choice":"Bought 0 Potions","floor":12,"damage_taken":0},{"event_name":"Golden Idol","player_choice":"Lose Max HP","floor":13,"damage_taken":0},{"event_name":"Addict","player_choice":"Obtained Relic","floor":19,"damage_taken":0},{"event_name":"Transmorgrifier","player_choice":"Transform","floor":20,"damage_taken":0}],"boss_relics":[{"not_picked":["Runic Dome","Runic Cube"],"picked":"Black Star"}],"potions_floor_spawned":[7,11,16],"seed_played":"2508883039910409333","killed_by":"Book of Stabbing","ascension_level":7,"is_trial":false}