{"gold_per_floor":[369,63,77,94,94,104,204,204,251,267,278,293,321,339,339,436,436,436,436,436,60,60,60,60,60,60,60,60,60,60,60,60,60,60,60,60,60,60,60,60,60,60,60,60,60,60,60,60,60,60],"floor_reached":51,"playtime":2715,"items_purged":["Writhe"],"score":834,"play_id":"3f912390-d406-4b3c-9a39-8d6f8758fe5f","local_time":"20180901182734","is_ascension_mode":true,"campfire_choices":[{"data":"Armaments","floor":8,"key":"SMITH"},{"data":"Shockwave","floor":15,"key":"SMITH"},{"data":"Double Tap","floor":23,"key":"SMITH"},{"floor":27,"key":"REST"},{"data":"Metallicize","floor":30,"key":"SMITH"},{"data":"Rage","floor":32,"key":"SMITH"},{"data":"Bash","floor":40,"key":"SMITH"},{"data":"Iron Wave","floor":44,"key":"SMITH"},{"data":"Iron Wave","floor":46,"key":"SMITH"},{"floor":49,"key":"REST"}],"neow_cost":"TEN_PERCENT_HP_LOSS","seed_source_timestamp":941363662063452,"circlet_count":0,"master_deck":["Strike_R+1","Strike_R","Strike_R","Strike_R+1","Defend_R","Defend_R+1","Defend_R","Defend_R","Bash+1","Armaments+1","Iron Wave+1","Metallicize+1","Rage+1","Shockwave+1","Double Tap+1","Battle Trance","Infernal Blade+1","Flex+1","Discovery+1","Armaments+1","Flex+1","Dropkick+1","Offering+1","Iron Wave+1","Panacea+1","Madness+1","Madness+1","Iron Wave+1","Shrug It Off+1","Warcry+1","Spot Weakness+1"],"relics":["Burning Blood","Torii","Oddly Smooth Stone","Whetstone","Ectoplasm","Toxic Egg 2","Red Mask","Juzu Bracelet","Happy Flower","The Courier","Black Star","Thread and Needle","Nunchaku","Bag of Marbles","Prayer Wheel"],"potions_floor_usage":[16,20,50,50,50],"damage_taken":[{"damage":3,"enemies":"2 Louse","floor":1,"turns":4},{"damage":9,"enemies":"Small Slimes","floor":3,"turns":4},{"damage":1,"enemies":"Cultist","floor":4,"turns":3},{"damage":0,"enemies":"Exordium Wildlife","floor":6,"turns":3},{"damage":1,"enemies":"Exordium Thugs","floor":10,"turns":4},{"damage":1,"enemies":"2 Fungi Beasts","floor":11,"turns":4},{"damage":1,"enemies":"Blue Slaver","floor":12,"turns":5},{"damage":2,"enemies":"Lagavulin","floor":13,"turns":8},{"damage":10,"enemies":"Large Slime","floor":14,"turns":7},{"damage":29,"enemies":"Slime Boss","floor":16,"turns":13},{"damage":11,"enemies":"Spheric Guardian","floor":18,"turns":5},{"damage":12,"enemies":"Masked Bandits","floor":20,"turns":6},{"damage":6,"enemies":"Shell Parasite","floor":22,"turns":4},{"damage":26,"enemies":"Snake Plant","floor":24,"turns":6},{"damage":19,"enemies":"Gremlin Leader","floor":25,"turns":5},{"damage":0,"enemies":"3 Cultists","floor":28,"turns":6},{"damage":0,"enemies":"Snecko","floor":31,"turns":2},{"damage":43,"enemies":"Automaton","floor":33,"turns":10},{"damage":16,"enemies":"3 Shapes","floor":35,"turns":5},{"damage":1,"enemies":"Orb Walker","floor":36,"turns":3},{"damage":6,"enemies":"Giant Head","floor":42,"turns":7},{"damage":24,"enemies":"Mysterious Sphere","floor":45,"turns":4},{"damage":24,"enemies":"Sphere and 2 Shapes","floor":47,"turns":5},{"damage":12,"enemies":"Reptomancer","floor":48,"turns":5},{"damage":23,"enemies":"Donu and Deca","floor":50,"turns":8}],"seed_played":"6980252021754773701","potions_obtained":[{"floor":3,"key":"Strength Potion"},{"floor":4,"key":"Energy Potion"},{"floor":11,"key":"Weak Potion"},{"floor":16,"key":"Strength Potion"},{"floor":24,"key":"LiquidBronze"},{"floor":36,"key":"Dexterity Potion"}],"is_trial":false,"path_per_floor":["M","$","M","M","?","M","?","R","T","M","M","M","E","M","R","B",null,"M","?","?","$","M","R","M","E","T","R","M","?","R","M","R","B",null,"M","M","?","?","?","R","?","E","T","R","?","R","M","M","R","B"],"character_chosen":"IRONCLAD","items_purchased":["Torii","Flex+1","Discovery+1","Juzu Bracelet"],"campfire_rested":2,"item_purchase_floors":[2,21,21,21],"current_hp_per_floor":[72,72,69,72,58,64,64,64,64,69,72,72,72,68,68,45,72,67,67,61,61,61,61,41,28,28,49,55,55,55,61,61,24,72,62,67,67,67,58,58,58,58,58,58,40,40,22,16,37,72],"gold":60,"neow_bonus":"TWO_FIFTY_GOLD","is_prod":false,"is_daily":false,"chose_seed":false,"campfire_upgraded":8,"win_rate":0,"timestamp":1535822854,"path_taken":["M","$","M","M","?","M","?","R","T","M","?","M","E","M","R","BOSS","M","?","?","$","M","R","M","E","T","R","M","?","R","M","R","BOSS","M","M","?","?","?","R","?","E","T","R","?","R","M","M","R","BOSS"],"build_version":"2018-08-30","purchased_purges":1,"victory":true,"max_hp_per_floor":[72,72,72,72,72,72,72,72,72,72,72,72,72,72,72,72,72,72,72,72,72,72,72,72,72,72,72,72,72,72,72,72,72,72,72,72,72,72,72,72,72,72,72,72,72,72,72,72,72,72],"card_choices":[{"not_picked":["Headbutt","Sentinel"],"picked":"Armaments","floor":1},{"not_picked":["Second Wind","Carnage","Entrench"],"picked":"SKIP","floor":3},{"not_picked":["Body Slam","Sword Boomerang"],"picked":"Iron Wave","floor":4},{"not_picked":["Havoc","True Grit","Warcry"],"picked":"SKIP","floor":6},{"not_picked":["Sever Soul","Shrug It Off"],"picked":"Metallicize","floor":10},{"not_picked":["Thunderclap","Exhume"],"picked":"Rage","floor":11},{"not_picked":["Searing Blow","Dual Wield"],"picked":"Shockwave","floor":12},{"not_picked":["Flame Barrier","Pummel","Thunderclap"],"picked":"SKIP","floor":13},{"not_picked":["Seeing Red","Perfected Strike","Armaments"],"picked":"SKIP","floor":14},{"not_picked":["Berserk","Brutality"],"picked":"Double Tap","floor":16},{"not_picked":["Infernal Blade","Metallicize"],"picked":"Battle Trance","floor":18},{"not_picked":["Shockwave+1","Iron Wave"],"picked":"Infernal Blade+1","floor":20},{"not_picked":["Iron Wave+1","Battle Trance+1"],"picked":"Armaments+1","floor":22},{"not_picked":["Sever Soul+1","Wild Strike"],"picked":"Flex+1","floor":24},{"not_picked":["Wild Strike","Hemokinesis","Clothesline"],"picked":"SKIP","floor":25},{"not_picked":["Dark Embrace","Havoc+1","Anger"],"picked":"SKIP","floor":28},{"not_picked":["Sword Boomerang","Wild Strike"],"picked":"Dropkick+1","floor":31},{"not_picked":["Dark Embrace","Brutality"],"picked":"Offering+1","floor":33},{"not_picked":["Hemokinesis+1","Bloodletting+1","Shrug It Off+1"],"picked":"SKIP","floor":35},{"not_picked":["Anger","Heavy Blade"],"picked":"Iron Wave","floor":36},{"not_picked":["Mind Blast","PanicButton+1"],"picked":"Panacea+1","floor":37},{"not_picked":["Evolve+1","Clash","Havoc+1"],"picked":"SKIP","floor":42},{"not_picked":["Clothesline","Headbutt"],"picked":"Iron Wave+1","floor":45},{"not_picked":["Sword Boomerang","Fire Breathing+1"],"picked":"Shrug It Off+1","floor":47},{"not_picked":["Reckless Charge+1","Rampage+1","Sword Boomerang"],"picked":"SKIP","floor":47},{"not_picked":["Spot Weakness+1","Pommel Strike+1"],"picked":"Warcry+1","floor":48},{"not_picked":["True Grit+1","Impervious+1"],"picked":"Spot Weakness+1","floor":48}],"player_experience":294148,"relics_obtained":[{"floor":9,"key":"Oddly Smooth Stone"},{"floor":13,"key":"Whetstone"},{"floor":20,"key":"Red Mask"},{"floor":25,"key":"Happy Flower"},{"floor":26,"key":"The Courier"},{"floor":42,"key":"Thread and Needle"},{"floor":42,"key":"Nunchaku"},{"floor":43,"key":"Bag of Marbles"},{"floor":45,"key":"Prayer Wheel"}],"event_choices":[{"event_name":"Shining Light","player_choice":"Entered Light","floor":5,"damage_taken":0},{"event_name":"Golden Shrine","player_choice":"Pray","floor":7,"damage_taken":0},{"event_name":"The Mausoleum","player_choice":"Yes","floor":19,"damage_taken":0},{"event_name":"Masked Bandits","player_choice":"Fought Bandits","floor":20,"damage_taken":0},{"event_name":"Beggar","player_choice":"Ignored","floor":29,"damage_taken":0},{"event_name":"SensoryStone","player_choice":"Memory 1","floor":37,"damage_taken":0},{"event_name":"Falling","player_choice":"Removed Attack","floor":38,"damage_taken":0},{"event_name":"Winding Halls","player_choice":"Embrace Madness","floor":39,"damage_taken":0},{"event_name":"Tomb of Lord Red Mask","player_choice":"Ignored","floor":41,"damage_taken":0},{"event_name":"Mysterious Sphere","player_choice":"Fight","floor":45,"damage_taken":0}],"is_beta":false,"boss_relics":[{"not_picked":["Runic Cube","Mark of Pain"],"picked":"Ectoplasm"},{"not_picked":["Pandora\u0027s Box","Snecko Eye"],"picked":"Black Star"}],"items_purged_floors":[21],"is_endless":false,"potions_floor_spawned":[3,4,11,16,18,24,33,36,47],"ascension_level":4}