{"gold_per_floor":[119,133,133,143,218,218,237,237,319,319,330,505,518,545,545,641,641,653,653,165,175,186,7,35,35,35,35,35,35,51,71,71,71],"floor_reached":33,"playtime":1270,"items_purged":["Bouncing Flask","Concentrate"],"score":372,"play_id":"c99aec21-e9f7-4498-a6de-761064bdeac5","local_time":"20180906175400","is_ascension_mode":true,"campfire_choices":[{"data":"Neutralize","floor":6,"key":"SMITH"},{"floor":8,"key":"REST"},{"data":"Defend_G","floor":10,"key":"SMITH"},{"floor":15,"key":"REST"},{"data":"Footwork","floor":29,"key":"SMITH"},{"data":"Accuracy","floor":32,"key":"SMITH"}],"neow_cost":"NONE","seed_source_timestamp":12534222872854,"circlet_count":0,"master_deck":["Survivor+1","Neutralize+1","Dodge and Roll+1","Dagger Spray","Doubt","Die Die Die","All Out Attack","Blade Dance","Underhanded Strike","PiercingWail","Sucker Punch","Dagger Spray","Underhanded Strike","Accuracy+1","Bite","Bite","Bite","Bite","Bite","Footwork+1","Escape Plan","Leg Sweep","Infinite Blades","Wraith Form v2+1","Distraction"],"relics":["Busted Crown","Paper Crane","Vajra","Pandora\u0027s Box","Gremlin Horn","Molten Egg 2","Frozen Egg 2","Ninja Scroll"],"potions_floor_usage":[14,16,16,24,24],"damage_taken":[{"damage":5,"enemies":"Jaw Worm","floor":1,"turns":5},{"damage":0,"enemies":"Small Slimes","floor":2,"turns":4},{"damage":0,"enemies":"Cultist","floor":4,"turns":5},{"damage":4,"enemies":"Blue Slaver","floor":7,"turns":5},{"damage":0,"enemies":"2 Fungi Beasts","floor":11,"turns":5},{"damage":1,"enemies":"Looter","floor":13,"turns":4},{"damage":15,"enemies":"3 Sentries","floor":14,"turns":10},{"damage":34,"enemies":"The Guardian","floor":16,"turns":23},{"damage":0,"enemies":"3 Byrds","floor":18,"turns":3},{"damage":21,"enemies":"Spheric Guardian","floor":21,"turns":4},{"damage":18,"enemies":"Snake Plant","floor":22,"turns":8},{"damage":29,"enemies":"Book of Stabbing","floor":24,"turns":6},{"damage":0,"enemies":"3 Cultists","floor":30,"turns":2},{"damage":6,"enemies":"Cultist and Chosen","floor":31,"turns":4},{"damage":77,"enemies":"Automaton","floor":33,"turns":6}],"seed_played":"965882817771005797","potions_obtained":[{"floor":2,"key":"Block Potion"},{"floor":11,"key":"Regen Potion"},{"floor":14,"key":"Fruit Juice"},{"floor":18,"key":"Poison Potion"},{"floor":21,"key":"Regen Potion"},{"floor":24,"key":"Strength Potion"},{"floor":30,"key":"LiquidBronze"}],"is_trial":false,"path_per_floor":["M","M","?","M","?","R","M","R","T","R","M","?","M","E","R","B",null,"M","?","$","M","M","$","E","T","T","$","?","R","M","M","R"],"character_chosen":"THE_SILENT","items_purchased":["Footwork","Escape Plan","Gremlin Horn","Infinite Blades"],"campfire_rested":2,"item_purchase_floors":[20,20,20,23],"current_hp_per_floor":[58,58,44,44,33,33,29,50,50,50,50,50,49,39,61,42,67,67,52,52,35,37,37,31,31,31,31,31,31,35,39,39,0],"gold":71,"neow_bonus":"BOSS_RELIC","is_prod":false,"is_daily":false,"chose_seed":false,"campfire_upgraded":4,"win_rate":0,"timestamp":1536252840,"path_taken":["M","M","?","?","?","R","M","R","T","R","M","?","?","E","R","BOSS","M","?","$","M","M","$","E","?","T","?","?","R","?","M","R","BOSS"],"build_version":"2018-08-30","purchased_purges":2,"victory":false,"max_hp_per_floor":[70,70,70,70,70,70,70,70,70,70,70,70,70,75,75,75,75,75,52,52,52,52,52,52,52,52,52,52,52,52,52,52,52],"card_choices":[{"not_picked":[],"picked":"Dodge and Roll","floor":1},{"not_picked":["Slice"],"picked":"SKIP","floor":2},{"not_picked":["Deadly Poison"],"picked":"SKIP","floor":4},{"not_picked":["Blade Dance"],"picked":"SKIP","floor":7},{"not_picked":[],"picked":"Dagger Spray","floor":11},{"not_picked":["Deflect"],"picked":"SKIP","floor":13},{"not_picked":[],"picked":"Die Die Die","floor":14},{"not_picked":["Flechettes"],"picked":"SKIP","floor":18},{"not_picked":[],"picked":"Leg Sweep","floor":21},{"not_picked":["Eviscerate"],"picked":"SKIP","floor":22},{"not_picked":["Deflect"],"picked":"SKIP","floor":24},{"not_picked":[],"picked":"Distraction","floor":30},{"not_picked":["Underhanded Strike+1"],"picked":"SKIP","floor":31}],"player_experience":328892,"relics_obtained":[{"floor":9,"key":"Paper Crane"},{"floor":14,"key":"Vajra"},{"floor":24,"key":"Molten Egg 2"},{"floor":25,"key":"Frozen Egg 2"},{"floor":26,"key":"Ninja Scroll"}],"event_choices":[{"event_name":"Shining Light","player_choice":"Entered Light","floor":3,"damage_taken":0},{"event_name":"World of Goop","player_choice":"Gather Gold","floor":5,"damage_taken":0},{"event_name":"Liars Game","player_choice":"agreed","floor":12,"damage_taken":0},{"event_name":"Vampires","player_choice":"Became a vampire","floor":19,"damage_taken":0},{"event_name":"Match and Keep!","player_choice":"1 cards matched","floor":28,"damage_taken":0}],"is_beta":false,"boss_relics":[{"not_picked":["Sozu","Velvet Choker"],"picked":"Pandora\u0027s Box"}],"items_purged_floors":[20,23],"is_endless":false,"potions_floor_spawned":[2,11,14,18,21,24,30],"killed_by":"Automaton","ascension_level":6}