{"gold_per_floor":[215,215,239,264,264,307,332,372,372,372],"floor_reached":10,"playtime":675,"items_purged":[],"score":86,"play_id":"89340626-36a4-44f8-b006-433ebe53a35c","local_time":"20190205185554","is_ascension_mode":true,"campfire_choices":[],"neow_cost":"NONE","seed_source_timestamp":112896039461200,"circlet_count":0,"master_deck":["Strike_B","Strike_B","Strike_B","Strike_B","Defend_B","Defend_B","Defend_B","Defend_B","Zap","Dualcast","Conserve Battery","Consume","Cold Snap","Iron Wave","Storm","Conserve Battery","Gash"],"relics":["Cracked Core","Golden Idol","Vajra","Oddly Smooth Stone","Molten Egg 2"],"potions_floor_usage":[6,6,8],"damage_taken":[{"damage":0,"enemies":"Small Slimes","floor":1,"turns":2},{"damage":2,"enemies":"Jaw Worm","floor":3,"turns":3},{"damage":0,"enemies":"Cultist","floor":4,"turns":4},{"damage":18,"enemies":"Gremlin Nob","floor":6,"turns":4},{"damage":7,"enemies":"3 Louse","floor":7,"turns":3},{"damage":40,"enemies":"3 Sentries","floor":8,"turns":9},{"damage":0,"enemies":"Gremlin Gang","floor":10,"turns":3}],"seed_played":"-9156426165197143691","potions_obtained":[{"floor":3,"key":"Energy Potion"},{"floor":4,"key":"Dexterity Potion"},{"floor":7,"key":"Block Potion"}],"is_trial":false,"path_per_floor":["M","?","M","M","?","E","M","E","T","M"],"character_chosen":"DEFECT","items_purchased":[],"campfire_rested":0,"item_purchase_floors":[],"current_hp_per_floor":[75,75,73,73,73,55,48,8,8,8],"gold":372,"neow_bonus":"HUNDRED_GOLD","is_prod":false,"is_daily":false,"chose_seed":false,"campfire_upgraded":0,"win_rate":0,"timestamp":1549400154,"path_taken":["M","?","M","M","?","E","?","E","T","M"],"build_version":"2019-01-23","purchased_purges":0,"victory":false,"max_hp_per_floor":[75,75,75,75,75,75,75,75,75,75],"card_choices":[{"not_picked":["Scrape","Darkness"],"picked":"Conserve Battery","floor":1},{"not_picked":["Go for the Eyes","Heatsinks"],"picked":"Consume","floor":3},{"not_picked":["Chill","Go for the Eyes"],"picked":"Cold Snap","floor":4},{"not_picked":["Lockon","Blizzard"],"picked":"Storm","floor":6},{"not_picked":["Steam","Redo"],"picked":"Conserve Battery","floor":7},{"not_picked":["Redo","Conserve Battery"],"picked":"Gash","floor":8}],"player_experience":285899,"relics_obtained":[{"floor":6,"key":"Vajra"},{"floor":8,"key":"Oddly Smooth Stone"},{"floor":9,"key":"Molten Egg 2"}],"event_choices":[{"damage_healed":0,"gold_gain":0,"player_choice":"Take Wound","damage_taken":0,"relics_obtained":["Golden Idol"],"max_hp_gain":0,"max_hp_loss":0,"event_name":"Golden Idol","floor":2,"gold_loss":0,"cards_obtained":["Injury"]},{"cards_removed":["Injury"],"damage_healed":0,"gold_gain":0,"player_choice":"Took Card","damage_taken":0,"max_hp_gain":0,"max_hp_loss":0,"event_name":"NoteForYourself","floor":5,"gold_loss":0,"cards_obtained":["Iron Wave"]}],"is_beta":false,"boss_relics":[],"items_purged_floors":[],"is_endless":false,"potions_floor_spawned":[3,4,7],"killed_by":"Gremlin Gang","ascension_level":2}