{"gold_per_floor":[111,111,128,143,162,192,192,219,219,248,67,94,94,125,125,202,202,212,27,27,77,77,77,110,138,138,138,138,168,168,193,193,270,320,333,333,353,353,353,382,62,94,166,166,166,178,190,217,229,241,253,265,277,24,54,54],"floor_reached":57,"playtime":4337,"items_purged":["Strike_R","Strike_R","Strike_R"],"score":3057,"play_id":"809b0054-5606-4a2e-ae0f-6b5326865c57","local_time":"20190330150937","is_ascension_mode":true,"campfire_choices":[{"data":"Bludgeon","floor":7.0,"key":"SMITH"},{"data":"Inflame","floor":13.0,"key":"SMITH"},{"data":"Flame Barrier","floor":15.0,"key":"SMITH"},{"data":"Ghostly","floor":23.0,"key":"SMITH"},{"data":"Ghostly","floor":32.0,"key":"SMITH"},{"floor":44.0,"key":"RECALL"},{"data":"Ghostly","floor":47.0,"key":"SMITH"},{"data":"Armaments","floor":49.0,"key":"SMITH"},{"data":"True Grit","floor":53.0,"key":"SMITH"}],"neow_cost":"TEN_PERCENT_HP_LOSS","seed_source_timestamp":1503075259281204,"circlet_count":0,"master_deck":["AscendersBane","Strike_R","Defend_R","Defend_R","Defend_R","Defend_R","Intimidate","Headbutt","Bludgeon+1","Havoc","Evolve","Pommel Strike+1","Seeing Red","True Grit+1","Flame Barrier+1","PanicButton","Inflame+1","Shrug It Off","Offering","Limit Break","Ghostly+1","Ghostly+1","Ghostly+1","Armaments+1","Headbutt","Limit Break","Headbutt","Metallicize+1","Havoc","Thinking Ahead","Master of Strategy","Barricade","Pummel","Dark Shackles+1","Flex+1"],"special_seed":0,"relics":["Burning Blood","WingedGreaves","Pantograph","Juzu Bracelet","Mummified Hand","Calipers","Kunai","Bag of Preparation","Runic Pyramid","Meat on the Bone","Happy Flower","Mercury Hourglass","Enchiridion","Matryoshka","Smiling Mask","Tiny House","Pear","Paper Frog","Toxic Egg 2","Oddly Smooth Stone","Strawberry","MawBank","Art of War","Blue Candle"],"potions_floor_usage":[56,56],"damage_taken":[{"damage":4.0,"enemies":"Jaw Worm","floor":1.0,"turns":4.0},{"damage":0.0,"enemies":"Cultist","floor":3.0,"turns":2.0},{"damage":4.0,"enemies":"Small Slimes","floor":4.0,"turns":3.0},{"damage":13.0,"enemies":"3 Louse","floor":5.0,"turns":3.0},{"damage":8.0,"enemies":"Gremlin Nob","floor":6.0,"turns":3.0},{"damage":10.0,"enemies":"3 Sentries","floor":8.0,"turns":5.0},{"damage":0.0,"enemies":"Gremlin Nob","floor":10.0,"turns":2.0},{"damage":15.0,"enemies":"Lagavulin","floor":12.0,"turns":6.0},{"damage":10.0,"enemies":"3 Sentries","floor":14.0,"turns":6.0},{"damage":34.0,"enemies":"Slime Boss","floor":16.0,"turns":9.0},{"damage":6.0,"enemies":"Shell Parasite","floor":18.0,"turns":5.0},{"damage":2.0,"enemies":"Book of Stabbing","floor":24.0,"turns":5.0},{"damage":22.0,"enemies":"Slavers","floor":25.0,"turns":8.0},{"damage":5.0,"enemies":"Gremlin Leader","floor":29.0,"turns":8.0},{"damage":9.0,"enemies":"Book of Stabbing","floor":31.0,"turns":6.0},{"damage":7.0,"enemies":"Champ","floor":33.0,"turns":12.0},{"damage":2.0,"enemies":"Orb Walker","floor":35.0,"turns":2.0},{"damage":4.0,"enemies":"3 Darklings","floor":37.0,"turns":4.0},{"damage":14.0,"enemies":"Giant Head","floor":40.0,"turns":7.0},{"damage":1.0,"enemies":"Nemesis","floor":42.0,"turns":3.0},{"damage":6.0,"enemies":"Jaw Worm Horde","floor":48.0,"turns":7.0},{"damage":1.0,"enemies":"Time Eater","floor":50.0,"turns":9.0},{"damage":31.0,"enemies":"Awakened One","floor":51.0,"turns":8.0},{"damage":1.0,"enemies":"Shield and Spear","floor":55.0,"turns":6.0},{"damage":35,"enemies":"The Heart","floor":56,"turns":9}],"seed_played":"-6596927452245977065","potions_obtained":[{"floor":3.0,"key":"SkillPotion"},{"floor":4.0,"key":"Poison Potion"},{"floor":8.0,"key":"GamblersBrew"},{"floor":12.0,"key":"GamblersBrew"},{"floor":18.0,"key":"LiquidBronze"},{"floor":25.0,"key":"Regen Potion"},{"floor":31.0,"key":"Weak Potion"}],"is_trial":false,"path_per_floor":["M","?","M","M","M","E","R","E","T","E","$","E","R","E","R","B",null,"M","$","?","?","?","R","E","E","T","?","?","E","?","E","R","B",null,"M","?","M","?","?","E","$","E","T","R","T","?","R","M","R","B","B",null,"R","$","E","B",null],"character_chosen":"IRONCLAD","items_purchased":["PanicButton","Limit Break","Paper Frog","Art of War","Dark Shackles+1"],"campfire_rested":0,"item_purchase_floors":[11,19,41,54,54],"current_hp_per_floor":[68,68,68,68,61,59,59,55,55,61,61,52,52,48,48,40,61,61,61,42,35,35,35,36,32,32,32,11,27,27,36,36,35,41,41,41,41,39,29,43,43,48,48,48,55,55,55,55,55,56,43,53,53,53,56,39],"gold":54,"neow_bonus":"ONE_RARE_RELIC","is_prod":false,"is_daily":false,"chose_seed":false,"campfire_upgraded":8,"win_rate":0,"timestamp":1553972977,"path_taken":["M","?","M","?","M","E","R","E","T","E","$","E","R","E","R","BOSS","M","$","?","?","?","R","E","E","T","?","?","E","?","E","R","BOSS","M","?","M","?","?","E","$","E","T","R","?","?","R","M","R","BOSS","BOSS","R","$","E","BOSS"],"build_version":"2019-03-15","purchased_purges":3,"victory":true,"max_hp_per_floor":[68,68,68,68,68,68,68,68,68,68,68,68,68,68,68,68,68,68,68,73,73,36,36,36,36,36,36,36,36,36,36,36,36,41,41,41,41,39,39,49,49,49,49,49,56,56,56,56,56,56,56,56,56,56,56,56],"card_choices":[{"not_picked":["Clash","Dropkick"],"picked":"Intimidate","floor":1.0},{"not_picked":["Armaments","Clash"],"picked":"Havoc","floor":3.0},{"not_picked":["Dropkick","Flex"],"picked":"Evolve","floor":4.0},{"not_picked":["True Grit","Dropkick"],"picked":"Pommel Strike","floor":5.0},{"not_picked":["Dual Wield","Body Slam"],"picked":"Seeing Red","floor":6.0},{"not_picked":["Anger","Hemokinesis"],"picked":"True Grit","floor":8.0},{"not_picked":["Pommel Strike","Clothesline"],"picked":"Flame Barrier","floor":10.0},{"not_picked":["Blood for Blood","Anger"],"picked":"Inflame","floor":12.0},{"not_picked":["Bludgeon","Thunderclap"],"picked":"Shrug It Off","floor":14.0},{"not_picked":["Impervious","Berserk"],"picked":"Offering","floor":16.0},{"not_picked":["Sword Boomerang","Heavy Blade","Havoc"],"picked":"SKIP","floor":18.0},{"not_picked":["Burning Pact","Anger+1"],"picked":"Armaments","floor":24.0},{"not_picked":["Bloodletting","Blood for Blood","Rage"],"picked":"SKIP","floor":25.0},{"not_picked":["Bloodletting","Blood for Blood","Rage"],"picked":"SKIP","floor":25.0},{"not_picked":["Twin Strike","Pommel Strike+1"],"picked":"Headbutt","floor":29.0},{"not_picked":["Cleave","Sever Soul","Pommel Strike"],"picked":"SKIP","floor":31.0},{"not_picked":["Bludgeon","Berserk"],"picked":"Limit Break","floor":33.0},{"not_picked":["Thunderclap","Uppercut"],"picked":"Headbutt","floor":34.0},{"not_picked":["Headbutt","Warcry"],"picked":"Metallicize+1","floor":35.0},{"not_picked":["True Grit","Bloodletting"],"picked":"Havoc","floor":37.0},{"not_picked":["Good Instincts","Panacea"],"picked":"Thinking Ahead","floor":39.0},{"not_picked":["Swift Strike","Magnetism"],"picked":"Master of Strategy","floor":39.0},{"not_picked":["Clash","Anger"],"picked":"Barricade","floor":40.0},{"not_picked":["Bloodletting+1","Twin Strike","Perfected Strike"],"picked":"SKIP","floor":42.0},{"not_picked":["Dual Wield+1","Sword Boomerang"],"picked":"Pummel","floor":48.0},{"not_picked":["Thunderclap","Body Slam"],"picked":"Flex+1","floor":55.0}],"player_experience":1384041,"relics_obtained":[{"floor":6.0,"key":"Pantograph"},{"floor":8.0,"key":"Juzu Bracelet"},{"floor":9.0,"key":"Mummified Hand"},{"floor":10.0,"key":"Calipers"},{"floor":12.0,"key":"Kunai"},{"floor":14.0,"key":"Bag of Preparation"},{"floor":24.0,"key":"Meat on the Bone"},{"floor":25.0,"key":"Happy Flower"},{"floor":26.0,"key":"Mercury Hourglass"},{"floor":28.0,"key":"Enchiridion"},{"floor":29.0,"key":"Matryoshka"},{"floor":31.0,"key":"Smiling Mask"},{"floor":40.0,"key":"Pear"},{"floor":42.0,"key":"Toxic Egg 2"},{"floor":43.0,"key":"Oddly Smooth Stone"},{"floor":45.0,"key":"Strawberry"},{"floor":45.0,"key":"MawBank"},{"floor":55.0,"key":"Blue Candle"}],"event_choices":[{"damage_healed":0.0,"max_hp_gain":0.0,"max_hp_loss":0.0,"gold_gain":0.0,"event_name":"Match and Keep!","player_choice":"2 cards matched","floor":2.0,"gold_loss":0.0,"damage_taken":0.0,"cards_obtained":["Headbutt","Bludgeon"]},{"damage_healed":0.0,"max_hp_gain":5.0,"max_hp_loss":0.0,"gold_gain":0.0,"event_name":"Forgotten Altar","player_choice":"Shed Blood","floor":20.0,"gold_loss":0.0,"damage_taken":24.0},{"damage_healed":0.0,"max_hp_gain":0.0,"max_hp_loss":0.0,"gold_gain":50.0,"event_name":"FaceTrader","player_choice":"Touch","floor":21.0,"gold_loss":0.0,"damage_taken":7.0},{"damage_healed":0.0,"max_hp_gain":0.0,"max_hp_loss":37.0,"gold_gain":0.0,"event_name":"Ghosts","player_choice":"Became a Ghost","floor":22.0,"gold_loss":0.0,"damage_taken":0.0,"cards_obtained":["Ghostly","Ghostly","Ghostly"]},{"damage_healed":0.0,"max_hp_gain":0.0,"max_hp_loss":0.0,"gold_gain":0.0,"event_name":"Lab","player_choice":"Got Potions","floor":27.0,"gold_loss":0.0,"damage_taken":0.0},{"damage_healed":0.0,"max_hp_gain":0.0,"max_hp_loss":0.0,"gold_gain":0.0,"event_name":"Cursed Tome","player_choice":"Obtained Book","floor":28.0,"gold_loss":0.0,"damage_taken":21.0},{"damage_healed":0.0,"max_hp_gain":0.0,"max_hp_loss":0.0,"gold_gain":0.0,"event_name":"Vampires","player_choice":"Ignored","floor":30.0,"gold_loss":0.0,"damage_taken":0.0},{"cards_removed":["Strike_R"],"damage_healed":0.0,"max_hp_gain":0.0,"max_hp_loss":0.0,"gold_gain":0.0,"event_name":"Wheel of Change","player_choice":"Card Removal","floor":36.0,"gold_loss":0.0,"damage_taken":0.0},{"damage_healed":0.0,"max_hp_gain":0.0,"max_hp_loss":2.0,"gold_gain":0.0,"event_name":"Winding Halls","player_choice":"Max HP","floor":38.0,"gold_loss":0.0,"damage_taken":0.0},{"damage_healed":0.0,"max_hp_gain":0.0,"max_hp_loss":0.0,"gold_gain":0.0,"event_name":"SensoryStone","player_choice":"Memory 3","floor":39.0,"gold_loss":0.0,"damage_taken":10.0},{"cards_removed":["Bash"],"damage_healed":0.0,"max_hp_gain":0.0,"max_hp_loss":0.0,"gold_gain":0.0,"event_name":"Falling","player_choice":"Removed Attack","floor":46.0,"gold_loss":0.0,"damage_taken":0.0}],"is_beta":true,"boss_relics":[{"not_picked":["Busted Crown","Eternal Feather"],"picked":"Runic Pyramid"},{"not_picked":["Black Blood","Calling Bell"],"picked":"Tiny House"}],"items_purged_floors":[11,19,41],"is_endless":false,"potions_floor_spawned":[3,4,8,12,18,25,31,35,42],"ascension_level":20}