{"gold_per_floor":[116,116,116,135,146,146,175,192,219,253,253,151,169,189,189,292,292,308,308,308,308,0,0,31,46,46,46,80,95,95,115,115,215,215,225,45,63,63,73,73,73,73,73,90,90,101,101,111,111,111],"floor_reached":51,"playtime":3409,"items_purged":["Strike_G","Well Laid Plans+1"],"score":1144,"play_id":"8f0bab9f-ffba-47cb-8775-d22975d825f0","local_time":"20180925143531","is_ascension_mode":true,"campfire_choices":[{"data":"Neutralize","floor":6,"key":"SMITH"},{"floor":15,"key":"REST"},{"data":"Noxious Fumes","floor":23,"key":"SMITH"},{"data":"Footwork","floor":27,"key":"SMITH"},{"data":"Catalyst","floor":30,"key":"SMITH"},{"data":"Well Laid Plans","floor":32,"key":"SMITH"},{"data":"Envenom","floor":40,"key":"SMITH"},{"data":"Madness","floor":42,"key":"SMITH"},{"floor":45,"key":"REST"},{"data":"Madness","floor":49,"key":"SMITH"}],"neow_cost":"","seed_source_timestamp":51716141642318,"circlet_count":0,"master_deck":["Defend_G","Defend_G","Defend_G+1","Defend_G","Defend_G","Strike_G","Strike_G+1","Strike_G","Survivor","Neutralize+1","Crippling Poison+1","Burst","Flying Knee","Noxious Fumes+1","Outmaneuver","Footwork+1","After Image","Blur+1","Blur","Catalyst+1","Leg Sweep","PiercingWail","Prepared+1","Envenom+1","Concentrate","Dagger Spray+1","Madness+1","Madness+1","Deflect","Die Die Die"],"relics":["Ring of the Snake","Anchor","Strawberry","Ancient Tea Set","Sozu","Toolbox","Bronze Scales","Paper Crane","Bag of Preparation","Runic Pyramid","Unceasing Top","Mercury Hourglass","Kunai"],"potions_floor_usage":[7,10,10,16],"damage_taken":[{"damage":2,"enemies":"Small Slimes","floor":1,"turns":5},{"damage":3,"enemies":"Jaw Worm","floor":4,"turns":4},{"damage":0,"enemies":"Cultist","floor":5,"turns":4},{"damage":32,"enemies":"Gremlin Nob","floor":7,"turns":6},{"damage":0,"enemies":"3 Louse","floor":8,"turns":3},{"damage":9,"enemies":"Lagavulin","floor":10,"turns":7},{"damage":3,"enemies":"Looter","floor":13,"turns":4},{"damage":0,"enemies":"Large Slime","floor":14,"turns":6},{"damage":22,"enemies":"Hexaghost","floor":16,"turns":12},{"damage":0,"enemies":"Shell Parasite","floor":18,"turns":6},{"damage":0,"enemies":"Book of Stabbing","floor":24,"turns":7},{"damage":0,"enemies":"2 Thieves","floor":25,"turns":4},{"damage":0,"enemies":"Gremlin Leader","floor":28,"turns":7},{"damage":4,"enemies":"3 Cultists","floor":29,"turns":6},{"damage":0,"enemies":"Cultist and Chosen","floor":31,"turns":7},{"damage":0,"enemies":"Champ","floor":33,"turns":20},{"damage":0,"enemies":"3 Darklings","floor":35,"turns":7},{"damage":0,"enemies":"3 Shapes","floor":37,"turns":5},{"damage":19,"enemies":"Transient","floor":39,"turns":5},{"damage":0,"enemies":"Mind Bloom Boss Battle","floor":41,"turns":6},{"damage":9,"enemies":"Spire Growth","floor":44,"turns":6},{"damage":0,"enemies":"Maw","floor":46,"turns":6},{"damage":17,"enemies":"Reptomancer","floor":48,"turns":5},{"damage":28,"enemies":"Awakened One","floor":50,"turns":14}],"seed_played":"-5754312986606589228","potions_obtained":[{"floor":4,"key":"Block Potion"},{"floor":7,"key":"Poison Potion"},{"floor":8,"key":"Regen Potion"},{"floor":14,"key":"Explosive Potion"}],"is_trial":false,"path_per_floor":["M","?","?","M","M","R","E","M","T","E","?","$","M","M","R","B",null,"M","?","?","?","$","R","E","M","T","R","E","M","R","M","R","B",null,"M","$","M","?","M","R","?","R","T","M","R","M","T","M","R","B"],"character_chosen":"THE_SILENT","items_purchased":["Noxious Fumes","Outmaneuver","Catalyst","Toolbox","Concentrate"],"campfire_rested":2,"item_purchase_floors":[12,12,22,22,36],"current_hp_per_floor":[61,54,40,37,37,37,5,5,12,18,18,18,15,15,38,16,62,62,62,62,62,62,62,62,62,62,62,62,58,58,58,58,58,72,72,72,72,62,43,43,43,43,43,34,57,57,57,40,40,12],"gold":111,"neow_bonus":"","is_prod":false,"is_daily":false,"chose_seed":false,"campfire_upgraded":8,"win_rate":0,"timestamp":1537882531,"path_taken":["M","?","?","M","M","R","E","M","T","E","?","$","M","M","R","BOSS","M","?","?","?","$","R","E","M","T","R","E","M","R","M","R","BOSS","M","$","M","?","?","R","?","R","T","M","R","M","?","M","R","BOSS"],"build_version":"2018-09-20","purchased_purges":2,"victory":true,"max_hp_per_floor":[70,70,70,70,70,70,70,70,77,77,77,77,77,77,77,77,77,77,77,77,77,77,77,77,77,77,77,77,77,77,77,77,77,77,77,77,77,77,77,77,77,77,77,77,77,77,77,77,77,77],"card_choices":[{"not_picked":["Backflip","Deflect"],"picked":"Well Laid Plans","floor":1},{"not_picked":["Prepared","Acrobatics","Endless Agony"],"picked":"SKIP","floor":4},{"not_picked":["Blade Dance","Slice","Acrobatics"],"picked":"SKIP","floor":5},{"not_picked":["Catalyst","Acrobatics"],"picked":"Crippling Poison","floor":7},{"not_picked":["Calculated Gamble","Bane"],"picked":"Burst","floor":8},{"not_picked":["Poisoned Stab","Sucker Punch"],"picked":"Flying Knee","floor":10},{"not_picked":["Escape Plan","PiercingWail"],"picked":"Footwork","floor":13},{"not_picked":["Dagger Throw","Acrobatics","Doppelganger"],"picked":"SKIP","floor":14},{"not_picked":["Burst","Wraith Form v2"],"picked":"After Image","floor":16},{"not_picked":["Poisoned Stab","Cloak And Dagger"],"picked":"Blur+1","floor":18},{"not_picked":["Storm of Steel","Flying Knee+1"],"picked":"Leg Sweep","floor":24},{"not_picked":["Catalyst","Flying Knee","Dagger Throw"],"picked":"SKIP","floor":25},{"not_picked":["Tactician+1","Flying Knee"],"picked":"PiercingWail","floor":28},{"not_picked":["Outmaneuver","Dagger Spray+1","Endless Agony"],"picked":"SKIP","floor":29},{"not_picked":["Poisoned Stab","Sucker Punch"],"picked":"Prepared+1","floor":31},{"not_picked":["Malaise","Adrenaline"],"picked":"Envenom","floor":33},{"not_picked":["Poisoned Stab+1","Riddle With Holes+1","Acrobatics"],"picked":"SKIP","floor":35},{"not_picked":["Endless Agony+1","Well Laid Plans+1"],"picked":"Dagger Spray+1","floor":37},{"not_picked":["Prepared+1","Deadly Poison+1"],"picked":"Deflect","floor":39},{"not_picked":["Dagger Spray","Underhanded Strike","Prepared+1"],"picked":"SKIP","floor":44},{"not_picked":["Dagger Throw","Bane"],"picked":"Die Die Die","floor":46},{"not_picked":["Prepared+1","Dagger Spray","Choke"],"picked":"SKIP","floor":48}],"player_experience":417066,"relics_obtained":[{"floor":7,"key":"Anchor"},{"floor":9,"key":"Strawberry"},{"floor":10,"key":"Ancient Tea Set"},{"floor":24,"key":"Bronze Scales"},{"floor":26,"key":"Paper Crane"},{"floor":28,"key":"Bag of Preparation"},{"floor":41,"key":"Unceasing Top"},{"floor":43,"key":"Mercury Hourglass"},{"floor":47,"key":"Kunai"}],"event_choices":[{"event_name":"Golden Wing","player_choice":"Card Removal","floor":2,"damage_taken":0},{"event_name":"Shining Light","player_choice":"Entered Light","floor":3,"damage_taken":0},{"event_name":"Living Wall","player_choice":"Grow","floor":11,"damage_taken":0},{"event_name":"The Library","player_choice":"Read","floor":19,"damage_taken":0},{"event_name":"The Woman in Blue","player_choice":"Bought 0 Potions","floor":20,"damage_taken":0},{"event_name":"The Lab","player_choice":"Got Potions","floor":21,"damage_taken":0},{"event_name":"Winding Halls","player_choice":"Embrace Madness","floor":38,"damage_taken":0},{"event_name":"MindBloom","player_choice":"Fight","floor":41,"damage_taken":0}],"is_beta":false,"boss_relics":[{"not_picked":["Calling Bell","Busted Crown"],"picked":"Sozu"},{"not_picked":["Coffee Dripper","Eternal Feather"],"picked":"Runic Pyramid"}],"items_purged_floors":[22,36],"is_endless":false,"potions_floor_spawned":[4,7,8,14,18,25,29,37,41,46],"ascension_level":9}