{"gold_per_floor":[109,122,133,65,84,111,129,44,68,18,18,18,18,49,49,149,149,166,166,183,183],"floor_reached":21,"playtime":8645,"items_purged":[],"score":189,"play_id":"dc48084a-6798-48d5-9b6c-5b29fd65fcef","local_time":"20190319232342","is_ascension_mode":false,"campfire_choices":[{"data":"Bouncing Flask","floor":13.0,"key":"SMITH"},{"data":"Leg Sweep","floor":15.0,"key":"SMITH"}],"neow_cost":"NONE","seed_source_timestamp":0,"circlet_count":0,"master_deck":["Defend_G","Defend_G","Defend_G","Defend_G","Defend_G","Strike_G","Strike_G","Strike_G","Strike_G","Survivor","Neutralize+1","Deadly Poison","Heel Hook","PiercingWail","Acrobatics","PiercingWail","Dagger Spray","Bouncing Flask+1","Well Laid Plans","Leg Sweep+1","Quick Slash","Burst","Flechettes","Terror"],"special_seed":0,"relics":["Ring of the Snake","Juzu Bracelet","Ancient Tea Set","Regal Pillow","Sozu","Kunai"],"potions_floor_usage":[],"damage_taken":[{"damage":0.0,"enemies":"2 Louse","floor":1.0,"turns":4.0},{"damage":4.0,"enemies":"Jaw Worm","floor":2.0,"turns":4.0},{"damage":0.0,"enemies":"Cultist","floor":3.0,"turns":4.0},{"damage":1.0,"enemies":"Red Slaver","floor":5.0,"turns":4.0},{"damage":18.0,"enemies":"3 Sentries","floor":6.0,"turns":8.0},{"damage":2.0,"enemies":"3 Louse","floor":7.0,"turns":3.0},{"damage":7.0,"enemies":"Lagavulin","floor":14.0,"turns":8.0},{"damage":5.0,"enemies":"The Guardian","floor":16.0,"turns":8.0},{"damage":8.0,"enemies":"Shell Parasite","floor":18.0,"turns":4.0},{"damage":15,"enemies":"Chosen","floor":20,"turns":5},{"damage":8,"enemies":"Colosseum Slavers","floor":21,"turns":7},{"damage":63,"enemies":"Colosseum Nobs","floor":21,"turns":4}],"seed_played":"-7251905071274727712","potions_obtained":[{"floor":2.0,"key":"Fruit Juice"},{"floor":3.0,"key":"Fire Potion"},{"floor":6.0,"key":"EssenceOfSteel"}],"is_trial":false,"path_per_floor":["M","M","M","$","M","E","M","$","T","?","$","?","R","E","R","B",null,"M","T","M","?"],"character_chosen":"THE_SILENT","items_purchased":["Acrobatics","PiercingWail","Leg Sweep","AttackPotion"],"campfire_rested":0,"item_purchase_floors":[4,4,8,8],"current_hp_per_floor":[77,78,78,78,77,59,57,57,57,57,57,57,57,50,50,45,82,74,74,59,0],"gold":183,"neow_bonus":"TEN_PERCENT_HP_BONUS","is_prod":false,"is_daily":false,"chose_seed":false,"campfire_upgraded":2,"win_rate":0.0,"timestamp":1553052222,"path_taken":["M","M","M","$","M","E","M","$","T","?","?","?","R","E","R","BOSS","M","?","M","?"],"build_version":"2019-01-23","purchased_purges":0,"victory":false,"max_hp_per_floor":[77,82,82,82,82,82,82,82,82,82,82,82,82,82,82,82,82,82,82,82,82],"card_choices":[{"not_picked":["Sucker Punch","Acrobatics"],"picked":"Deadly Poison","floor":1.0},{"not_picked":["Poisoned Stab","Bane"],"picked":"Heel Hook","floor":2.0},{"not_picked":["Eviscerate","Masterful Stab"],"picked":"PiercingWail","floor":3.0},{"not_picked":["Blade Dance","Unload"],"picked":"Dagger Spray","floor":5.0},{"not_picked":["Cloak And Dagger","Tactician"],"picked":"Bouncing Flask","floor":6.0},{"not_picked":["Riddle With Holes","Flying Knee"],"picked":"Well Laid Plans","floor":7.0},{"not_picked":["Dagger Spray","Poisoned Stab"],"picked":"Quick Slash","floor":14.0},{"not_picked":["Tools of the Trade","Adrenaline"],"picked":"Burst","floor":16.0},{"not_picked":["Caltrops+1","Blur+1"],"picked":"Flechettes","floor":18.0},{"not_picked":["Dagger Throw","Backflip"],"picked":"Terror","floor":20}],"player_experience":32733,"relics_obtained":[{"floor":6.0,"key":"Juzu Bracelet"},{"floor":9.0,"key":"Ancient Tea Set"},{"floor":14.0,"key":"Regal Pillow"},{"floor":19.0,"key":"Kunai"}],"event_choices":[{"cards_removed":["Strike_G"],"damage_healed":0.0,"max_hp_gain":0.0,"max_hp_loss":0.0,"gold_gain":0.0,"event_name":"The Cleric","player_choice":"Card Removal","floor":10.0,"gold_loss":50.0,"damage_taken":0.0},{"damage_healed":0.0,"max_hp_gain":0.0,"max_hp_loss":0.0,"gold_gain":0.0,"event_name":"Upgrade Shrine","player_choice":"Upgraded","floor":12.0,"gold_loss":0.0,"damage_taken":0.0,"cards_upgraded":["Neutralize"]},{"damage_healed":0,"gold_gain":0,"player_choice":"Fight","damage_taken":0,"max_hp_gain":0,"max_hp_loss":0,"event_name":"Colosseum","floor":21,"gold_loss":0},{"damage_healed":0,"gold_gain":0,"player_choice":"Fought Nobs","damage_taken":0,"max_hp_gain":0,"max_hp_loss":0,"event_name":"Colosseum","floor":21,"gold_loss":0}],"is_beta":false,"boss_relics":[{"not_picked":["Lizard Tail","Runic Dome"],"picked":"Sozu"}],"items_purged_floors":[],"is_endless":false,"potions_floor_spawned":[2,3,6,21],"killed_by":"Colosseum Nobs","ascension_level":0}