{"path_per_floor":["M","M","$","M","M","R","E","R","T","M","M","?","M","$","R","B",null,"M","$","?","$","M","R","M","E","T","M","R","M","R","M","R","B",null,"M","?","M","$","M","R"],"character_chosen":"IRONCLAD","items_purchased":["Finesse","Apotheosis","Shockwave","Strange Spoon"],"gold_per_floor":[146,159,63,79,89,89,116,116,116,129,145,220,230,41,41,141,141,159,10,10,10,25,25,40,67,67,82,82,93,93,105,105,202,202,214,214,228,25,38,38],"floor_reached":41,"campfire_rested":1,"playtime":4105,"current_hp_per_floor":[68,68,68,73,61,61,13,37,37,38,36,25,26,26,26,28,80,80,80,80,80,80,80,80,64,64,66,66,66,66,71,71,42,80,72,72,74,74,64,76],"items_purged":["Strike_R"],"gold":38,"score":385,"play_id":"080edcbc-2456-468a-8b84-504c060cf8f1","is_prod":false,"is_daily":false,"is_ascension_mode":true,"campfire_upgraded":5,"path_taken":["M","M","?","M","M","R","E","R","T","M","M","?","M","$","R","BOSS","M","?","?","$","M","R","M","E","T","?","R","M","R","M","R","BOSS","M","?","?","$","M","R","E"],"build_version":"2018-02-12-PROD1","purchased_purges":1,"victory":false,"master_deck":["Strike_R","Strike_R","Strike_R","Strike_R+1","Defend_R","Defend_R","Defend_R","Defend_R","Bash","Evolve+1","Seeing Red","Finesse","Pommel Strike+1","Warcry","Armaments","Disarm","Offering","Apotheosis+1","Dark Embrace+1","Shockwave","Power Through","Corruption+1","Rampage+1","Rage","Writhe","Wild Strike","Iron Wave","Barricade+1","Whirlwind+1","Power Through","Iron Wave","Body Slam"],"max_hp_per_floor":[80,80,80,80,80,80,80,80,80,80,80,80,80,80,80,80,80,80,80,80,80,80,80,80,80,80,80,80,80,80,80,80,80,80,80,80,80,80,80,80],"relics":["Burning Blood","Tiny Chest","Anchor","Pen Nib","Cursed Key","Whetstone","Girya","Eternal Feather","Strange Spoon"],"card_choices":[{"not_picked":["Warcry","Thunderclap"],"picked":"Evolve"},{"not_picked":["Sever Soul","Blood for Blood"],"picked":"Seeing Red"},{"not_picked":["Body Slam","Perfected Strike"],"picked":"Pommel Strike"},{"not_picked":["Clash","Pummel"],"picked":"Warcry"},{"not_picked":["Warcry","Shockwave"],"picked":"Armaments"},{"not_picked":["Hemokinesis","Twin Strike"],"picked":"Disarm"},{"not_picked":["Wild Strike","Clash"],"picked":"Offering"},{"not_picked":["Reaper","Limit Break"],"picked":"Dark Embrace"},{"not_picked":["Power Through","Spot Weakness"],"picked":"Corruption"},{"not_picked":["Uppercut","Pummel"],"picked":"Rampage"},{"not_picked":["Spot Weakness","Offering"],"picked":"Rage"},{"not_picked":["Heavy Blade","Burning Pact"],"picked":"Wild Strike"},{"not_picked":["Infernal Blade","Anger"],"picked":"Iron Wave"},{"not_picked":["Reaper","Feed"],"picked":"Barricade"},{"not_picked":["Havoc","True Grit"],"picked":"Whirlwind"},{"not_picked":["Flex","Rampage"],"picked":"Iron Wave"},{"not_picked":["Havoc","Headbutt"],"picked":"Body Slam"}],"player_experience":121324,"potions_floor_usage":[25,41,41,41],"damage_taken":[{"damage":18,"enemies":"Blue Slaver","floor":1,"turns":5},{"damage":6,"enemies":"Jaw Worm","floor":2,"turns":4},{"damage":1,"enemies":"2 Louse","floor":4,"turns":4},{"damage":18,"enemies":"Lots of Slimes","floor":5,"turns":8},{"damage":54,"enemies":"Gremlin Nob","floor":7,"turns":6},{"damage":5,"enemies":"Looter","floor":10,"turns":3},{"damage":8,"enemies":"Large Slime","floor":11,"turns":5},{"damage":5,"enemies":"3 Louse","floor":13,"turns":4},{"damage":4,"enemies":"Slime Boss","floor":16,"turns":9},{"damage":4,"enemies":"3 Byrds","floor":18,"turns":6},{"damage":6,"enemies":"Shell Parasite","floor":22,"turns":4},{"damage":0,"enemies":"Centurion and Healer","floor":24,"turns":6},{"damage":22,"enemies":"Gremlin Leader","floor":25,"turns":7},{"damage":4,"enemies":"Cultist and Chosen","floor":27,"turns":5},{"damage":6,"enemies":"Snecko","floor":29,"turns":6},{"damage":1,"enemies":"Snake Plant","floor":31,"turns":4},{"damage":35,"enemies":"Champ","floor":33,"turns":9},{"damage":14,"enemies":"3 Darklings","floor":35,"turns":5},{"damage":4,"enemies":"Orb Walker","floor":37,"turns":4},{"damage":16,"enemies":"3 Darklings","floor":39,"turns":5},{"damage":90,"enemies":"2 Orb Walkers","floor":41,"turns":6}],"event_choices":[{"event_name":"World of Goop","player_choice":"Gather Gold","floor":12,"damage_taken":0},{"event_name":"The Library","player_choice":"Read","floor":20,"damage_taken":0},{"event_name":"Duplicator","player_choice":"One dupe","floor":36,"damage_taken":0}],"boss_relics":[{"not_picked":["Lizard Tail","Calling Bell"],"picked":"Cursed Key"},{"not_picked":["Runic Pyramid","Snecko Eye"],"picked":"Eternal Feather"}],"potions_floor_spawned":[1,4,5,10,11,16,18,29,33],"seed_played":"-8230487095658992870","killed_by":"2 Orb Walkers","ascension_level":1,"is_trial":false}