{"gold_per_floor":[114,114,125,50,125,125,151,151,178,178,191,191,208,221,221,298,298,308,208,308,37,37,37],"floor_reached":23,"playtime":642,"items_purged":["Regret","Strike_R"],"score":387,"play_id":"ca5137e7-df2c-4b5d-8b45-e0bd2e2a0913","local_time":"20190330161853","is_ascension_mode":true,"campfire_choices":[{"floor":6,"key":"REST"},{"floor":10,"key":"REST"},{"data":"Whirlwind","floor":12,"key":"SMITH"},{"data":"Bash","floor":15,"key":"SMITH"}],"neow_cost":"NONE","seed_source_timestamp":835021541109877,"circlet_count":0,"master_deck":["AscendersBane","Defend_R","Defend_R","Defend_R","Defend_R","Bash+1","Dropkick","Headbutt","Inflame","Dropkick","Whirlwind+1","Thunderclap","Dropkick","Feed","Dropkick","Shrug It Off","Bite","Bite","Bite","Bite","Bite"],"relics":["Burning Blood","Mercury Hourglass","Torii","Oddly Smooth Stone","Black Star","Magic Flower","Bottled Flame","Lee\u0027s Waffle"],"potions_floor_usage":[16,16,20],"damage_taken":[{"damage":10,"enemies":"Small Slimes","floor":1,"turns":4},{"damage":10,"enemies":"Jaw Worm","floor":3,"turns":2},{"damage":32,"enemies":"Gremlin Nob","floor":7,"turns":4},{"damage":1,"enemies":"2 Louse","floor":11,"turns":2},{"damage":0,"enemies":"Exordium Wildlife","floor":13,"turns":2},{"damage":2,"enemies":"Blue Slaver","floor":14,"turns":3},{"damage":20,"enemies":"Hexaghost","floor":16,"turns":6},{"damage":12,"enemies":"Chosen","floor":18,"turns":3},{"damage":28,"enemies":"Colosseum Slavers","floor":20,"turns":3},{"damage":38,"enemies":"Colosseum Nobs","floor":20,"turns":6},{"damage":71,"enemies":"Book of Stabbing","floor":23,"turns":4}],"seed_played":"-4532889159252577594","potions_obtained":[{"floor":1,"key":"SkillPotion"},{"floor":3,"key":"Swift Potion"},{"floor":11,"key":"LiquidBronze"},{"floor":16,"key":"Ancient Potion"}],"is_trial":false,"path_per_floor":["M","?","M","$","?","R","E","?","T","R","M","R","M","M","R","B",null,"M","$","?","$","?","E"],"character_chosen":"IRONCLAD","items_purchased":["Lee\u0027s Waffle","Shrug It Off"],"campfire_rested":2,"item_purchase_floors":[21,21],"current_hp_per_floor":[64,64,60,60,49,71,45,10,10,32,37,37,43,47,47,33,65,62,62,11,88,61,0],"gold":37,"neow_bonus":"TRANSFORM_CARD","is_prod":false,"is_daily":false,"chose_seed":false,"campfire_upgraded":2,"win_rate":0,"timestamp":1553977133,"path_taken":["M","?","M","$","?","R","E","?","T","R","M","R","M","M","R","BOSS","M","$","?","$","?","E"],"build_version":"2019-01-23","purchased_purges":2,"victory":false,"max_hp_per_floor":[75,75,75,75,75,75,75,75,75,75,75,75,75,75,75,75,75,78,78,81,88,61,61],"card_choices":[{"not_picked":["Battle Trance","Sentinel"],"picked":"Headbutt","floor":1},{"not_picked":["Body Slam","Pommel Strike"],"picked":"Inflame","floor":3},{"not_picked":["Iron Wave","Feel No Pain"],"picked":"Dropkick","floor":7},{"not_picked":["Flex","Cleave"],"picked":"Whirlwind","floor":11},{"not_picked":["Infernal Blade","Armaments"],"picked":"Thunderclap","floor":13},{"not_picked":["Perfected Strike","Whirlwind"],"picked":"Dropkick","floor":14},{"not_picked":["Berserk","Barricade"],"picked":"Feed","floor":16},{"not_picked":["Twin Strike","Sentinel","Fire Breathing"],"picked":"SKIP","floor":18},{"not_picked":["Second Wind","Clothesline"],"picked":"Dropkick","floor":20}],"player_experience":339886,"relics_obtained":[{"floor":7,"key":"Torii"},{"floor":9,"key":"Oddly Smooth Stone"},{"floor":20,"key":"Magic Flower"},{"floor":20,"key":"Bottled Flame"}],"event_choices":[{"damage_healed":0,"gold_gain":0,"player_choice":"Box","damage_taken":0,"relics_obtained":["Mercury Hourglass"],"max_hp_gain":0,"max_hp_loss":0,"event_name":"Big Fish","floor":2,"gold_loss":0,"cards_obtained":["Regret"]},{"damage_healed":0,"gold_gain":75,"player_choice":"Gather Gold","damage_taken":11,"max_hp_gain":0,"max_hp_loss":0,"event_name":"World of Goop","floor":5,"gold_loss":0},{"damage_healed":0,"gold_gain":0,"player_choice":"Fled","damage_taken":35,"max_hp_gain":0,"max_hp_loss":0,"event_name":"Scrap Ooze","floor":8,"gold_loss":0},{"damage_healed":0,"gold_gain":0,"player_choice":"Fight","damage_taken":0,"max_hp_gain":0,"max_hp_loss":0,"event_name":"Colosseum","floor":20,"gold_loss":0},{"damage_healed":0,"gold_gain":0,"player_choice":"Fought Nobs","damage_taken":0,"max_hp_gain":0,"max_hp_loss":0,"event_name":"Colosseum","floor":20,"gold_loss":0},{"damage_healed":0,"gold_gain":0,"player_choice":"Became a vampire","damage_taken":0,"max_hp_gain":0,"max_hp_loss":27,"event_name":"Vampires","floor":22,"gold_loss":0,"cards_obtained":["Bite","Bite","Bite","Bite","Bite"]}],"is_beta":false,"boss_relics":[{"not_picked":["Runic Dome","Pandora\u0027s Box"],"picked":"Black Star"}],"items_purged_floors":[4,19],"is_endless":false,"potions_floor_spawned":[1,3,11,16,20],"killed_by":"Book of Stabbing","ascension_level":16}