{"gold_per_floor":[13,13,13,13,32,61,61,87,167,167,92,92,41,61,61,166,216,230,230,202,222,240,240,290,290,290,290],"floor_reached":27,"playtime":2031,"items_purged":["Strike_R"],"score":263,"play_id":"3d5762a9-ae8c-4944-b616-332d53a5fd61","local_time":"20180726012537","is_ascension_mode":true,"campfire_choices":[{"data":"Demon Form","floor":7,"key":"SMITH"},{"data":"Bash","floor":10,"key":"SMITH"},{"data":"Shockwave","floor":12,"key":"SMITH"},{"data":"Armaments","floor":15,"key":"SMITH"},{"floor":23,"key":"REST"}],"neow_cost":"NO_GOLD","seed_source_timestamp":18555177158907,"circlet_count":0,"master_deck":["Strike_R+1","Strike_R","Strike_R+1","Defend_R","Defend_R","Defend_R","Defend_R+1","Bash+1","Demon Form+1","Shockwave+1","Pummel","Twin Strike","Armaments+1","Sword Boomerang","Impervious","Twin Strike","Warcry+1","Iron Wave+1","Flex","Armaments+1"],"relics":["Burning Blood","Anchor","Centennial Puzzle","Frozen Egg 2","Tiny House","Potion Belt","Kunai"],"potions_floor_usage":[8,16,22],"damage_taken":[{"damage":8,"enemies":"2 Louse","floor":1,"turns":4},{"damage":6,"enemies":"Cultist","floor":5,"turns":4},{"damage":42,"enemies":"Gremlin Nob","floor":6,"turns":5},{"damage":10,"enemies":"Lagavulin","floor":8,"turns":5},{"damage":0,"enemies":"Small Slimes","floor":14,"turns":4},{"damage":18,"enemies":"Hexaghost","floor":16,"turns":7},{"damage":46,"enemies":"Spheric Guardian","floor":18,"turns":6},{"damage":15,"enemies":"2 Thieves","floor":20,"turns":5},{"damage":17,"enemies":"Centurion and Healer","floor":21,"turns":4},{"damage":18,"enemies":"Sentry and Sphere","floor":22,"turns":6},{"damage":54,"enemies":"3 Cultists","floor":27,"turns":6}],"seed_played":"-7000935274772739801","potions_obtained":[{"floor":1,"key":"Regen Potion"},{"floor":5,"key":"LiquidBronze"},{"floor":17,"key":"PowerPotion"},{"floor":18,"key":"Dexterity Potion"},{"floor":19,"key":"SkillPotion"}],"is_trial":false,"path_per_floor":["M","?","?","?","M","E","R","E","T","R","$","R","$","M","R","B",null,"M","?","M","M","M","R","T","?","T"],"character_chosen":"IRONCLAD","items_purchased":["Armaments"],"campfire_rested":1,"item_purchase_floors":[13],"current_hp_per_floor":[78,78,78,62,62,26,26,36,36,36,36,36,36,42,42,30,85,45,45,36,25,13,38,38,38,38,0],"gold":290,"neow_bonus":"THREE_RARE_CARDS","is_prod":false,"is_daily":false,"chose_seed":false,"campfire_upgraded":4,"win_rate":0,"timestamp":1532564737,"path_taken":["M","?","?","?","M","E","R","E","T","R","$","R","$","M","R","BOSS","M","?","M","?","M","R","?","?","T","?"],"build_version":"2018-07-19v2","purchased_purges":1,"victory":false,"max_hp_per_floor":[80,80,80,80,80,80,80,80,80,80,80,80,80,80,80,80,85,85,85,85,85,85,85,85,85,85,85],"card_choices":[{"not_picked":["Dark Embrace","Double Tap"],"picked":"Demon Form","floor":0},{"not_picked":["Carnage","Sword Boomerang"],"picked":"Shockwave","floor":1},{"not_picked":["Hemokinesis","Power Through"],"picked":"Pummel","floor":5},{"not_picked":["Flame Barrier","Pommel Strike"],"picked":"Twin Strike","floor":6},{"not_picked":["Twin Strike","Hemokinesis","Clothesline"],"picked":"SKIP","floor":8},{"not_picked":["Clash","Second Wind"],"picked":"Sword Boomerang","floor":14},{"not_picked":["Limit Break","Exhume"],"picked":"Impervious","floor":16},{"not_picked":["Perfected Strike","Body Slam"],"picked":"Twin Strike","floor":17},{"not_picked":["True Grit","Heavy Blade"],"picked":"Warcry+1","floor":18},{"not_picked":["Burning Pact+1","Havoc","Cleave"],"picked":"SKIP","floor":20},{"not_picked":["Battle Trance","True Grit"],"picked":"Iron Wave+1","floor":21},{"not_picked":["Body Slam+1","Thunderclap"],"picked":"Flex","floor":22}],"player_experience":223065,"relics_obtained":[{"floor":6,"key":"Anchor"},{"floor":8,"key":"Centennial Puzzle"},{"floor":9,"key":"Frozen Egg 2"},{"floor":24,"key":"Potion Belt"},{"floor":26,"key":"Kunai"}],"event_choices":[{"event_name":"Wheel of Change","player_choice":"Card Removal","floor":2,"damage_taken":0},{"event_name":"The Cleric","player_choice":"Leave","floor":3,"damage_taken":0},{"event_name":"Shining Light","player_choice":"Entered Light","floor":4,"damage_taken":0},{"event_name":"The Lab","player_choice":"Got Potions","floor":19,"damage_taken":0},{"event_name":"Duplicator","player_choice":"One dupe","floor":25,"damage_taken":0}],"is_beta":false,"boss_relics":[{"not_picked":["Pandora\u0027s Box","Lizard Tail"],"picked":"Tiny House"}],"items_purged_floors":[11],"is_endless":false,"potions_floor_spawned":[1,5,18],"killed_by":"3 Cultists","ascension_level":4}