{"gold_per_floor":[111,122,134,134,145,162,175,175,175,175,175,189,189,228,228,347,347,367,292,312,331,112,112,130,27,27,27],"floor_reached":27,"playtime":1344,"items_purged":["Strike_R"],"score":260,"play_id":"a1ee0205-23b2-4f35-9448-e3195ebbf45d","local_time":"20180829223707","is_ascension_mode":true,"campfire_choices":[{"data":"Armaments","floor":11,"key":"SMITH"},{"floor":13,"key":"REST"},{"data":"Bash","floor":15,"key":"SMITH"},{"floor":23,"key":"REST"}],"neow_cost":"","seed_source_timestamp":698508566422128,"circlet_count":0,"master_deck":["Strike_R","Strike_R","Strike_R","Defend_R","Defend_R","Defend_R","Defend_R","Bash+1","Corruption","Inflame","Brutality","Armaments+1","Anger","Battle Trance","Flex","Barricade","Flame Barrier","Armaments+1","Battle Trance","Chrysalis","Flex","Metallicize","Iron Wave"],"relics":["Burning Blood","Golden Idol","The Courier","Unceasing Top","Strawberry","Philosopher\u0027s Stone","Mummified Hand"],"potions_floor_usage":[16,18],"damage_taken":[{"damage":4,"enemies":"Jaw Worm","floor":1,"turns":6},{"damage":1,"enemies":"Cultist","floor":2,"turns":3},{"damage":20,"enemies":"Small Slimes","floor":3,"turns":5},{"damage":16,"enemies":"Looter","floor":5,"turns":4},{"damage":11,"enemies":"Exordium Wildlife","floor":6,"turns":5},{"damage":16,"enemies":"3 Louse","floor":7,"turns":3},{"damage":4,"enemies":"Exordium Thugs","floor":12,"turns":4},{"damage":19,"enemies":"Lagavulin","floor":14,"turns":6},{"damage":26,"enemies":"Hexaghost","floor":16,"turns":8},{"damage":24,"enemies":"Spheric Guardian","floor":18,"turns":5},{"damage":32,"enemies":"3 Byrds","floor":20,"turns":5},{"damage":11,"enemies":"Centurion and Healer","floor":21,"turns":6},{"damage":24,"enemies":"Snecko","floor":24,"turns":7},{"damage":47,"enemies":"Cultist and Chosen","floor":27,"turns":6}],"seed_played":"-4252819613783659109","potions_obtained":[{"floor":2,"key":"SkillPotion"},{"floor":3,"key":"GamblersBrew"},{"floor":6,"key":"SpeedPotion"},{"floor":14,"key":"Regen Potion"},{"floor":20,"key":"SteroidPotion"},{"floor":21,"key":"FearPotion"}],"is_trial":false,"path_per_floor":["M","M","M","?","M","M","M","?","T","?","R","M","R","E","R","B",null,"M","?","M","M","$","R","M","$","T"],"character_chosen":"IRONCLAD","items_purchased":["Chrysalis","Metallicize","Iron Wave"],"campfire_rested":2,"item_purchase_floors":[22,25,25],"current_hp_per_floor":[80,80,66,66,56,51,41,41,41,29,29,31,53,47,47,42,81,63,63,37,32,32,56,38,38,38,0],"gold":27,"neow_bonus":"","is_prod":false,"is_daily":false,"chose_seed":false,"campfire_upgraded":2,"win_rate":0,"timestamp":1535578627,"path_taken":["M","M","M","?","M","M","M","?","T","?","R","M","R","E","R","BOSS","M","?","M","M","$","R","M","?","T","?"],"build_version":"2018-08-23v2","purchased_purges":1,"victory":false,"max_hp_per_floor":[80,80,80,80,80,80,80,74,74,74,74,74,74,81,81,81,81,81,81,81,81,81,81,81,81,81,81],"card_choices":[{"not_picked":["Warcry","Heavy Blade"],"picked":"Corruption","floor":1},{"not_picked":["Thunderclap","Sword Boomerang"],"picked":"Inflame","floor":2},{"not_picked":["Havoc","Entrench"],"picked":"Brutality","floor":3},{"not_picked":["Perfected Strike","Headbutt"],"picked":"Armaments","floor":5},{"not_picked":["Evolve","Havoc"],"picked":"Anger","floor":6},{"not_picked":["Thunderclap","Burning Pact"],"picked":"Battle Trance","floor":7},{"not_picked":["Whirlwind","Havoc"],"picked":"Flex","floor":12},{"not_picked":["Hemokinesis","Clothesline","Havoc"],"picked":"SKIP","floor":14},{"not_picked":["Brutality","Demon Form"],"picked":"Barricade","floor":16},{"not_picked":["Intimidate","Cleave+1"],"picked":"Flame Barrier","floor":18},{"not_picked":["Heavy Blade","Headbutt"],"picked":"Armaments+1","floor":20},{"not_picked":["Clothesline","Second Wind"],"picked":"Battle Trance","floor":21},{"not_picked":["Fire Breathing","Reaper"],"picked":"Flex","floor":24}],"player_experience":277139,"relics_obtained":[{"floor":9,"key":"The Courier"},{"floor":14,"key":"Strawberry"},{"floor":26,"key":"Mummified Hand"}],"event_choices":[{"event_name":"The Woman in Blue","player_choice":"Bought 0 Potions","floor":4,"damage_taken":0},{"event_name":"Golden Idol","player_choice":"Lose Max HP","floor":8,"damage_taken":0},{"event_name":"Scrap Ooze","player_choice":"success","floor":10,"damage_taken":12},{"event_name":"Beggar","player_choice":"Gave Gold","floor":19,"damage_taken":0}],"is_beta":false,"boss_relics":[{"not_picked":["Black Blood","Runic Pyramid"],"picked":"Philosopher\u0027s Stone"}],"items_purged_floors":[22],"is_endless":false,"potions_floor_spawned":[2,3,6,14,20,21],"killed_by":"Cultist and Chosen","ascension_level":4}