{"gold_per_floor":[119,69,81,100,114,114,130,130,187,212,212,212,224,235,235,340,340,358,457,457,475,490,490,516,516,570,584,584,610,285,300,300,396,396,409,409],"floor_reached":36,"playtime":2291,"items_purged":["Parasite"],"score":386,"play_id":"d24f749c-94a5-4022-b601-aee4c082a4dc","local_time":"20190329195545","is_ascension_mode":false,"campfire_choices":[{"data":"Magnetism","floor":6,"key":"SMITH"},{"floor":8,"key":"REST"},{"data":"Inflame","floor":12,"key":"SMITH"},{"data":"Twin Strike","floor":15,"key":"SMITH"},{"data":"Panacea","floor":23,"key":"SMITH"},{"data":"Pommel Strike","floor":25,"key":"SMITH"},{"floor":28,"key":"REST"},{"floor":32,"key":"REST"}],"neow_cost":"TEN_PERCENT_HP_LOSS","seed_source_timestamp":32814085462655,"circlet_count":0,"master_deck":["Strike_R","Strike_R","Strike_R","Defend_R","Defend_R","Defend_R","Defend_R","Bash","Panacea+1","Magnetism+1","Inflame+1","Cleave","Shrug It Off","Twin Strike+1","True Grit","Flame Barrier","Headbutt","Berserk","Disarm+1","Pommel Strike+1","Power Through+1","Cleave+1","Warcry","Power Through+1","Disarm","Heavy Blade","Disarm+1","Exhume"],"relics":["Burning Blood","Tiny Chest","Smiling Mask","Cursed Key","Strawberry","Anchor","Red Mask","Omamori","Busted Crown"],"potions_floor_usage":[24],"damage_taken":[{"damage":15,"enemies":"Jaw Worm","floor":1,"turns":4},{"damage":7,"enemies":"Small Slimes","floor":3,"turns":4},{"damage":15,"enemies":"Cultist","floor":4,"turns":4},{"damage":27,"enemies":"Exordium Wildlife","floor":5,"turns":6},{"damage":9,"enemies":"Blue Slaver","floor":7,"turns":4},{"damage":22,"enemies":"3 Sentries","floor":10,"turns":7},{"damage":0,"enemies":"Gremlin Gang","floor":13,"turns":4},{"damage":2,"enemies":"2 Fungi Beasts","floor":14,"turns":4},{"damage":15,"enemies":"The Guardian","floor":16,"turns":9},{"damage":18,"enemies":"Shell Parasite","floor":18,"turns":6},{"damage":13,"enemies":"Spheric Guardian","floor":21,"turns":5},{"damage":30,"enemies":"3 Cultists","floor":22,"turns":5},{"damage":9,"enemies":"Gremlin Leader","floor":24,"turns":6},{"damage":7,"enemies":"Shelled Parasite and Fungi","floor":27,"turns":6},{"damage":21,"enemies":"Masked Bandits","floor":29,"turns":5},{"damage":0,"enemies":"Centurion and Healer","floor":31,"turns":8},{"damage":31,"enemies":"Collector","floor":33,"turns":10},{"damage":1,"enemies":"3 Shapes","floor":35,"turns":3},{"damage":86,"enemies":"2 Orb Walkers","floor":36,"turns":5}],"seed_played":"3785362773198292332","potions_obtained":[{"floor":1,"key":"FearPotion"},{"floor":3,"key":"Weak Potion"},{"floor":4,"key":"SkillPotion"},{"floor":14,"key":"PowerPotion"},{"floor":22,"key":"SpeedPotion"},{"floor":24,"key":"Regen Potion"},{"floor":29,"key":"Strength Potion"}],"is_trial":false,"path_per_floor":["M","?","M","M","M","R","M","R","T","E","?","R","M","M","R","B",null,"M","?","?","M","M","R","E","R","T","M","R","?","$","M","R","B",null,"M","?"],"character_chosen":"IRONCLAD","items_purchased":["Omamori","Disarm","Heavy Blade"],"campfire_rested":3,"item_purchase_floors":[30,30,30],"current_hp_per_floor":[63,63,62,53,32,32,29,50,50,34,34,34,40,44,44,35,72,60,60,60,53,29,29,33,33,33,32,55,40,40,46,68,43,76,76,0],"gold":409,"neow_bonus":"RANDOM_COLORLESS_2","is_prod":false,"is_daily":false,"chose_seed":false,"campfire_upgraded":5,"win_rate":0,"timestamp":1553885745,"path_taken":["M","?","M","M","M","R","M","R","T","E","?","R","?","M","R","BOSS","M","?","?","?","M","R","E","R","T","M","R","?","$","M","R","BOSS","M","?"],"build_version":"2019-01-23","purchased_purges":1,"victory":false,"max_hp_per_floor":[72,72,72,72,72,72,72,72,72,72,72,72,72,72,72,72,72,72,72,72,72,72,72,79,79,79,79,79,79,76,76,76,76,76,76,76],"card_choices":[{"not_picked":["Rage","Anger"],"picked":"Inflame","floor":1},{"not_picked":["Reckless Charge","Ghostly Armor"],"picked":"Cleave","floor":3},{"not_picked":["Reckless Charge","Body Slam"],"picked":"Shrug It Off","floor":4},{"not_picked":["Clash","Disarm"],"picked":"Twin Strike","floor":5},{"not_picked":["Sword Boomerang","Spot Weakness"],"picked":"True Grit","floor":7},{"not_picked":["Burning Pact","Havoc"],"picked":"Flame Barrier","floor":10},{"not_picked":["Clash","Body Slam"],"picked":"Headbutt","floor":13},{"not_picked":["Hemokinesis","Iron Wave","Rage"],"picked":"SKIP","floor":14},{"not_picked":["Feed","Double Tap"],"picked":"Berserk","floor":16},{"not_picked":["Warcry","Wild Strike+1"],"picked":"Disarm+1","floor":18},{"not_picked":["Iron Wave","Combust"],"picked":"Pommel Strike","floor":21},{"not_picked":["Iron Wave","Pummel"],"picked":"Power Through+1","floor":22},{"not_picked":["Bludgeon","Clash"],"picked":"Cleave+1","floor":24},{"not_picked":["Blood for Blood","Dropkick"],"picked":"Warcry","floor":27},{"not_picked":["Combust","Sword Boomerang"],"picked":"Power Through+1","floor":29},{"not_picked":["Sword Boomerang","Infernal Blade"],"picked":"Disarm+1","floor":31},{"not_picked":["Berserk","Juggernaut"],"picked":"Exhume","floor":33},{"not_picked":["Feel No Pain"],"picked":"SKIP","floor":35}],"player_experience":132051,"relics_obtained":[{"floor":9,"key":"Tiny Chest"},{"floor":10,"key":"Smiling Mask"},{"floor":24,"key":"Strawberry"},{"floor":26,"key":"Anchor"},{"floor":29,"key":"Red Mask"}],"event_choices":[{"cards_removed":["Strike_R"],"damage_healed":0,"gold_gain":0,"player_choice":"Card Removal","damage_taken":0,"max_hp_gain":0,"max_hp_loss":0,"event_name":"The Cleric","floor":2,"gold_loss":50},{"damage_healed":0,"gold_gain":0,"player_choice":"Bought 0 Potions","damage_taken":0,"max_hp_gain":0,"max_hp_loss":0,"event_name":"The Woman in Blue","floor":11,"gold_loss":0},{"damage_healed":0,"gold_gain":99,"player_choice":"Stole From Cult","damage_taken":0,"max_hp_gain":0,"max_hp_loss":0,"event_name":"Nest","floor":19,"gold_loss":0},{"cards_removed":["Strike_R"],"damage_healed":0,"gold_gain":0,"player_choice":"Purged","damage_taken":0,"max_hp_gain":0,"max_hp_loss":0,"event_name":"Purifier","floor":20,"gold_loss":0},{"damage_healed":0,"gold_gain":0,"player_choice":"Fought Bandits","damage_taken":0,"max_hp_gain":0,"max_hp_loss":0,"event_name":"Masked Bandits","floor":29,"gold_loss":0},{"damage_healed":0,"gold_gain":0,"player_choice":"Fight","damage_taken":0,"max_hp_gain":0,"max_hp_loss":0,"event_name":"Mysterious Sphere","floor":36,"gold_loss":0}],"is_beta":false,"boss_relics":[{"not_picked":["Coffee Dripper","Black Blood"],"picked":"Cursed Key"},{"not_picked":["Empty Cage","Black Star"],"picked":"Busted Crown"}],"items_purged_floors":[30],"is_endless":false,"potions_floor_spawned":[1,3,4,10,14,21,22,24,29,33],"killed_by":"2 Orb Walkers","ascension_level":0}