{"gold_per_floor":[116,116,140,315,33,90,90,100,175,175,204,214,233,249,249,349,349,359,3,0,0,0,0,10,45,45,45,45,65,65,75,75,173,173,184,195,23,36,36,36,46,46,46,81,81,93,104,115,115,115],"floor_reached":51,"playtime":1891,"items_purged":["Doubt","Shame"],"score":1148,"play_id":"55262190-0d1c-4428-b839-eb70bcb455f2","local_time":"20181005010025","is_ascension_mode":true,"campfire_choices":[{"data":"Bash","floor":7,"key":"SMITH"},{"data":"Heavy Blade","floor":10,"key":"SMITH"},{"floor":15,"key":"REST"},{"data":"Heavy Blade","floor":23,"key":"SMITH"},{"data":"Infernal Blade","floor":28,"key":"SMITH"},{"data":"Bloodletting","floor":30,"key":"SMITH"},{"data":"Impervious","floor":32,"key":"SMITH"},{"data":"Armaments","floor":40,"key":"SMITH"},{"data":"Limit Break","floor":42,"key":"SMITH"},{"data":"Immolate","floor":45,"key":"SMITH"},{"data":"Anger","floor":49,"key":"SMITH"}],"neow_cost":"","seed_source_timestamp":208566789335273,"circlet_count":0,"master_deck":["Strike_R+1","Strike_R","Strike_R","Strike_R+1","Strike_R","Defend_R","Defend_R","Defend_R","Defend_R","Bash+1","AscendersBane","Clash","Heavy Blade+1","Infernal Blade+1","Shrug It Off","Twin Strike","Heavy Blade+1","Immolate+1","Anger+1","Cleave","Bloodletting+1","Ghostly Armor","Impervious+1","Limit Break+1","Ghostly Armor+1","Armaments+1","Dropkick","Feel No Pain+1","Decay","Shrug It Off+1","Infernal Blade+1","Shockwave+1","Warcry+1"],"relics":["Black Blood","Art of War","Brimstone","Tiny Chest","Bottled Flame","Calipers","Runic Pyramid","Thread and Needle","Bronze Scales","Magic Flower","Ornamental Fan","MutagenicStrength","Regal Pillow","Question Card"],"potions_floor_usage":[33,33,33,50,50,50],"damage_taken":[{"damage":11,"enemies":"Jaw Worm","floor":1,"turns":4},{"damage":7,"enemies":"Gremlin Nob","floor":6,"turns":3},{"damage":3,"enemies":"2 Louse","floor":8,"turns":2},{"damage":16,"enemies":"3 Sentries","floor":11,"turns":4},{"damage":0,"enemies":"Small Slimes","floor":12,"turns":1},{"damage":15,"enemies":"Exordium Wildlife","floor":13,"turns":4},{"damage":10,"enemies":"Looter","floor":14,"turns":3},{"damage":0,"enemies":"Slime Boss","floor":16,"turns":5},{"damage":8,"enemies":"Shell Parasite","floor":18,"turns":3},{"damage":6,"enemies":"Spheric Guardian","floor":24,"turns":3},{"damage":17,"enemies":"Gremlin Leader","floor":25,"turns":3},{"damage":13,"enemies":"Centurion and Healer","floor":29,"turns":3},{"damage":0,"enemies":"Sentry and Sphere","floor":31,"turns":3},{"damage":68,"enemies":"Automaton","floor":33,"turns":8},{"damage":3,"enemies":"3 Darklings","floor":35,"turns":3},{"damage":8,"enemies":"Orb Walker","floor":36,"turns":3},{"damage":3,"enemies":"4 Shapes","floor":38,"turns":5},{"damage":5,"enemies":"Transient","floor":41,"turns":5},{"damage":49,"enemies":"2 Orb Walkers","floor":44,"turns":5},{"damage":13,"enemies":"Sphere and 2 Shapes","floor":46,"turns":5},{"damage":3,"enemies":"Reptomancer","floor":47,"turns":2},{"damage":17,"enemies":"Maw","floor":48,"turns":5},{"damage":28,"enemies":"Time Eater","floor":50,"turns":5}],"seed_played":"2879256468372628778","potions_obtained":[{"floor":6,"key":"SteroidPotion"},{"floor":12,"key":"BloodPotion"},{"floor":14,"key":"SteroidPotion"},{"floor":29,"key":"FearPotion"},{"floor":38,"key":"LiquidBronze"},{"floor":41,"key":"BloodPotion"},{"floor":46,"key":"Strength Potion"},{"floor":47,"key":"Energy Potion"}],"is_trial":false,"path_per_floor":["M","?","T","?","$","E","R","M","T","R","E","M","M","M","R","B",null,"M","$","?","?","$","R","M","E","T","?","R","M","R","M","R","B",null,"M","M","$","M","?","R","M","R","T","E","R","M","M","M","R","B"],"character_chosen":"IRONCLAD","items_purchased":["Brimstone","Thread and Needle","Cleave","Dropkick"],"campfire_rested":1,"item_purchase_floors":[5,19,19,37],"current_hp_per_floor":[67,51,51,51,51,50,50,53,53,53,43,49,40,36,60,66,77,75,75,75,75,75,75,75,64,64,64,64,60,60,69,69,22,66,78,80,80,80,80,80,80,80,80,46,46,48,60,58,58,45],"gold":115,"neow_bonus":"","is_prod":false,"is_daily":false,"chose_seed":false,"campfire_upgraded":10,"win_rate":0,"timestamp":1538697625,"path_taken":["M","?","?","?","$","E","R","M","T","R","E","?","M","?","R","BOSS","M","$","?","?","$","R","M","E","T","?","R","?","R","M","R","BOSS","M","M","$","M","?","R","?","R","T","E","R","M","?","M","R","BOSS"],"build_version":"2018-10-04","purchased_purges":2,"victory":true,"max_hp_per_floor":[80,80,80,80,80,80,80,80,80,80,80,80,80,80,80,80,80,80,80,80,80,80,80,80,80,80,80,80,80,80,80,80,80,80,80,80,80,80,80,80,80,80,80,80,80,80,80,80,80,80],"card_choices":[{"not_picked":["Warcry","Corruption","Thunderclap"],"picked":"SKIP","floor":1},{"not_picked":["Rupture","Perfected Strike"],"picked":"Clash","floor":6},{"not_picked":["Cleave","Perfected Strike"],"picked":"Heavy Blade","floor":8},{"not_picked":["Sentinel","Barricade"],"picked":"Infernal Blade","floor":11},{"not_picked":["Flex","Clothesline"],"picked":"Shrug It Off","floor":12},{"not_picked":["Perfected Strike","Sever Soul"],"picked":"Twin Strike","floor":13},{"not_picked":["Headbutt","Wild Strike"],"picked":"Heavy Blade","floor":14},{"not_picked":["Fiend Fire","Exhume"],"picked":"Immolate","floor":16},{"not_picked":["Thunderclap+1","Body Slam"],"picked":"Anger","floor":18},{"not_picked":["Sword Boomerang","Combust","Rampage"],"picked":"SKIP","floor":24},{"not_picked":["Warcry","Inflame"],"picked":"Bloodletting","floor":25},{"not_picked":["Wild Strike","Sword Boomerang"],"picked":"Ghostly Armor","floor":29},{"not_picked":["Cleave+1","Pommel Strike+1"],"picked":"Impervious","floor":31},{"not_picked":["Exhume","Demon Form"],"picked":"Limit Break","floor":33},{"not_picked":["Fire Breathing+1","Twin Strike+1"],"picked":"Ghostly Armor+1","floor":35},{"not_picked":["Whirlwind","Sword Boomerang+1"],"picked":"Armaments","floor":36},{"not_picked":["Pommel Strike+1","Wild Strike+1"],"picked":"Feel No Pain+1","floor":38},{"not_picked":["Pommel Strike","Body Slam","Warcry"],"picked":"SKIP","floor":41},{"not_picked":["Feed","Uppercut+1"],"picked":"Shrug It Off+1","floor":44},{"not_picked":["Combust+1","Pommel Strike+1","Thunderclap+1"],"picked":"Infernal Blade+1","floor":46},{"not_picked":["Warcry","Whirlwind","Corruption+1"],"picked":"Shockwave+1","floor":47},{"not_picked":["Perfected Strike","Pommel Strike","Evolve+1"],"picked":"Warcry+1","floor":48}],"player_experience":449689,"relics_obtained":[{"floor":3,"key":"Art of War"},{"floor":6,"key":"Tiny Chest"},{"floor":9,"key":"Bottled Flame"},{"floor":11,"key":"Calipers"},{"floor":25,"key":"Magic Flower"},{"floor":26,"key":"Ornamental Fan"},{"floor":43,"key":"Regal Pillow"},{"floor":44,"key":"Question Card"}],"event_choices":[{"event_name":"Shining Light","player_choice":"Entered Light","floor":2,"damage_taken":0},{"event_name":"Liars Game","player_choice":"agreed","floor":4,"damage_taken":0},{"event_name":"Masked Bandits","player_choice":"Paid Fearfully","floor":20,"damage_taken":0},{"event_name":"Addict","player_choice":"Stole Relic","floor":21,"damage_taken":0},{"event_name":"Drug Dealer","player_choice":"Inject Mutagens","floor":27,"damage_taken":0},{"event_name":"Wheel of Change","player_choice":"Curse","floor":39,"damage_taken":0}],"is_beta":false,"boss_relics":[{"not_picked":["Eternal Feather","Calling Bell"],"picked":"Runic Pyramid"},{"not_picked":["Orrery","Mark of Pain"],"picked":"Black Blood"}],"items_purged_floors":[5,37],"is_endless":false,"potions_floor_spawned":[6,12,14,29,31,38,41,46,47],"ascension_level":10}