{"gold_per_floor":[114,64,83,95,95,95,125,125,125,143,143,160,7,20,20,121,121,133,133,133,147,67,92,102,102,102,132,132,132,132,148,148,245,245,255,255,273,287,287,287,319,319,344,374,390,400,417,427,427,427,427,427,97,131,131],"floor_reached":56,"playtime":5898,"items_purged":["Strike_G","Decay"],"score":1901,"play_id":"90a0994e-9170-4d6e-9ad3-4a5f8c4ceaaa","local_time":"20190320210559","is_ascension_mode":true,"campfire_choices":[{"data":"Neutralize","floor":6,"key":"SMITH"},{"data":"Bouncing Flask","floor":8,"key":"SMITH"},{"data":"Dash","floor":11,"key":"SMITH"},{"data":"Footwork","floor":15,"key":"SMITH"},{"data":"Catalyst","floor":25,"key":"SMITH"},{"floor":28,"key":"REST"},{"data":"Catalyst","floor":32,"key":"SMITH"},{"floor":40,"key":"REST"},{"floor":42,"key":"RECALL"},{"floor":49,"key":"REST"},{"floor":52,"key":"REST"}],"neow_cost":"NONE","seed_source_timestamp":14819335025128,"circlet_count":0,"master_deck":["AscendersBane","Defend_G","Defend_G","Defend_G","Defend_G","Survivor","Neutralize+1","Bouncing Flask+1","Dash+1","Flying Knee","Backflip","Bouncing Flask","Footwork+1","Bullet Time","PiercingWail+1","Catalyst+1","Noxious Fumes","Catalyst+1","PiercingWail","Cloak And Dagger","Night Terror","Predator+1","Burst","Acrobatics+1","Backflip+1","Footwork"],"relics":["Ring of the Snake","Pear","Bronze Scales","Snecko Eye","Letter Opener","Bird Faced Urn","Sundial","Strawberry","Fusion Hammer","Molten Egg 2","Ginger","Lantern","Incense Burner"],"potions_floor_usage":[7,16,24,27,27,35,48,55],"damage_taken":[{"damage":0,"enemies":"2 Louse","floor":1,"turns":4},{"damage":6,"enemies":"Cultist","floor":3,"turns":5},{"damage":0,"enemies":"Small Slimes","floor":4,"turns":4},{"damage":0,"enemies":"3 Sentries","floor":7,"turns":10},{"damage":6,"enemies":"Exordium Thugs","floor":10,"turns":4},{"damage":0,"enemies":"Exordium Wildlife","floor":12,"turns":3},{"damage":0,"enemies":"3 Louse","floor":14,"turns":3},{"damage":7,"enemies":"Hexaghost","floor":16,"turns":8},{"damage":0,"enemies":"Spheric Guardian","floor":18,"turns":2},{"damage":1,"enemies":"2 Thieves","floor":21,"turns":3},{"damage":0,"enemies":"Book of Stabbing","floor":23,"turns":3},{"damage":19,"enemies":"Sentry and Sphere","floor":24,"turns":4},{"damage":8,"enemies":"Slavers","floor":27,"turns":5},{"damage":0,"enemies":"Snake Plant","floor":31,"turns":2},{"damage":13,"enemies":"Champ","floor":33,"turns":5},{"damage":4,"enemies":"Orb Walker","floor":35,"turns":2},{"damage":12,"enemies":"3 Darklings","floor":37,"turns":4},{"damage":37,"enemies":"Writhing Mass","floor":38,"turns":3},{"damage":9,"enemies":"Reptomancer","floor":41,"turns":5},{"damage":5,"enemies":"Giant Head","floor":44,"turns":3},{"damage":9,"enemies":"4 Shapes","floor":45,"turns":4},{"damage":0,"enemies":"Jaw Worm Horde","floor":46,"turns":3},{"damage":7,"enemies":"Sphere and 2 Shapes","floor":47,"turns":5},{"damage":7,"enemies":"Transient","floor":48,"turns":5},{"damage":0,"enemies":"Time Eater","floor":50,"turns":3},{"damage":2,"enemies":"Shield and Spear","floor":54,"turns":4},{"damage":65,"enemies":"The Heart","floor":55,"turns":4}],"seed_played":"2996314839301645154","potions_obtained":[{"floor":3,"key":"Fire Potion"},{"floor":4,"key":"Poison Potion"},{"floor":12,"key":"LiquidBronze"},{"floor":16,"key":"Dexterity Potion"},{"floor":24,"key":"PowerPotion"},{"floor":27,"key":"SpeedPotion"},{"floor":31,"key":"Block Potion"},{"floor":37,"key":"Ancient Potion"},{"floor":38,"key":"Poison Potion"},{"floor":47,"key":"Weak Potion"},{"floor":48,"key":"SmokeBomb"}],"is_trial":false,"path_per_floor":["M","?","M","M","?","R","E","R","T","M","R","M","$","M","R","B",null,"M","T","?","M","$","E","M","R","T","E","R","?","?","M","R","B",null,"M","?","M","M","?","R","E","R","T","E","M","M","M","M","R","B",null,"R","$","E","B",null],"character_chosen":"THE_SILENT","items_purchased":["Bouncing Flask","Noxious Fumes","Lantern","Footwork"],"campfire_rested":4,"item_purchase_floors":[13,22,53,53],"current_hp_per_floor":[70,70,64,64,64,64,74,74,74,68,68,68,68,68,68,61,81,81,81,78,77,77,77,60,60,60,65,93,93,94,94,94,85,92,88,88,86,53,53,81,76,76,76,73,68,70,67,64,92,94,94,94,94,94,35],"gold":131,"neow_bonus":"TEN_PERCENT_HP_BONUS","is_prod":false,"is_daily":false,"chose_seed":false,"campfire_upgraded":6,"win_rate":0,"timestamp":1553112359,"path_taken":["M","?","M","M","?","R","E","R","T","M","R","M","$","M","R","BOSS","M","?","?","?","$","E","M","R","T","E","R","?","?","?","R","BOSS","M","?","M","M","?","R","E","R","T","E","M","M","?","M","R","BOSS","R","$","E","BOSS"],"build_version":"2019-01-23","purchased_purges":2,"victory":true,"max_hp_per_floor":[77,77,77,77,77,77,87,87,87,87,87,87,87,87,87,87,87,87,87,87,87,87,87,87,87,87,94,94,94,94,94,94,94,94,94,94,94,94,94,94,94,94,94,94,94,94,94,94,94,94,94,94,94,94,94],"card_choices":[{"not_picked":["Acrobatics","Masterful Stab"],"picked":"Bouncing Flask","floor":1},{"not_picked":["Cloak And Dagger","Quick Slash"],"picked":"Dash","floor":3},{"not_picked":["Sucker Punch","Blade Dance"],"picked":"Flying Knee","floor":4},{"not_picked":["Cloak And Dagger","Backflip","Flying Knee"],"picked":"SKIP","floor":7},{"not_picked":["Sucker Punch","Bane"],"picked":"Backflip","floor":10},{"not_picked":["Blade Dance","Slice"],"picked":"Escape Plan","floor":12},{"not_picked":["Outmaneuver","Quick Slash"],"picked":"Footwork","floor":14},{"not_picked":["Unload","Wraith Form v2"],"picked":"Bullet Time","floor":16},{"not_picked":["Deflect","Quick Slash+1"],"picked":"PiercingWail+1","floor":18},{"not_picked":["Deflect","Dagger Throw"],"picked":"Catalyst","floor":21},{"not_picked":["Phantasmal Killer","Bane"],"picked":"Catalyst","floor":23},{"not_picked":["Slice","Tactician","Deflect"],"picked":"SKIP","floor":24},{"not_picked":["Well Laid Plans+1","Underhanded Strike"],"picked":"PiercingWail","floor":27},{"not_picked":["Escape Plan","Distraction"],"picked":"Predator+1","floor":31},{"not_picked":["Die Die Die","Bullet Time"],"picked":"Burst","floor":33},{"not_picked":["Acrobatics","Outmaneuver+1","Slice+1"],"picked":"SKIP","floor":35},{"not_picked":["Flechettes","Escape Plan+1"],"picked":"Acrobatics+1","floor":37},{"not_picked":["Bane","Tactician+1","Cloak And Dagger"],"picked":"SKIP","floor":38},{"not_picked":["Storm of Steel","Sucker Punch+1","Flying Knee"],"picked":"SKIP","floor":41},{"not_picked":["Cloak And Dagger","Dodge and Roll","Dagger Spray+1"],"picked":"SKIP","floor":44},{"not_picked":["Cloak And Dagger+1","Deadly Poison"],"picked":"Backflip+1","floor":45},{"not_picked":["Sucker Punch+1","Choke+1","Expertise"],"picked":"SKIP","floor":46},{"not_picked":["Sucker Punch+1","Underhanded Strike+1","Finisher+1"],"picked":"SKIP","floor":47},{"not_picked":["Dagger Throw+1","Riddle With Holes+1","Escape Plan+1"],"picked":"SKIP","floor":48},{"not_picked":["Finisher+1","Poisoned Stab+1","Blade Dance+1"],"picked":"SKIP","floor":54}],"player_experience":713453,"relics_obtained":[{"floor":7,"key":"Pear"},{"floor":9,"key":"Bronze Scales"},{"floor":19,"key":"Letter Opener"},{"floor":23,"key":"Bird Faced Urn"},{"floor":26,"key":"Sundial"},{"floor":27,"key":"Strawberry"},{"floor":41,"key":"Molten Egg 2"},{"floor":44,"key":"Ginger"},{"floor":54,"key":"Incense Burner"}],"event_choices":[{"cards_removed":["Strike_G"],"damage_healed":0,"gold_gain":0,"player_choice":"Card Removal","damage_taken":0,"max_hp_gain":0,"max_hp_loss":0,"event_name":"The Cleric","floor":2,"gold_loss":50},{"cards_removed":["Strike_G"],"damage_healed":0,"gold_gain":0,"player_choice":"Purged","damage_taken":0,"max_hp_gain":0,"max_hp_loss":0,"event_name":"Purifier","floor":5,"gold_loss":0},{"damage_healed":0,"gold_gain":0,"player_choice":"Punched","damage_taken":3,"max_hp_gain":0,"max_hp_loss":0,"event_name":"Designer","floor":20,"gold_loss":0},{"damage_healed":0,"gold_gain":0,"cards_transformed":["Strike_G","Strike_G"],"player_choice":"Became Test Subject","damage_taken":0,"max_hp_gain":0,"max_hp_loss":0,"event_name":"Drug Dealer","floor":29,"gold_loss":0,"cards_obtained":["Cloak And Dagger","Night Terror"]},{"cards_removed":["Escape Plan"],"damage_healed":1,"gold_gain":0,"player_choice":"Offered Uncommon","damage_taken":0,"max_hp_gain":0,"max_hp_loss":0,"event_name":"Bonfire Elementals","floor":30,"gold_loss":0},{"cards_removed":["Defend_G"],"damage_healed":0,"gold_gain":0,"player_choice":"Removed Skill","damage_taken":0,"max_hp_gain":0,"max_hp_loss":0,"event_name":"Falling","floor":36,"gold_loss":0},{"damage_healed":0,"gold_gain":0,"player_choice":"Cursed","damage_taken":0,"max_hp_gain":0,"max_hp_loss":0,"event_name":"Wheel of Change","floor":39,"gold_loss":0,"cards_obtained":["Decay"]}],"is_beta":false,"boss_relics":[{"not_picked":["Pandora\u0027s Box","Lizard Tail"],"picked":"Snecko Eye"},{"not_picked":["Astrolabe","White Beast Statue"],"picked":"Fusion Hammer"}],"items_purged_floors":[13,53],"is_endless":false,"potions_floor_spawned":[3,4,12,14,16,24,27,31,37,38,45,47,48],"ascension_level":11}