{"gold_per_floor":[119,394,414,414,427,427,440,440,440,458,633,645,656,656],"floor_reached":14,"playtime":515,"items_purged":[],"score":101,"play_id":"c15dca9c-0c8d-4f12-aa5e-51d1019e171d","local_time":"20180830015647","is_ascension_mode":true,"campfire_choices":[{"data":"Genetic Algorithm","floor":6,"key":"SMITH"},{"data":"Zap","floor":8,"key":"SMITH"}],"neow_cost":"NONE","seed_source_timestamp":711317885194167,"circlet_count":0,"master_deck":["Strike_B","Strike_B","Strike_B","Strike_B","Defend_B","Defend_B","Defend_B","Defend_B","Zap+1","Dualcast","Coolheaded","Regret","Genetic Algorithm+1","Conserve Battery","Steam","Doubt","Self Repair"],"relics":["Cracked Core","Orichalcum","Turnip","Dodecahedron"],"potions_floor_usage":[],"damage_taken":[{"damage":8,"enemies":"Jaw Worm","floor":1,"turns":3},{"damage":3,"enemies":"Cultist","floor":3,"turns":3},{"damage":3,"enemies":"Small Slimes","floor":5,"turns":3},{"damage":16,"enemies":"Exordium Wildlife","floor":7,"turns":6},{"damage":5,"enemies":"Looter","floor":10,"turns":4},{"damage":21,"enemies":"Gremlin Gang","floor":12,"turns":5},{"damage":11,"enemies":"3 Louse","floor":13,"turns":4},{"damage":8,"enemies":"Large Slime","floor":14,"turns":5}],"seed_played":"9209938623065746262","potions_obtained":[{"floor":5,"key":"EssenceOfSteel"},{"floor":7,"key":"Strength Potion"},{"floor":13,"key":"FocusPotion"}],"is_trial":false,"path_per_floor":["M","?","M","T","M","R","M","R","T","M","?","M","M"],"character_chosen":"DEFECT","items_purchased":[],"campfire_rested":0,"item_purchase_floors":[],"current_hp_per_floor":[67,67,64,64,61,61,45,45,45,40,40,19,8,0],"gold":656,"neow_bonus":"RANDOM_COMMON_RELIC","is_prod":false,"is_daily":false,"chose_seed":false,"campfire_upgraded":2,"win_rate":0,"timestamp":1535590607,"path_taken":["M","?","M","?","M","R","M","R","T","?","?","M","?","M"],"build_version":"2018-08-23v2","purchased_purges":0,"victory":false,"max_hp_per_floor":[75,75,75,75,75,75,75,75,75,75,75,75,75,75],"card_choices":[{"not_picked":["Barrage","Static Discharge"],"picked":"Coolheaded","floor":1},{"not_picked":["Ball Lightning","Lockon","Cold Snap"],"picked":"SKIP","floor":3},{"not_picked":["Barrage","Leap"],"picked":"Genetic Algorithm","floor":5},{"not_picked":["Coolheaded","Go for the Eyes"],"picked":"Conserve Battery","floor":7},{"not_picked":["Hologram","Ball Lightning"],"picked":"Steam","floor":10},{"not_picked":["Stack","Doom and Gloom","Hologram"],"picked":"SKIP","floor":12},{"not_picked":["Doom and Gloom","Consume"],"picked":"Self Repair","floor":13}],"player_experience":280467,"relics_obtained":[{"floor":4,"key":"Turnip"},{"floor":9,"key":"Dodecahedron"}],"event_choices":[{"event_name":"Golden Shrine","player_choice":"Desecrate","floor":2,"damage_taken":0},{"event_name":"Liars Game","player_choice":"agreed","floor":11,"damage_taken":0}],"is_beta":false,"boss_relics":[],"items_purged_floors":[],"is_endless":false,"potions_floor_spawned":[5,7,13],"killed_by":"Large Slime","ascension_level":4}