{"gold_per_floor":[114,129,204,219,234,15,30,45,45,75,75,75,75,90,90,190,190,205,220,235,250,175,175,175,175,200,230,245,260,260,275,275,375,375,390,405,420,420,420,420,450,450,525,525,45,60,75,90,90,90],"floor_reached":51,"playtime":2349,"items_purged":["Writhe"],"score":780,"play_id":"e85998bb-298b-4ebf-9cb4-835467f1ec90","local_time":"20181028230759","daily_mods":["SealedDeck","Uncertain Future","Lethality"],"is_ascension_mode":false,"campfire_choices":[{"data":"Blizzard","floor":12.0,"key":"SMITH"},{"data":"Defragment","floor":15.0,"key":"SMITH"},{"data":"Panache","floor":30,"key":"SMITH"},{"floor":32,"key":"REST"},{"data":"Capacitor","floor":40,"key":"SMITH"},{"data":"Chill","floor":42,"key":"SMITH"},{"data":"Machine Learning","floor":49,"key":"SMITH"}],"neow_cost":"","seed_source_timestamp":0,"circlet_count":0,"master_deck":["Capacitor+1","Cold Snap","Blizzard+1","Sweeping Beam","Genetic Algorithm","Chill+1","Coolheaded","Conserve Battery","FTL","Defragment+1","Auto Shields","Conserve Battery","Coolheaded","Conserve Battery","Panache+1","Loop","Seek","Conserve Battery","Machine Learning+1","Redo","Conserve Battery+1","Madness","Madness","FTL","Discovery","Blizzard","FTL+1","Sweeping Beam+1","BootSequence"],"special_seed":17832,"relics":["Cracked Core","Bronze Scales","Juzu Bracelet","Cursed Key","MutagenicStrength","Omamori","Bag of Marbles","Eternal Feather","Girya","Bottled Tornado","Membership Card","Pantograph"],"potions_floor_usage":[27,50,50,50,50,50,50],"damage_taken":[{"damage":0.0,"enemies":"2 Louse","floor":1.0,"turns":2.0},{"damage":0.0,"enemies":"Small Slimes","floor":2.0,"turns":3.0},{"damage":2.0,"enemies":"Jaw Worm","floor":4.0,"turns":2.0},{"damage":8.0,"enemies":"Exordium Wildlife","floor":5.0,"turns":3.0},{"damage":12.0,"enemies":"3 Louse","floor":7.0,"turns":2.0},{"damage":0.0,"enemies":"Exordium Thugs","floor":8.0,"turns":3.0},{"damage":2.0,"enemies":"3 Sentries","floor":10.0,"turns":4.0},{"damage":7.0,"enemies":"Exordium Wildlife","floor":14.0,"turns":4.0},{"damage":0.0,"enemies":"Slime Boss","floor":16.0,"turns":7.0},{"damage":8.0,"enemies":"2 Thieves","floor":18.0,"turns":4.0},{"damage":0.0,"enemies":"Chosen","floor":19.0,"turns":4.0},{"damage":1.0,"enemies":"3 Cultists","floor":20.0,"turns":6.0},{"damage":0.0,"enemies":"Snecko","floor":21.0,"turns":5.0},{"damage":1,"enemies":"Book of Stabbing","floor":27,"turns":4},{"damage":3,"enemies":"Centurion and Healer","floor":28,"turns":5},{"damage":3,"enemies":"3 Cultists","floor":29,"turns":3},{"damage":10,"enemies":"Snecko","floor":31,"turns":5},{"damage":8,"enemies":"Collector","floor":33,"turns":8},{"damage":0,"enemies":"Orb Walker","floor":35,"turns":3},{"damage":0,"enemies":"3 Shapes","floor":36,"turns":5},{"damage":0,"enemies":"Transient","floor":37,"turns":5},{"damage":8,"enemies":"Reptomancer","floor":41,"turns":6},{"damage":4,"enemies":"3 Darklings","floor":46,"turns":4},{"damage":0,"enemies":"Sphere and 2 Shapes","floor":47,"turns":4},{"damage":3,"enemies":"4 Shapes","floor":48,"turns":2},{"damage":19,"enemies":"Awakened One","floor":50,"turns":11}],"seed_played":"5963366377252793879","potions_obtained":[{"floor":1.0,"key":"Swift Potion"},{"floor":2.0,"key":"EntropicBrew"},{"floor":7.0,"key":"Regen Potion"},{"floor":16.0,"key":"Dexterity Potion"},{"floor":31,"key":"Dexterity Potion"}],"is_trial":false,"path_per_floor":["M","M","?","M","M","$","M","M","T","E","?","R","$","M","R","B",null,"M","M","M","M","?","$","?","?","T","E","M","M","R","M","R","B",null,"M","M","M","?","?","R","E","R","T","?","$","M","M","M","R","B"],"character_chosen":"DEFECT","items_purchased":["Conserve Battery","Panache","Membership Card","FTL","Discovery","Pantograph","Blizzard"],"campfire_rested":1,"item_purchase_floors":[6,6,45,45,45,45,45],"current_hp_per_floor":[75,75,64,62,54,54,42,42,42,40,40,40,40,33,33,33,75,67,67,66,66,66,66,66,52,52,51,48,45,45,35,59,51,80,80,80,80,70,70,80,72,80,80,80,80,76,76,73,80,61],"gold":90,"neow_bonus":"","is_prod":false,"is_daily":true,"chose_seed":false,"campfire_upgraded":6,"win_rate":0,"timestamp":1540768079,"path_taken":["M","M","?","M","M","$","M","M","T","E","?","R","?","M","R","BOSS","M","M","M","M","?","$","?","?","T","E","M","M","R","M","R","BOSS","M","M","M","?","?","R","E","R","T","?","$","M","M","M","R","BOSS"],"build_version":"2018-10-25v2","purchased_purges":1,"victory":true,"max_hp_per_floor":[75,75,75,75,75,75,75,75,75,75,75,75,75,75,75,75,75,75,75,75,75,75,75,75,80,80,80,80,80,80,80,80,80,80,80,80,80,80,80,80,80,80,80,80,80,80,80,80,80,80],"card_choices":[{"not_picked":["Hologram","Ball Lightning"],"picked":"Cold Snap","floor":1.0},{"not_picked":["Skim","Ball Lightning"],"picked":"Auto Shields","floor":2.0},{"not_picked":["Hello World","Capacitor"],"picked":"Conserve Battery","floor":4.0},{"not_picked":["Ball Lightning","Steam"],"picked":"Coolheaded","floor":5.0},{"not_picked":["Beam Cell","Ball Lightning"],"picked":"Glacier","floor":7.0},{"not_picked":["Hello World","Creative AI","Compile Driver"],"picked":"SKIP","floor":8.0},{"not_picked":["Static Discharge","Sweeping Beam"],"picked":"Loop","floor":10.0},{"not_picked":["Doom and Gloom","Rebound","Stack"],"picked":"SKIP","floor":14.0},{"not_picked":["All For One","Buffer"],"picked":"Seek","floor":16.0},{"not_picked":["Tempest","Leap","Streamline"],"picked":"SKIP","floor":18.0},{"not_picked":["Compile Driver","Barrage+1","Hello World"],"picked":"SKIP","floor":19.0},{"not_picked":["Beam Cell","Darkness","Sweeping Beam+1"],"picked":"SKIP","floor":20.0},{"not_picked":["Turbo","Genetic Algorithm"],"picked":"Conserve Battery","floor":21},{"not_picked":["Steam","Rebound","Ball Lightning+1"],"picked":"SKIP","floor":27},{"not_picked":["Go for the Eyes","Rebound+1","Glacier"],"picked":"SKIP","floor":28},{"not_picked":["Sweeping Beam","Hello World","Tempest"],"picked":"SKIP","floor":29},{"not_picked":["Barrage","Compile Driver+1","Thunder Strike"],"picked":"SKIP","floor":31},{"not_picked":["All For One","Meteor Strike"],"picked":"Machine Learning","floor":33},{"not_picked":["Aggregate","Coolheaded"],"picked":"Redo","floor":35},{"not_picked":["Double Energy","Redo","Ball Lightning+1"],"picked":"SKIP","floor":36},{"not_picked":["Melter","Beam Cell"],"picked":"Conserve Battery+1","floor":37},{"not_picked":["Force Field","Turbo+1","Heatsinks+1"],"picked":"SKIP","floor":41},{"not_picked":["Beam Cell+1","Leap+1"],"picked":"FTL+1","floor":46},{"not_picked":["Turbo","Amplify"],"picked":"Sweeping Beam+1","floor":47},{"not_picked":["Rebound+1","Barrage"],"picked":"BootSequence","floor":48}],"player_experience":484715,"relics_obtained":[{"floor":9.0,"key":"Bronze Scales"},{"floor":10.0,"key":"Juzu Bracelet"},{"floor":26,"key":"Omamori"},{"floor":27,"key":"Bag of Marbles"},{"floor":41,"key":"Girya"},{"floor":43,"key":"Bottled Tornado"}],"event_choices":[{"damage_healed":0.0,"max_hp_gain":0.0,"max_hp_loss":0.0,"gold_gain":75.0,"event_name":"World of Goop","player_choice":"Gather Gold","floor":3.0,"gold_loss":0.0,"damage_taken":11.0},{"damage_healed":0.0,"max_hp_gain":0.0,"max_hp_loss":0.0,"gold_gain":0.0,"event_name":"Dead Adventurer","player_choice":"Searched \u00270\u0027 times","floor":11.0,"gold_loss":0.0,"damage_taken":0.0},{"cards_removed":["Glacier"],"damage_healed":0,"gold_gain":0,"player_choice":"Gave Gold","damage_taken":0,"max_hp_gain":0,"max_hp_loss":0,"event_name":"Beggar","floor":22,"gold_loss":75},{"damage_healed":0,"gold_gain":0,"player_choice":"Inject Mutagens","damage_taken":0,"relics_obtained":["MutagenicStrength"],"max_hp_gain":0,"max_hp_loss":0,"event_name":"Drug Dealer","floor":24,"gold_loss":0},{"damage_healed":0,"gold_gain":0,"player_choice":"Shed Blood","damage_taken":19,"max_hp_gain":5,"max_hp_loss":0,"event_name":"Forgotten Altar","floor":25,"gold_loss":0},{"damage_healed":0,"gold_gain":0,"player_choice":"Embrace Madness","damage_taken":10,"max_hp_gain":0,"max_hp_loss":0,"event_name":"Winding Halls","floor":38,"gold_loss":0,"cards_obtained":["Madness","Madness"]},{"damage_healed":0,"gold_gain":0,"player_choice":"Ignored","damage_taken":0,"max_hp_gain":0,"max_hp_loss":0,"event_name":"Tomb of Lord Red Mask","floor":39,"gold_loss":0},{"cards_removed":["Cold Snap"],"damage_healed":0,"gold_gain":0,"player_choice":"Removed Attack","damage_taken":0,"max_hp_gain":0,"max_hp_loss":0,"event_name":"Falling","floor":44,"gold_loss":0}],"is_beta":false,"boss_relics":[{"not_picked":["Ectoplasm","Lizard Tail"],"picked":"Cursed Key"},{"not_picked":["Fusion Hammer","Snecko Eye"],"picked":"Eternal Feather"}],"items_purged_floors":[45],"is_endless":false,"potions_floor_spawned":[1,2,7,16,18,19,31,33,35,37,47],"ascension_level":0}