{"gold_per_floor":[111,36,186,186,186,186,186,4,4,4,31,48,60,78,78,155,155,172,185,185,235,8,8,8],"floor_reached":24,"playtime":644,"items_purged":["Doubt"],"score":380,"play_id":"1792f6f7-0eb0-4133-9aec-38b3c6c42506","local_time":"20190310160134","is_ascension_mode":true,"campfire_choices":[{"floor":6,"key":"REST"},{"data":"Rainbow","floor":10,"key":"SMITH"},{"data":"Dualcast","floor":15,"key":"SMITH"},{"data":"Chaos","floor":23,"key":"SMITH"}],"neow_cost":"NONE","seed_source_timestamp":596912573399400,"circlet_count":0,"master_deck":["AscendersBane","Strike_B","Strike_B","Strike_B","Strike_B","Defend_B","Defend_B","Defend_B","Defend_B+1","Zap+1","Dualcast+1","Rainbow+1","Ball Lightning","Self Repair","Cold Snap","Undo","Core Surge","BootSequence","Chill","Capacitor","Chaos+1"],"relics":["Cracked Core","NeowsBlessing","Omamori","Mercury Hourglass","Happy Flower","Bag of Marbles","Sozu"],"potions_floor_usage":[],"damage_taken":[{"damage":0,"enemies":"2 Louse","floor":1,"turns":1},{"damage":0,"enemies":"Gremlin Nob","floor":11,"turns":1},{"damage":0,"enemies":"Small Slimes","floor":12,"turns":1},{"damage":0,"enemies":"Cultist","floor":13,"turns":2},{"damage":0,"enemies":"2 Fungi Beasts","floor":14,"turns":4},{"damage":20,"enemies":"The Guardian","floor":16,"turns":10},{"damage":7,"enemies":"Chosen","floor":18,"turns":4},{"damage":10,"enemies":"3 Byrds","floor":19,"turns":4},{"damage":26,"enemies":"Colosseum Slavers","floor":20,"turns":5},{"damage":41,"enemies":"Cultist and Chosen","floor":24,"turns":6}],"seed_played":"3353420784308700263","potions_obtained":[{"floor":1,"key":"SteroidPotion"},{"floor":14,"key":"SpeedPotion"}],"is_trial":false,"path_per_floor":["M","$","?","?","?","R","T","$","T","R","E","M","M","M","R","B",null,"M","M","?","?","$","R","M"],"character_chosen":"DEFECT","items_purchased":["Rainbow","Happy Flower","Ball Lightning","Capacitor","Chaos"],"campfire_rested":1,"item_purchase_floors":[2,8,8,22,22],"current_hp_per_floor":[64,64,64,29,8,29,29,29,29,29,29,29,29,29,29,16,57,57,54,35,35,35,35,0],"gold":8,"neow_bonus":"THREE_ENEMY_KILL","is_prod":false,"is_daily":false,"chose_seed":false,"campfire_upgraded":3,"win_rate":0,"timestamp":1552233694,"path_taken":["M","$","?","?","?","R","?","?","T","R","E","?","M","M","R","BOSS","M","M","?","?","?","R","M"],"build_version":"2019-01-23","purchased_purges":1,"victory":false,"max_hp_per_floor":[71,71,71,71,71,71,71,71,71,71,71,71,71,71,71,71,71,71,71,71,71,71,71,71],"card_choices":[{"not_picked":["Recycle","Turbo","Stack"],"picked":"SKIP","floor":1},{"not_picked":["Undo","Hello World"],"picked":"Self Repair","floor":11},{"not_picked":["Steam","Static Discharge","Skim"],"picked":"SKIP","floor":12},{"not_picked":["Compile Driver","Aggregate"],"picked":"Cold Snap","floor":13},{"not_picked":["Stack","Beam Cell"],"picked":"Undo","floor":14},{"not_picked":["Thunder Strike","Seek"],"picked":"Core Surge","floor":16},{"not_picked":["Steam","Barrage+1"],"picked":"BootSequence","floor":18},{"not_picked":["Barrage","Doom and Gloom"],"picked":"Chill","floor":19}],"player_experience":600095,"relics_obtained":[{"floor":7,"key":"Mercury Hourglass"},{"floor":11,"key":"Bag of Marbles"}],"event_choices":[{"damage_healed":0,"gold_gain":150,"player_choice":"AGREE","damage_taken":0,"max_hp_gain":0,"max_hp_loss":0,"event_name":"Liars Game","floor":3,"gold_loss":0,"cards_obtained":["Doubt"]},{"damage_healed":0,"gold_gain":0,"player_choice":"Success","damage_taken":35,"relics_obtained":["Omamori"],"max_hp_gain":0,"max_hp_loss":0,"event_name":"Scrap Ooze","floor":4,"gold_loss":0},{"damage_healed":0,"gold_gain":0,"player_choice":"Entered Light","damage_taken":21,"max_hp_gain":0,"max_hp_loss":0,"event_name":"Shining Light","floor":5,"gold_loss":0,"cards_upgraded":["Zap","Defend_B"]},{"damage_healed":0,"gold_gain":0,"player_choice":"Fight","damage_taken":0,"max_hp_gain":0,"max_hp_loss":0,"event_name":"Colosseum","floor":20,"gold_loss":0},{"damage_healed":0,"gold_gain":0,"player_choice":"Fled From Nobs","damage_taken":0,"max_hp_gain":0,"max_hp_loss":0,"event_name":"Colosseum","floor":20,"gold_loss":0},{"damage_healed":0,"gold_gain":50,"player_choice":"Stole From Cult","damage_taken":0,"max_hp_gain":0,"max_hp_loss":0,"event_name":"Nest","floor":21,"gold_loss":0}],"is_beta":false,"boss_relics":[{"not_picked":["White Beast Statue","Black Star"],"picked":"Sozu"}],"items_purged_floors":[22],"is_endless":false,"potions_floor_spawned":[1,14,18,19,20],"killed_by":"Cultist and Chosen","ascension_level":15}