{"gold_per_floor":[117,117,130,85,85,85,100,100,100,100,112,126,160,175,175,274,274,291,304,304,3,3,3,22,22,46,56,82,82,116,166,166,267,267,282,301,312,239,239,239,239,239,239,239,258,258,287,300,300,300],"floor_reached":51,"playtime":2262,"items_purged":[],"score":1191,"play_id":"596e8957-e02e-4ddd-9057-23a9ce51b319","local_time":"20181117153132","is_ascension_mode":true,"campfire_choices":[{"data":"Self Repair","floor":6,"key":"SMITH"},{"data":"Undo","floor":10,"key":"SMITH"},{"data":"Chaos","floor":15,"key":"SMITH"},{"data":"Electrodynamics","floor":23,"key":"SMITH"},{"data":"Capacitor","floor":25,"key":"SMITH"},{"data":"Loop","floor":29,"key":"SMITH"},{"data":"Coolheaded","floor":32,"key":"SMITH"},{"data":"Chrysalis","floor":42,"key":"SMITH"}],"neow_cost":"NONE","seed_source_timestamp":1817479978954182,"circlet_count":0,"master_deck":["AscendersBane","Defend_B+1","Defend_B+1","Defend_B+1","Zap+1","Dualcast+1","Self Repair+1","Ball Lightning+1","Undo+1","Conserve Battery+1","Chaos+1","Loop+1","Capacitor+1","Electrodynamics+1","Fission+1","FTL+1","Leap+1","Ghostly+1","Ghostly+1","Ghostly+1","Ghostly+1","Ghostly+1","Coolheaded+1","Chaos+1","Conserve Battery+1","Coolheaded+1","Seek+1","Redo+1","Lockon+1","Blizzard+1","Chrysalis+1","Skim+1","Capacitor+1","Defragment+1"],"relics":["Cracked Core","War Paint","Vajra","Bronze Scales","Astrolabe","Frozen Egg 2","PreservedInsect","Mummified Hand","Red Mask","Coffee Dripper","Mark of the Bloom","Dodecahedron","Symbiotic Virus","Mercury Hourglass"],"potions_floor_usage":[13,16,33,35,47,50,50],"damage_taken":[{"damage":0,"enemies":"Small Slimes","floor":1,"turns":3},{"damage":0,"enemies":"Cultist","floor":3,"turns":3},{"damage":9,"enemies":"2 Louse","floor":7,"turns":2},{"damage":13,"enemies":"Lots of Slimes","floor":11,"turns":4},{"damage":1,"enemies":"Looter","floor":12,"turns":3},{"damage":17,"enemies":"Gremlin Nob","floor":13,"turns":5},{"damage":8,"enemies":"Blue Slaver","floor":14,"turns":2},{"damage":26,"enemies":"Hexaghost","floor":16,"turns":9},{"damage":0,"enemies":"3 Byrds","floor":18,"turns":3},{"damage":12,"enemies":"2 Thieves","floor":19,"turns":3},{"damage":0,"enemies":"Centurion and Healer","floor":24,"turns":7},{"damage":0,"enemies":"3 Cultists","floor":27,"turns":3},{"damage":2,"enemies":"Book of Stabbing","floor":28,"turns":5},{"damage":2,"enemies":"Masked Bandits","floor":30,"turns":4},{"damage":32,"enemies":"Automaton","floor":33,"turns":11},{"damage":0,"enemies":"3 Shapes","floor":35,"turns":4},{"damage":0,"enemies":"Orb Walker","floor":36,"turns":5},{"damage":0,"enemies":"Transient","floor":37,"turns":5},{"damage":0,"enemies":"Sphere and 2 Shapes","floor":45,"turns":3},{"damage":0,"enemies":"Reptomancer","floor":47,"turns":5},{"damage":0,"enemies":"Maw","floor":48,"turns":8},{"damage":0,"enemies":"Awakened One","floor":50,"turns":13}],"seed_played":"5048196122809333851","potions_obtained":[{"floor":7,"key":"FearPotion"},{"floor":11,"key":"Weak Potion"},{"floor":14,"key":"Ancient Potion"},{"floor":18,"key":"GamblersBrew"},{"floor":22,"key":"Block Potion"},{"floor":22,"key":"Explosive Potion"},{"floor":33,"key":"Explosive Potion"},{"floor":35,"key":"Block Potion"},{"floor":37,"key":"SkillPotion"},{"floor":47,"key":"Block Potion"}],"is_trial":false,"path_per_floor":["M","?","M","$","?","R","M","?","T","R","M","M","E","M","R","B",null,"M","M","?","$","?","R","M","R","T","M","E","R","?","?","R","B",null,"M","M","M","$","?","R","?","R","T","T","M","R","E","M","R","B",null],"character_chosen":"DEFECT","items_purchased":["Ball Lightning","Frozen Egg 2","Coolheaded","Blizzard"],"campfire_rested":0,"item_purchase_floors":[4,21,21,38],"current_hp_per_floor":[68,68,68,68,73,73,74,67,67,67,64,73,66,58,58,42,67,75,73,37,37,37,37,37,37,37,37,37,37,37,37,37,15,32,32,37,37,37,37,37,37,37,37,37,37,37,37,37,37,37],"gold":300,"neow_bonus":"RANDOM_COMMON_RELIC","is_prod":false,"is_daily":false,"chose_seed":false,"campfire_upgraded":8,"win_rate":0,"timestamp":1542468692,"path_taken":["M","?","?","$","?","R","?","?","T","R","M","M","E","M","R","BOSS","M","M","?","$","?","R","M","R","T","?","E","R","?","?","R","BOSS","M","?","M","$","?","R","?","R","T","?","M","R","E","M","R","BOSS"],"build_version":"2018-11-15","purchased_purges":0,"victory":true,"max_hp_per_floor":[75,75,75,75,75,75,75,75,75,75,75,75,75,75,75,75,75,75,75,37,37,37,37,37,37,37,37,37,37,37,37,37,37,37,37,37,37,37,37,37,37,37,37,37,37,37,37,37,37,37],"card_choices":[{"not_picked":["Barrage","Steam"],"picked":"Go for the Eyes","floor":1},{"not_picked":["Hologram","FTL"],"picked":"Self Repair","floor":3},{"not_picked":["Streamline","Self Repair"],"picked":"Undo","floor":7},{"not_picked":["Turbo","Streamline"],"picked":"Conserve Battery","floor":11},{"not_picked":["Coolheaded","Streamline"],"picked":"Chaos","floor":12},{"not_picked":["Glacier","Tempest"],"picked":"Loop","floor":13},{"not_picked":["Machine Learning","Go for the Eyes"],"picked":"Capacitor","floor":14},{"not_picked":["Machine Learning","Buffer"],"picked":"Electrodynamics","floor":16},{"not_picked":["Loop","Rebound+1","Barrage+1"],"picked":"SKIP","floor":18},{"not_picked":["Auto Shields+1","Leap","Stack"],"picked":"SKIP","floor":19},{"not_picked":["Streamline","Fusion+1"],"picked":"Chaos+1","floor":24},{"not_picked":["Leap","Rebound"],"picked":"Conserve Battery","floor":27},{"not_picked":["Compile Driver","Self Repair+1"],"picked":"Coolheaded","floor":28},{"not_picked":["Multi-Cast","All For One"],"picked":"Seek","floor":33},{"not_picked":["Steam+1","Ball Lightning","Barrage"],"picked":"SKIP","floor":35},{"not_picked":["FTL+1","Blizzard"],"picked":"Redo+1","floor":36},{"not_picked":["Steam","Barrage+1"],"picked":"Lockon+1","floor":37},{"not_picked":["Jack Of All Trades","Impatience"],"picked":"Chrysalis","floor":41},{"not_picked":["Conserve Battery","Compile Driver"],"picked":"Skim+1","floor":45},{"not_picked":["Compile Driver","Leap"],"picked":"Capacitor+1","floor":47},{"not_picked":["Double Energy+1","Stack"],"picked":"Defragment+1","floor":48}],"player_experience":504811,"relics_obtained":[{"floor":9,"key":"Vajra"},{"floor":13,"key":"Bronze Scales"},{"floor":26,"key":"PreservedInsect"},{"floor":28,"key":"Mummified Hand"},{"floor":30,"key":"Red Mask"},{"floor":43,"key":"Dodecahedron"},{"floor":44,"key":"Symbiotic Virus"},{"floor":47,"key":"Mercury Hourglass"}],"event_choices":[{"cards_removed":["Strike_B"],"damage_healed":0,"gold_gain":0,"player_choice":"Purged","damage_taken":0,"max_hp_gain":0,"max_hp_loss":0,"event_name":"Purifier","floor":2,"gold_loss":0},{"cards_removed":["Go for the Eyes"],"damage_healed":5,"gold_gain":0,"player_choice":"Offered Common","damage_taken":0,"max_hp_gain":0,"max_hp_loss":0,"event_name":"Bonfire Elementals","floor":5,"gold_loss":0},{"cards_removed":["Go for the Eyes"],"damage_healed":5,"gold_gain":0,"player_choice":"Offered Special","damage_taken":0,"max_hp_gain":0,"max_hp_loss":0,"event_name":"Bonfire Elementals","floor":5,"gold_loss":0},{"cards_removed":["Strike_B"],"damage_healed":0,"gold_gain":0,"player_choice":"Card Removal","damage_taken":7,"max_hp_gain":0,"max_hp_loss":0,"event_name":"Golden Wing","floor":8,"gold_loss":0},{"damage_healed":0,"gold_gain":0,"player_choice":"Became a Ghost","damage_taken":0,"max_hp_gain":0,"max_hp_loss":38,"event_name":"Ghosts","floor":20,"gold_loss":0,"cards_obtained":["Ghostly","Ghostly","Ghostly","Ghostly","Ghostly"]},{"damage_healed":0,"gold_gain":0,"player_choice":"Got Potions","damage_taken":0,"max_hp_gain":0,"max_hp_loss":0,"event_name":"Lab","floor":22,"gold_loss":0},{"damage_healed":0,"gold_gain":0,"player_choice":"Fought Bandits","damage_taken":0,"max_hp_gain":0,"max_hp_loss":0,"event_name":"Masked Bandits","floor":30,"gold_loss":0},{"damage_healed":0,"gold_gain":100,"player_choice":"Bet on Murderer","damage_taken":0,"max_hp_gain":0,"max_hp_loss":0,"event_name":"The Joust","floor":31,"gold_loss":50},{"damage_healed":0,"gold_gain":0,"player_choice":"Upgrade","damage_taken":0,"relics_obtained":["Mark of the Bloom"],"max_hp_gain":0,"max_hp_loss":0,"event_name":"MindBloom","floor":39,"gold_loss":0,"cards_upgraded":["Defend_B","Defend_B","Defend_B","Ball Lightning","Conserve Battery","Ghostly","Ghostly","Ghostly","Ghostly","Ghostly","Conserve Battery","Coolheaded","Seek","Blizzard"]},{"damage_healed":0,"gold_gain":0,"player_choice":"Memory 1","damage_taken":0,"max_hp_gain":0,"max_hp_loss":0,"event_name":"SensoryStone","floor":41,"gold_loss":0}],"is_beta":false,"boss_relics":[{"not_picked":["Pandora\u0027s Box","Fusion Hammer"],"picked":"Astrolabe"},{"not_picked":["Calling Bell","FrozenCore"],"picked":"Coffee Dripper"}],"items_purged_floors":[],"is_endless":false,"potions_floor_spawned":[7,11,14,18,28,33,35,37,47,48],"ascension_level":11}