{"gold_per_floor":[111,124,137,155,155,185,185,203,230,330,358,372,372,390,390,485,485,502,502,180,140,154,154,215,232,232,242,242,16,32,49,49,149,149,163,179,31,41,67,67,85,101,101,101,101,101,121,121,121,121],"floor_reached":51,"playtime":3713,"items_purged":["Strike_B","Chill"],"score":683,"play_id":"ac8b3941-ee0a-4f69-8e05-321dea1703d9","local_time":"20190327013206","is_ascension_mode":false,"campfire_choices":[{"floor":7,"key":"REST"},{"floor":15,"key":"REST"},{"data":"Enlightenment","floor":23,"key":"SMITH"},{"data":"Go for the Eyes","floor":28,"key":"SMITH"},{"data":"Force Field","floor":32,"key":"SMITH"},{"data":"Seek","floor":40,"key":"SMITH"},{"data":"Machine Learning","floor":44,"key":"SMITH"},{"data":"Static Discharge","floor":46,"key":"SMITH"},{"data":"Hello World","floor":49,"key":"SMITH"}],"neow_cost":"PERCENT_DAMAGE","seed_source_timestamp":881091446377400,"circlet_count":0,"master_deck":["Defend_B","Defend_B","Defend_B","Defend_B","Zap","Dualcast+1","Go for the Eyes","Gash","Hello World+1","Tempest","Enlightenment+1","Zap","Electrodynamics+1","Force Field+1","Double Energy","Go for the Eyes+1","Machine Learning+1","Leap","Melter","Gash","Steam","Steam","Gash","Static Discharge+1","Static Discharge","Steam","Seek+1","All For One+1","Fission+1","Recycle+1","Chill+1","Gash","Redo+1","Turbo+1","Sunder+1","Doubt","Lockon+1"],"relics":["Cracked Core","Shuriken","Vajra","Bronze Scales","Coffee Dripper","MealTicket","Tiny Chest","Question Card","Art of War","Astrolabe","Oddly Smooth Stone","Torii","Pantograph"],"potions_floor_usage":[4,6,8,24,30,31,33,35,42,47,50],"damage_taken":[{"damage":2,"enemies":"2 Louse","floor":1,"turns":2},{"damage":0,"enemies":"Cultist","floor":2,"turns":3},{"damage":1,"enemies":"Jaw Worm","floor":3,"turns":3},{"damage":19,"enemies":"Gremlin Gang","floor":4,"turns":6},{"damage":21,"enemies":"Lagavulin","floor":6,"turns":5},{"damage":8,"enemies":"Exordium Wildlife","floor":8,"turns":3},{"damage":26,"enemies":"Gremlin Nob","floor":11,"turns":4},{"damage":10,"enemies":"3 Louse","floor":12,"turns":2},{"damage":0,"enemies":"Large Slime","floor":14,"turns":3},{"damage":28,"enemies":"The Guardian","floor":16,"turns":10},{"damage":0,"enemies":"3 Byrds","floor":18,"turns":2},{"damage":0,"enemies":"Spheric Guardian","floor":22,"turns":3},{"damage":34,"enemies":"Book of Stabbing","floor":24,"turns":4},{"damage":9,"enemies":"Centurion and Healer","floor":25,"turns":7},{"damage":5,"enemies":"Cultist and Chosen","floor":27,"turns":5},{"damage":8,"enemies":"Snecko","floor":30,"turns":5},{"damage":27,"enemies":"Shelled Parasite and Fungi","floor":31,"turns":3},{"damage":15,"enemies":"Champ","floor":33,"turns":13},{"damage":13,"enemies":"3 Shapes","floor":35,"turns":3},{"damage":16,"enemies":"Orb Walker","floor":36,"turns":3},{"damage":13,"enemies":"Maw","floor":38,"turns":8},{"damage":25,"enemies":"Writhing Mass","floor":41,"turns":5},{"damage":7,"enemies":"3 Darklings","floor":42,"turns":3},{"damage":8,"enemies":"Spire Growth","floor":47,"turns":4},{"damage":32,"enemies":"Donu and Deca","floor":50,"turns":6}],"seed_played":"5328926894110033299","potions_obtained":[{"floor":2,"key":"SneckoOil"},{"floor":4,"key":"Poison Potion"},{"floor":6,"key":"Explosive Potion"},{"floor":16,"key":"Energy Potion"},{"floor":27,"key":"Block Potion"},{"floor":30,"key":"Swift Potion"},{"floor":31,"key":"SkillPotion"},{"floor":33,"key":"SkillPotion"},{"floor":35,"key":"LiquidBronze"},{"floor":41,"key":"Regen Potion"},{"floor":42,"key":"SkillPotion"}],"is_trial":false,"path_per_floor":["M","M","M","M","?","E","R","M","T","?","E","M","?","M","R","B",null,"M","?","$","?","M","R","E","M","T","M","R","$","M","M","R","B",null,"M","M","$","M","T","R","M","M","T","R","?","R","M","T","R","B",null],"character_chosen":"DEFECT","items_purchased":["MealTicket","Gash","Static Discharge","Art of War","Gash"],"campfire_rested":2,"item_purchase_floors":[20,20,29,29,37],"current_hp_per_floor":[66,66,65,46,46,25,51,43,43,43,17,7,7,7,33,5,89,89,89,89,89,89,89,55,46,46,41,41,56,48,21,21,6,89,76,60,75,62,62,62,37,39,39,39,89,89,81,81,81,57],"gold":121,"neow_bonus":"TWENTY_PERCENT_HP_BONUS","is_prod":false,"is_daily":false,"chose_seed":false,"campfire_upgraded":7,"win_rate":0.0,"timestamp":1553664726,"path_taken":["M","M","M","M","?","E","R","?","T","?","E","?","?","M","R","BOSS","M","?","$","?","M","R","E","M","T","M","R","$","M","M","R","BOSS","M","M","$","M","?","R","M","M","T","R","?","R","M","?","R","BOSS"],"build_version":"2019-01-23","purchased_purges":2,"victory":true,"max_hp_per_floor":[89,89,89,89,89,89,89,89,89,89,89,89,89,89,89,89,89,89,89,89,89,89,89,89,89,89,89,89,89,89,89,89,89,89,89,89,89,89,89,89,89,89,89,89,89,89,89,89,89,89],"card_choices":[{"not_picked":["Redo","Beam Cell"],"picked":"Go for the Eyes","floor":1},{"not_picked":["Steam Power","Ball Lightning"],"picked":"Gash","floor":2},{"not_picked":["Rebound","Hologram"],"picked":"Hello World","floor":3},{"not_picked":["Cold Snap","Barrage"],"picked":"Tempest","floor":4},{"not_picked":["Melter","Redo"],"picked":"Electrodynamics","floor":6},{"not_picked":["Stack","Ball Lightning","Aggregate"],"picked":"SKIP","floor":8},{"not_picked":["Hologram","Sweeping Beam"],"picked":"Force Field","floor":11},{"not_picked":["Turbo","Hello World"],"picked":"Double Energy","floor":12},{"not_picked":["Streamline","Hello World"],"picked":"Go for the Eyes","floor":14},{"not_picked":["Meteor Strike","Biased Cognition"],"picked":"Machine Learning","floor":16},{"not_picked":["Doom and Gloom","Coolheaded+1"],"picked":"Leap","floor":18},{"not_picked":["Turbo","Hologram"],"picked":"Steam","floor":22},{"not_picked":["Meteor Strike","Rebound"],"picked":"Chill","floor":24},{"not_picked":["Ball Lightning","Streamline"],"picked":"Steam","floor":25},{"not_picked":["Sweeping Beam+1","Ball Lightning","Rebound"],"picked":"Gash","floor":27},{"not_picked":["Streamline+1","Compile Driver","Aggregate"],"picked":"Static Discharge","floor":30},{"not_picked":["Hologram","Gash","Streamline"],"picked":"Steam","floor":31},{"not_picked":["Fission","Rainbow","Core Surge"],"picked":"Seek","floor":33},{"not_picked":["Ball Lightning+1","Reprogram+1","Hologram","Genetic Algorithm"],"picked":"SKIP","floor":35},{"not_picked":["Rip and Tear","Conserve Battery","Beam Cell"],"picked":"Chill+1","floor":36},{"not_picked":["Go for the Eyes+1","Sweeping Beam+1","Steam+1"],"picked":"Redo+1","floor":38},{"not_picked":["Hologram+1","Steam+1","Core Surge"],"picked":"Turbo+1","floor":41},{"not_picked":["Rebound+1","White Noise","Barrage+1"],"picked":"Sunder+1","floor":42},{"not_picked":["Cold Snap","Darkness","Melter+1"],"picked":"Lockon+1","floor":47}],"player_experience":68805,"relics_obtained":[{"floor":6,"key":"Shuriken"},{"floor":9,"key":"Vajra"},{"floor":11,"key":"Bronze Scales"},{"floor":24,"key":"Tiny Chest"},{"floor":26,"key":"Question Card"},{"floor":39,"key":"Oddly Smooth Stone"},{"floor":43,"key":"Torii"},{"floor":48,"key":"Pantograph"}],"event_choices":[{"damage_healed":0,"gold_gain":0,"player_choice":"2 cards matched","damage_taken":0,"max_hp_gain":0,"max_hp_loss":0,"event_name":"Match and Keep!","floor":5,"gold_loss":0,"cards_obtained":["Enlightenment","Zap"]},{"damage_healed":0,"gold_gain":100,"player_choice":"Pray","damage_taken":0,"max_hp_gain":0,"max_hp_loss":0,"event_name":"Golden Shrine","floor":10,"gold_loss":0},{"damage_healed":0,"gold_gain":0,"player_choice":"Ignored","damage_taken":0,"max_hp_gain":0,"max_hp_loss":0,"event_name":"Golden Wing","floor":13,"gold_loss":0},{"damage_healed":0,"gold_gain":0,"player_choice":"Read","damage_taken":0,"max_hp_gain":0,"max_hp_loss":0,"event_name":"The Library","floor":19,"gold_loss":0,"cards_obtained":["Melter"]},{"damage_healed":0,"gold_gain":0,"player_choice":"Upgraded Two","damage_taken":0,"max_hp_gain":0,"max_hp_loss":0,"event_name":"Designer","floor":21,"gold_loss":40,"cards_upgraded":["Electrodynamics","Dualcast"]},{"damage_healed":50,"gold_gain":0,"player_choice":"Heal","damage_taken":0,"max_hp_gain":0,"max_hp_loss":0,"event_name":"MindBloom","floor":45,"gold_loss":0,"cards_obtained":["Doubt"]}],"is_beta":false,"boss_relics":[{"not_picked":["Empty Cage","Pandora\u0027s Box"],"picked":"Coffee Dripper"},{"not_picked":["Fusion Hammer","Lizard Tail"],"picked":"Astrolabe"}],"items_purged_floors":[20,37],"is_endless":false,"potions_floor_spawned":[2,4,6,16,27,30,31,33,35,41,42],"ascension_level":0}