{"gold_per_floor":[115,191,201,201,201,201,235,246,301,313,488,488,519,531,531,629,629,646,646,665,665,665],"floor_reached":22,"playtime":1211,"items_purged":[],"score":223,"play_id":"188b2c8e-5624-4928-a7ef-f2d3a4503c9e","local_time":"20181216213932","is_ascension_mode":true,"campfire_choices":[{"floor":6,"key":"RECALL"},{"floor":15,"key":"REST"}],"neow_cost":"NONE","seed_source_timestamp":1498421921200,"circlet_count":0,"master_deck":["Strike_B","Strike_B","Strike_B+1","Strike_B","Defend_B+1","Defend_B","Defend_B","Defend_B","Zap","Dualcast","Streamline","Ball Lightning","Seek","Streamline","Gash","Doubt","Double Energy","Glacier","Echo Form","Beam Cell","Genetic Algorithm"],"relics":["Cracked Core","Pen Nib","FaceOfCleric","Happy Flower","Bag of Marbles","Ice Cream","Nuclear Battery"],"potions_floor_usage":[10,13,16,16],"damage_taken":[{"damage":5,"enemies":"Small Slimes","floor":1,"turns":3},{"damage":1,"enemies":"2 Louse","floor":3,"turns":2},{"damage":22,"enemies":"3 Sentries","floor":7,"turns":7},{"damage":0,"enemies":"Cultist","floor":8,"turns":3},{"damage":3,"enemies":"Blue Slaver","floor":10,"turns":3},{"damage":9,"enemies":"Gremlin Nob","floor":13,"turns":3},{"damage":6,"enemies":"3 Louse","floor":14,"turns":2},{"damage":34,"enemies":"The Guardian","floor":16,"turns":8},{"damage":22,"enemies":"3 Byrds","floor":18,"turns":4},{"damage":7,"enemies":"Chosen","floor":20,"turns":3},{"damage":38,"enemies":"Shelled Parasite and Fungi","floor":22,"turns":5}],"seed_played":"-3927193756547121519","potions_obtained":[{"floor":3,"key":"LiquidBronze"},{"floor":7,"key":"Dexterity Potion"},{"floor":8,"key":"SpeedPotion"},{"floor":14,"key":"SneckoOil"}],"is_trial":false,"path_per_floor":["M","?","M","?","?","R","E","M","T","M","?","?","E","M","R","B",null,"M","?","M","?","M"],"character_chosen":"DEFECT","items_purchased":[],"campfire_rested":1,"item_purchase_floors":[],"current_hp_per_floor":[70,70,69,54,54,54,33,34,34,32,32,29,21,16,40,7,81,60,60,54,38,0],"gold":665,"neow_bonus":"RANDOM_COMMON_RELIC","is_prod":false,"is_daily":false,"chose_seed":false,"campfire_upgraded":0,"win_rate":0,"timestamp":1545003572,"path_taken":["M","?","M","?","?","R","E","M","T","?","?","?","E","M","R","BOSS","M","?","M","?","M"],"build_version":"2018-12-13","purchased_purges":0,"victory":false,"max_hp_per_floor":[75,75,75,75,75,75,76,77,77,78,78,78,79,80,80,81,81,82,82,83,88,88],"card_choices":[{"not_picked":["Redo","Steam"],"picked":"Streamline","floor":1},{"not_picked":["Auto Shields","Steam Power"],"picked":"Ball Lightning","floor":3},{"not_picked":["Steam","Sweeping Beam"],"picked":"Seek","floor":7},{"not_picked":["Compile Driver","Coolheaded"],"picked":"Streamline","floor":8},{"not_picked":["Lockon","Turbo"],"picked":"Gash","floor":10},{"not_picked":["Cold Snap","Coolheaded"],"picked":"Double Energy","floor":13},{"not_picked":["Coolheaded","Hologram"],"picked":"Glacier","floor":14},{"not_picked":["Seek","All For One"],"picked":"Echo Form","floor":16},{"not_picked":["Compile Driver","Leap"],"picked":"Beam Cell","floor":18},{"not_picked":["Hologram","Beam Cell"],"picked":"Genetic Algorithm","floor":20}],"player_experience":257566,"relics_obtained":[{"floor":7,"key":"Happy Flower"},{"floor":13,"key":"Ice Cream"}],"event_choices":[{"damage_healed":0,"gold_gain":76,"player_choice":"Gained Gold","damage_taken":0,"max_hp_gain":0,"max_hp_loss":0,"event_name":"Golden Wing","floor":2,"gold_loss":0},{"damage_healed":0,"gold_gain":0,"player_choice":"Entered Light","damage_taken":15,"max_hp_gain":0,"max_hp_loss":0,"event_name":"Shining Light","floor":4,"gold_loss":0,"cards_upgraded":["Defend_B","Strike_B"]},{"damage_healed":0,"gold_gain":0,"player_choice":"Trade","damage_taken":0,"relics_obtained":["FaceOfCleric"],"max_hp_gain":0,"max_hp_loss":0,"event_name":"FaceTrader","floor":5,"gold_loss":0},{"damage_healed":0,"gold_gain":175,"player_choice":"AGREE","damage_taken":0,"max_hp_gain":0,"max_hp_loss":0,"event_name":"Liars Game","floor":11,"gold_loss":0,"cards_obtained":["Doubt"]},{"damage_healed":0,"gold_gain":0,"player_choice":"Success","damage_taken":3,"relics_obtained":["Bag of Marbles"],"max_hp_gain":0,"max_hp_loss":0,"event_name":"Scrap Ooze","floor":12,"gold_loss":0},{"damage_healed":0,"gold_gain":0,"player_choice":"Ignored","damage_taken":0,"max_hp_gain":0,"max_hp_loss":0,"event_name":"Beggar","floor":19,"gold_loss":0},{"damage_healed":0,"gold_gain":0,"player_choice":"Shed Blood","damage_taken":21,"max_hp_gain":5,"max_hp_loss":0,"event_name":"Forgotten Altar","floor":21,"gold_loss":0}],"is_beta":false,"boss_relics":[{"not_picked":["White Beast Statue","Velvet Choker"],"picked":"Nuclear Battery"}],"items_purged_floors":[],"is_endless":false,"potions_floor_spawned":[3,7,8,14],"killed_by":"Shelled Parasite and Fungi","ascension_level":3}