{"gold_per_floor":[18,38,57,18,18,18,18,36,36,36,80,13,36,36,36,160,160,181,306,322,335,38,38,54,87,113,113,13,36,36,36,36,161,161,176,176,190,214,230,230,255,271,271,271,310,8,8,26,26,26],"floor_reached":50,"playtime":4085,"items_purged":["Strike_G","Defend_G"],"score":826,"play_id":"3fe5a9b2-e71f-42b1-99f5-e7e1e1a1e149","local_time":"20181025234731","is_ascension_mode":true,"campfire_choices":[{"data":"Noxious Fumes","floor":6.0,"key":"SMITH"},{"data":"Neutralize","floor":10.0,"key":"SMITH"},{"floor":15.0,"key":"REST"},{"floor":23.0,"key":"REST"},{"data":"Venomology","floor":32.0,"key":"SMITH"},{"data":"Glass Knife","floor":40,"key":"SMITH"},{"data":"Madness","floor":44,"key":"SMITH"},{"data":"Well Laid Plans","floor":47,"key":"SMITH"},{"data":"Infinite Blades","floor":49,"key":"SMITH"}],"neow_cost":"NO_GOLD","seed_source_timestamp":0,"circlet_count":0,"master_deck":["Defend_G","Defend_G","Defend_G","Defend_G","Strike_G","Survivor","Neutralize+1","AscendersBane","Bullet Time+1","Crippling Poison","Dagger Throw","Noxious Fumes+1","Infinite Blades+1","PiercingWail","Well Laid Plans+1","Bane","Venomology+1","Adrenaline+1","Setup+1","Wraith Form v2+1","Dagger Spray","Heel Hook","Cloak And Dagger","Distraction","Flying Knee","Backflip","Prepared+1","Glass Knife+1","Catalyst+1","Madness+1","Terror+1","Deadly Poison+1","Underhanded Strike","Tools of the Trade","Dodge and Roll+1"],"special_seed":0,"relics":["Ring of the Snake","Golden Idol","Bottled Flame","Bronze Scales","Bag of Marbles","Astrolabe","Mercury Hourglass","Thread and Needle","Toy Ornithopter","Strawberry","Omamori","GremlinMask","Ancient Tea Set","Coffee Dripper","Potion Belt","Sundial","Blood Vial","Incense Burner"],"potions_floor_usage":[37,38,42,42,45,48,48,50,50],"damage_taken":[{"damage":6.0,"enemies":"Cultist","floor":1.0,"turns":5.0},{"damage":7.0,"enemies":"Jaw Worm","floor":2.0,"turns":6.0},{"damage":4.0,"enemies":"Small Slimes","floor":3.0,"turns":4.0},{"damage":1.0,"enemies":"Blue Slaver","floor":8.0,"turns":5.0},{"damage":14.0,"enemies":"3 Sentries","floor":11.0,"turns":7.0},{"damage":9.0,"enemies":"Large Slime","floor":13.0,"turns":8.0},{"damage":7.0,"enemies":"The Guardian","floor":16.0,"turns":9.0},{"damage":16.0,"enemies":"Shell Parasite","floor":18.0,"turns":6.0},{"damage":2.0,"enemies":"Colosseum Slavers","floor":19.0,"turns":4.0},{"damage":19.0,"enemies":"Colosseum Nobs","floor":19.0,"turns":6.0},{"damage":0.0,"enemies":"Chosen","floor":20.0,"turns":5.0},{"damage":0.0,"enemies":"Sentry and Sphere","floor":21.0,"turns":5.0},{"damage":0.0,"enemies":"Cultist and Chosen","floor":24.0,"turns":5.0},{"damage":0.0,"enemies":"Slavers","floor":25.0,"turns":5.0},{"damage":7.0,"enemies":"3 Cultists","floor":29.0,"turns":5.0},{"damage":13.0,"enemies":"Collector","floor":33.0,"turns":9.0},{"damage":7,"enemies":"Orb Walker","floor":35,"turns":4},{"damage":0,"enemies":"3 Darklings","floor":37,"turns":4},{"damage":4,"enemies":"4 Shapes","floor":38,"turns":7},{"damage":8,"enemies":"Maw","floor":39,"turns":8},{"damage":30,"enemies":"Writhing Mass","floor":42,"turns":5},{"damage":29,"enemies":"Giant Head","floor":45,"turns":9},{"damage":4,"enemies":"Jaw Worm Horde","floor":48,"turns":3},{"damage":34,"enemies":"Awakened One","floor":50,"turns":7}],"seed_played":"16731655352781137","potions_obtained":[{"floor":3.0,"key":"Strength Potion"},{"floor":13.0,"key":"EssenceOfSteel"},{"floor":16.0,"key":"Energy Potion"},{"floor":18.0,"key":"PowerPotion"},{"floor":20.0,"key":"Strength Potion"},{"floor":24.0,"key":"SkillPotion"},{"floor":39,"key":"AttackPotion"},{"floor":42,"key":"Weak Potion"},{"floor":48,"key":"Ancient Potion"}],"is_trial":false,"path_per_floor":["M","M","M","$","?","R","?","M","T","R","E","$","M","T","R","B",null,"M","?","M","M","$","R","M","E","T","?","$","M","?","?","R","B",null,"M","?","M","M","M","R","T","M","T","R","E","$","R","M","R"],"character_chosen":"THE_SILENT","items_purchased":["Noxious Fumes","Well Laid Plans","Toy Ornithopter","Flying Knee","Incense Burner"],"campfire_rested":2,"item_purchase_floors":[4,12,22,22,46],"current_hp_per_floor":[57,50,46,46,46,46,39,38,38,38,24,24,15,15,34,27,56,40,19,19,19,19,38,43,55,55,55,55,53,53,53,53,50,67,60,60,65,66,58,58,58,38,38,38,14,14,14,22,22,0],"gold":26,"neow_bonus":"THREE_RARE_CARDS","is_prod":false,"is_daily":false,"chose_seed":false,"campfire_upgraded":7,"win_rate":0,"timestamp":1540507651,"path_taken":["M","?","M","$","?","R","?","M","T","R","E","?","?","?","R","BOSS","M","?","?","M","$","R","M","E","T","?","$","M","?","?","R","BOSS","M","?","M","M","M","R","?","M","T","R","E","$","R","M","R","BOSS"],"build_version":"2018-10-18","purchased_purges":2,"victory":false,"max_hp_per_floor":[70,70,70,70,65,65,65,65,65,65,65,65,65,65,65,65,65,65,65,65,65,65,65,65,72,72,72,72,72,72,72,72,72,72,72,72,72,72,72,72,72,72,72,72,72,72,72,72,72,72],"card_choices":[{"not_picked":["Glass Knife","Burst"],"picked":"Bullet Time","floor":0.0},{"not_picked":["Blade Dance","Flechettes"],"picked":"Prepared","floor":1.0},{"not_picked":["Bane","Quick Slash"],"picked":"Crippling Poison","floor":2.0},{"not_picked":["Slice","Prepared"],"picked":"Dagger Throw","floor":3.0},{"not_picked":["Skewer","Acrobatics"],"picked":"Infinite Blades","floor":8.0},{"not_picked":["Dagger Throw","Endless Agony"],"picked":"PiercingWail","floor":11.0},{"not_picked":["Concentrate","Dodge and Roll"],"picked":"Bane","floor":13.0},{"not_picked":["Unload","Grand Finale"],"picked":"Venomology","floor":16.0},{"not_picked":["PiercingWail","Crippling Poison+1"],"picked":"Dagger Spray","floor":18.0},{"not_picked":["Blade Dance","Finisher"],"picked":"Heel Hook","floor":19.0},{"not_picked":["Slice","Endless Agony"],"picked":"Cloak And Dagger","floor":20.0},{"not_picked":["Slice","Tactician+1"],"picked":"Distraction","floor":21.0},{"not_picked":["Concentrate","PiercingWail"],"picked":"Backflip","floor":24.0},{"not_picked":["Poisoned Stab","Skewer","Dagger Spray"],"picked":"SKIP","floor":25.0},{"not_picked":["Riddle With Holes","Underhanded Strike"],"picked":"Prepared+1","floor":29.0},{"not_picked":["Wraith Form v2","Tools of the Trade"],"picked":"Glass Knife","floor":33.0},{"not_picked":["Dagger Spray+1","Endless Agony"],"picked":"Catalyst+1","floor":35},{"not_picked":["Trip","Dark Shackles"],"picked":"Madness","floor":36},{"not_picked":["Infinite Blades","Dagger Throw+1"],"picked":"Terror+1","floor":37},{"not_picked":["Blade Dance","Backflip"],"picked":"Deadly Poison+1","floor":38},{"not_picked":["Backstab","Dodge and Roll"],"picked":"Underhanded Strike","floor":39},{"not_picked":["Dash+1","Bane+1"],"picked":"Tools of the Trade","floor":42},{"not_picked":["Poisoned Stab","Corpse Explosion"],"picked":"Dodge and Roll+1","floor":45},{"not_picked":["Underhanded Strike+1","Poisoned Stab","Blade Dance"],"picked":"SKIP","floor":48}],"player_experience":470704,"relics_obtained":[{"floor":9.0,"key":"Bottled Flame"},{"floor":11.0,"key":"Bronze Scales"},{"floor":14.0,"key":"Bag of Marbles"},{"floor":19.0,"key":"Mercury Hourglass"},{"floor":19.0,"key":"Thread and Needle"},{"floor":25.0,"key":"Strawberry"},{"floor":26.0,"key":"Omamori"},{"floor":41,"key":"Potion Belt"},{"floor":43,"key":"Sundial"},{"floor":45,"key":"Blood Vial"}],"event_choices":[{"damage_healed":0.0,"max_hp_gain":0.0,"max_hp_loss":5.0,"gold_gain":0.0,"event_name":"Golden Idol","player_choice":"Lose Max HP","floor":5.0,"gold_loss":0.0,"damage_taken":0.0,"relics_obtained":["Golden Idol"]},{"cards_removed":["Strike_G"],"damage_healed":0.0,"max_hp_gain":0.0,"max_hp_loss":0.0,"gold_gain":0.0,"event_name":"Golden Wing","player_choice":"Card Removal","floor":7.0,"gold_loss":0.0,"damage_taken":7.0},{"damage_healed":0.0,"max_hp_gain":0.0,"max_hp_loss":0.0,"gold_gain":0.0,"event_name":"Colosseum","player_choice":"Fight","floor":19.0,"gold_loss":0.0,"damage_taken":0.0},{"damage_healed":0.0,"max_hp_gain":0.0,"max_hp_loss":0.0,"gold_gain":0.0,"event_name":"Colosseum","player_choice":"Fought Nobs","floor":19.0,"gold_loss":0.0,"damage_taken":0.0},{"damage_healed":0.0,"max_hp_gain":0.0,"max_hp_loss":0.0,"gold_gain":0.0,"event_name":"FaceTrader","player_choice":"Trade","floor":27.0,"gold_loss":0.0,"damage_taken":0.0,"relics_obtained":["GremlinMask"]},{"damage_healed":0.0,"max_hp_gain":0.0,"max_hp_loss":0.0,"gold_gain":0.0,"event_name":"Upgrade Shrine","player_choice":"Upgraded","floor":30.0,"gold_loss":0.0,"damage_taken":0.0,"cards_upgraded":["Bullet Time"]},{"damage_healed":0.0,"max_hp_gain":0.0,"max_hp_loss":0.0,"gold_gain":0.0,"event_name":"Addict","player_choice":"Stole Relic","floor":31.0,"gold_loss":0.0,"damage_taken":0.0,"relics_obtained":["Ancient Tea Set"],"cards_obtained":["Shame"]},{"damage_healed":0,"gold_gain":0,"player_choice":"Memory 1","damage_taken":0,"max_hp_gain":0,"max_hp_loss":0,"event_name":"SensoryStone","floor":36,"gold_loss":0}],"is_beta":false,"boss_relics":[{"not_picked":["Empty Cage","Sozu"],"picked":"Astrolabe"},{"not_picked":["Snecko Eye","Eternal Feather"],"picked":"Coffee Dripper"}],"items_purged_floors":[22,28],"is_endless":false,"potions_floor_spawned":[3,13,16,18,20,21,24,38,39,42,48],"killed_by":"Awakened One","ascension_level":11}