{"gold_per_floor":[116,116,136,146,111,111,137,149,196,216,230,230,79,79,79,176,176,190,289,76,90,100,100,52,71,71,87,87],"floor_reached":28,"playtime":1251,"items_purged":["Strike_B","Strike_B"],"score":333,"play_id":"13b469b2-b9df-4a0e-8fce-ab9ec04093b9","local_time":"20181006142249","is_ascension_mode":true,"campfire_choices":[{"data":"Biased Cognition","floor":6,"key":"SMITH"},{"floor":12,"key":"REST"},{"floor":15,"key":"REST"},{"data":"Fission","floor":23,"key":"SMITH"}],"neow_cost":"NONE","seed_source_timestamp":343763738277768,"circlet_count":0,"master_deck":["Strike_B","Strike_B","Defend_B","Defend_B","Defend_B","Defend_B","Zap","Dualcast","AscendersBane","Biased Cognition+1","White Noise","Hello World","Auto Shields","Cold Snap","Steam","Genetic Algorithm","Sweeping Beam","Go for the Eyes","Fission+1","Self Repair+1","Conserve Battery","Panacea","Defragment","Redo","Defragment"],"relics":["Cracked Core","Gremlin Horn","Anchor","Bronze Scales","NlothsMask","Inserter"],"potions_floor_usage":[16,28],"damage_taken":[{"damage":10,"enemies":"2 Louse","floor":1,"turns":2},{"damage":7,"enemies":"Jaw Worm","floor":3,"turns":2},{"damage":6,"enemies":"Cultist","floor":4,"turns":4},{"damage":24,"enemies":"3 Sentries","floor":7,"turns":6},{"damage":5,"enemies":"3 Louse","floor":8,"turns":5},{"damage":14,"enemies":"Exordium Thugs","floor":10,"turns":5},{"damage":0,"enemies":"Blue Slaver","floor":11,"turns":3},{"damage":25,"enemies":"The Guardian","floor":16,"turns":11},{"damage":3,"enemies":"3 Byrds","floor":18,"turns":2},{"damage":0,"enemies":"Chosen","floor":21,"turns":4},{"damage":26,"enemies":"Centurion and Healer","floor":22,"turns":12},{"damage":7,"enemies":"Snecko","floor":25,"turns":7},{"damage":24,"enemies":"Snake Plant","floor":27,"turns":4},{"damage":52,"enemies":"3 Cultists","floor":28,"turns":4}],"seed_played":"-3825977744766344410","potions_obtained":[{"floor":1,"key":"FearPotion"},{"floor":7,"key":"Ancient Potion"},{"floor":10,"key":"Energy Potion"},{"floor":16,"key":"SkillPotion"},{"floor":21,"key":"Explosive Potion"}],"is_trial":false,"path_per_floor":["M","?","M","M","?","R","E","M","T","M","M","R","$","?","R","B",null,"M","?","$","M","M","R","$","M","T","M"],"character_chosen":"DEFECT","items_purchased":["Sweeping Beam","Go for the Eyes","Conserve Battery","Panacea","Redo"],"campfire_rested":2,"item_purchase_floors":[13,13,20,20,24],"current_hp_per_floor":[58,40,33,27,45,45,21,16,16,2,2,24,24,24,46,21,62,59,59,59,69,53,53,53,56,56,42,0],"gold":87,"neow_bonus":"ONE_RANDOM_RARE_CARD","is_prod":false,"is_daily":false,"chose_seed":false,"campfire_upgraded":2,"win_rate":0,"timestamp":1538832169,"path_taken":["M","?","M","M","?","R","E","M","T","M","M","R","$","?","R","BOSS","M","?","$","M","M","R","$","?","T","M","?"],"build_version":"2018-10-04v2","purchased_purges":2,"victory":false,"max_hp_per_floor":[75,75,75,75,75,75,75,75,75,75,75,75,75,75,75,75,75,75,75,75,75,75,75,75,75,75,75,75],"card_choices":[{"not_picked":["Capacitor","Scrape"],"picked":"White Noise","floor":1},{"not_picked":["Gash","Reinforced Body"],"picked":"Hello World","floor":3},{"not_picked":["Heatsinks","Reinforced Body"],"picked":"Auto Shields","floor":4},{"not_picked":["Redo","Hello World"],"picked":"Cold Snap","floor":7},{"not_picked":["Scrape","Double Energy","Leap"],"picked":"SKIP","floor":8},{"not_picked":["Beam Cell","Storm"],"picked":"Steam","floor":10},{"not_picked":["Consume","Meteor Strike"],"picked":"Genetic Algorithm","floor":11},{"not_picked":["Meteor Strike","Creative AI"],"picked":"Fission","floor":16},{"not_picked":["Barrage+1","Cold Snap"],"picked":"Self Repair+1","floor":18},{"not_picked":["Genetic Algorithm","Sweeping Beam","Compile Driver+1"],"picked":"SKIP","floor":21},{"not_picked":["Genetic Algorithm","Sweeping Beam","Compile Driver+1"],"picked":"SKIP","floor":21},{"not_picked":["Sweeping Beam","Self Repair"],"picked":"Defragment","floor":22},{"not_picked":["Cold Snap","Leap","Redo"],"picked":"SKIP","floor":25},{"not_picked":["Undo","Melter"],"picked":"Defragment","floor":27}],"player_experience":455907,"relics_obtained":[{"floor":7,"key":"Anchor"},{"floor":9,"key":"Bronze Scales"}],"event_choices":[{"event_name":"Scrap Ooze","player_choice":"success","floor":2,"damage_taken":18},{"event_name":"The Cleric","player_choice":"Healed","floor":5,"damage_taken":0},{"event_name":"FaceTrader","player_choice":"Trade","floor":14,"damage_taken":0},{"event_name":"Nest","player_choice":"Stole From Cult","floor":19,"damage_taken":0}],"is_beta":false,"boss_relics":[{"not_picked":["Ectoplasm","Runic Pyramid"],"picked":"Inserter"}],"items_purged_floors":[13,20],"is_endless":false,"potions_floor_spawned":[1,7,10,16,21,22,27],"killed_by":"3 Cultists","ascension_level":10}