{"gold_per_floor":[115,190,190,190,155,189,201,227,227,242,242,242,64,77,77,151,151,162,178,158,173,187,187,35,60,142,142,142,198,218,11,11,88,88,105,154,170,170,64,64,64,64,118,129,143,18,18,41,41,41],"floor_reached":50,"playtime":2615,"items_purged":["Strike_R","Writhe","Clumsy"],"score":1043,"play_id":"b0d7cda1-63c4-4849-9f71-af26b84fd04e","local_time":"20190325212019","is_ascension_mode":true,"campfire_choices":[{"data":"Bash","floor":12,"key":"SMITH"},{"floor":15,"key":"REST"},{"data":"Double Tap","floor":23,"key":"SMITH"},{"floor":27,"key":"REST"},{"floor":32,"key":"REST"},{"data":"Inflame","floor":40,"key":"SMITH"},{"floor":42,"key":"REST"},{"floor":49,"key":"REST"}],"neow_cost":"NONE","seed_source_timestamp":23116030472226,"circlet_count":0,"master_deck":["AscendersBane","Strike_R","Strike_R","Strike_R","Strike_R","Defend_R","Defend_R+1","Defend_R+1","Defend_R","Bash+1","Spot Weakness+1","Headbutt","Pommel Strike+1","Double Tap+1","Inflame+1","Disarm","Ghostly Armor","Offering","Pummel","Carnage","Clumsy","Immolate","Thunderclap","Shrug It Off","Blood for Blood","Double Tap","Pommel Strike+1","Heavy Blade","Battle Trance+1","Anger","Flame Barrier","Shrug It Off","Shame"],"relics":["Burning Blood","NeowsBlessing","War Paint","Pen Nib","Pear","Kunai","Cursed Key","Bottled Tornado","Blue Candle","Bronze Scales","Tiny Chest","Sozu","Bird Faced Urn","Juzu Bracelet","Ancient Tea Set"],"potions_floor_usage":[8,14,16,25,29,33,33,45],"damage_taken":[{"damage":0,"enemies":"2 Louse","floor":1,"turns":1},{"damage":0,"enemies":"Gremlin Nob","floor":6,"turns":1},{"damage":0,"enemies":"Small Slimes","floor":7,"turns":1},{"damage":40,"enemies":"Lagavulin","floor":8,"turns":4},{"damage":0,"enemies":"Cultist","floor":10,"turns":3},{"damage":14,"enemies":"Lots of Slimes","floor":14,"turns":4},{"damage":23,"enemies":"The Guardian","floor":16,"turns":12},{"damage":8,"enemies":"3 Byrds","floor":18,"turns":6},{"damage":12,"enemies":"Spheric Guardian","floor":19,"turns":3},{"damage":19,"enemies":"Snake Plant","floor":21,"turns":5},{"damage":8,"enemies":"3 Cultists","floor":22,"turns":4},{"damage":30,"enemies":"Slavers","floor":25,"turns":4},{"damage":33,"enemies":"Gremlin Leader","floor":29,"turns":5},{"damage":7,"enemies":"Sentry and Sphere","floor":30,"turns":3},{"damage":39,"enemies":"Automaton","floor":33,"turns":7},{"damage":8,"enemies":"3 Darklings","floor":35,"turns":2},{"damage":28,"enemies":"2 Orb Walkers","floor":36,"turns":3},{"damage":15,"enemies":"3 Shapes","floor":37,"turns":2},{"damage":6,"enemies":"Transient","floor":44,"turns":6},{"damage":35,"enemies":"Spire Growth","floor":45,"turns":5},{"damage":70,"enemies":"Donu and Deca","floor":50,"turns":4}],"seed_played":"2498495240256958378","potions_obtained":[{"floor":6,"key":"Strength Potion"},{"floor":8,"key":"Weak Potion"},{"floor":10,"key":"SkillPotion"},{"floor":16,"key":"Regen Potion"},{"floor":19,"key":"Block Potion"},{"floor":25,"key":"Weak Potion"},{"floor":29,"key":"Weak Potion"},{"floor":33,"key":"Swift Potion"}],"is_trial":false,"path_per_floor":["M","?","?","?","?","E","M","E","T","M","?","R","$","M","R","B",null,"M","M","?","M","M","R","$","E","T","R","?","E","M","$","R","B",null,"M","?","M","?","$","R","$","R","T","M","M","$","?","T","R","B"],"character_chosen":"IRONCLAD","items_purchased":["Inflame","Disarm","Carnage","Shrug It Off","Blood for Blood","Anger","Flame Barrier"],"campfire_rested":5,"item_purchase_floors":[13,13,24,31,31,39,39],"current_hp_per_floor":[74,63,63,58,75,75,75,51,51,57,31,31,31,23,48,31,72,70,64,64,51,49,49,49,37,37,62,62,35,34,34,59,26,70,68,46,39,39,39,39,39,64,64,66,39,39,39,39,64,0],"gold":41,"neow_bonus":"THREE_ENEMY_KILL","is_prod":false,"is_daily":false,"chose_seed":false,"campfire_upgraded":3,"win_rate":0,"timestamp":1553545219,"path_taken":["M","?","?","?","?","E","M","E","T","M","?","R","?","M","R","BOSS","M","M","?","M","?","R","?","E","T","R","?","E","M","?","R","BOSS","M","?","M","?","$","R","$","R","T","M","M","$","?","?","R","BOSS"],"build_version":"2019-01-23","purchased_purges":3,"victory":false,"max_hp_per_floor":[75,75,75,75,75,75,75,85,85,85,85,85,85,85,85,85,85,85,85,85,85,85,85,85,85,85,85,85,85,85,85,85,85,85,85,85,85,85,85,85,85,85,85,85,85,85,85,85,85,85],"card_choices":[{"not_picked":["Clash","Headbutt"],"picked":"Spot Weakness","floor":1},{"not_picked":["Fire Breathing","Armaments"],"picked":"Headbutt","floor":6},{"not_picked":["Warcry","True Grit"],"picked":"Pommel Strike","floor":7},{"not_picked":["Corruption","Armaments"],"picked":"Double Tap","floor":8},{"not_picked":["Searing Blow","Wild Strike","Sword Boomerang"],"picked":"SKIP","floor":10},{"not_picked":["Armaments","Anger"],"picked":"Ghostly Armor","floor":14},{"not_picked":["Exhume","Juggernaut"],"picked":"Offering","floor":16},{"not_picked":["Rupture","Armaments","Combust+1"],"picked":"SKIP","floor":18},{"not_picked":["Hemokinesis","Havoc","Iron Wave"],"picked":"SKIP","floor":19},{"not_picked":["Entrench","Wild Strike"],"picked":"Pummel","floor":21},{"not_picked":["Flex","Feel No Pain","Headbutt"],"picked":"SKIP","floor":22},{"not_picked":["Wild Strike","Body Slam","Reckless Charge"],"picked":"SKIP","floor":25},{"not_picked":["Flex","Inflame"],"picked":"Immolate","floor":29},{"not_picked":["Perfected Strike","Clash"],"picked":"Thunderclap","floor":30},{"not_picked":["Impervious","Brutality"],"picked":"Double Tap","floor":33},{"not_picked":["Twin Strike","Infernal Blade+1"],"picked":"Pommel Strike+1","floor":35},{"not_picked":["Metallicize","Wild Strike"],"picked":"Heavy Blade","floor":36},{"not_picked":["Headbutt","Warcry+1"],"picked":"Battle Trance+1","floor":37},{"not_picked":["True Grit","Anger"],"picked":"Shrug It Off","floor":44},{"not_picked":["Body Slam","Sword Boomerang","Wild Strike"],"picked":"SKIP","floor":45}],"player_experience":780153,"relics_obtained":[{"floor":6,"key":"Pen Nib"},{"floor":8,"key":"Pear"},{"floor":9,"key":"Kunai"},{"floor":25,"key":"Bottled Tornado"},{"floor":26,"key":"Blue Candle"},{"floor":29,"key":"Tiny Chest"},{"floor":36,"key":"Bird Faced Urn"},{"floor":43,"key":"Juzu Bracelet"},{"floor":48,"key":"Ancient Tea Set"}],"event_choices":[{"damage_healed":0,"gold_gain":75,"player_choice":"Gather Gold","damage_taken":11,"max_hp_gain":0,"max_hp_loss":0,"event_name":"World of Goop","floor":2,"gold_loss":0},{"damage_healed":0,"gold_gain":0,"player_choice":"Ignored","damage_taken":0,"max_hp_gain":0,"max_hp_loss":0,"event_name":"Liars Game","floor":3,"gold_loss":0},{"damage_healed":0,"gold_gain":0,"player_choice":"Success","damage_taken":5,"relics_obtained":["War Paint"],"max_hp_gain":0,"max_hp_loss":0,"event_name":"Scrap Ooze","floor":4,"gold_loss":0},{"damage_healed":18,"gold_gain":0,"player_choice":"Healed","damage_taken":0,"max_hp_gain":0,"max_hp_loss":0,"event_name":"The Cleric","floor":5,"gold_loss":35},{"damage_healed":0,"gold_gain":0,"player_choice":"Entered Light","damage_taken":26,"max_hp_gain":0,"max_hp_loss":0,"event_name":"Shining Light","floor":11,"gold_loss":0,"cards_upgraded":["Pommel Strike","Defend_R"]},{"damage_healed":0,"gold_gain":0,"player_choice":"Bought 1 Potion","damage_taken":0,"max_hp_gain":0,"max_hp_loss":0,"event_name":"The Woman in Blue","floor":20,"gold_loss":0},{"damage_healed":0,"gold_gain":0,"player_choice":"Opened","damage_taken":0,"relics_obtained":["Bronze Scales"],"max_hp_gain":0,"max_hp_loss":0,"event_name":"The Mausoleum","floor":28,"gold_loss":0,"cards_obtained":["Writhe"]},{"damage_healed":0,"gold_gain":0,"player_choice":"Fight","damage_taken":0,"max_hp_gain":0,"max_hp_loss":0,"event_name":"Mysterious Sphere","floor":36,"gold_loss":0},{"damage_healed":0,"gold_gain":0,"player_choice":"Memory 1","damage_taken":0,"max_hp_gain":0,"max_hp_loss":0,"event_name":"SensoryStone","floor":38,"gold_loss":0},{"damage_healed":0,"gold_gain":0,"player_choice":"Ignored","damage_taken":0,"max_hp_gain":0,"max_hp_loss":0,"event_name":"The Moai Head","floor":47,"gold_loss":0}],"is_beta":false,"boss_relics":[{"not_picked":["Mark of Pain","Orrery"],"picked":"Cursed Key"},{"not_picked":["Philosopher\u0027s Stone","Tiny House"],"picked":"Sozu"}],"items_purged_floors":[24,31,46],"is_endless":false,"potions_floor_spawned":[6,8,10,16,19,25,29,33,37,44],"killed_by":"Donu and Deca","ascension_level":18}