{"gold_per_floor":[117,117,132,8,20,20,46,64,64,64],"floor_reached":10,"playtime":547,"items_purged":["Regret"],"score":75,"play_id":"d1bc4d76-5617-46be-8aa1-5e1defc9055f","local_time":"20181225195011","is_ascension_mode":true,"campfire_choices":[{"floor":6,"key":"RECALL"}],"neow_cost":"NONE","seed_source_timestamp":366020478066500,"circlet_count":0,"master_deck":["Strike_B","Strike_B","Strike_B","Strike_B","Defend_B","Defend_B","Defend_B","Defend_B","Zap","Dualcast","Streamline","Reprogram","Streamline","Sweeping Beam","FTL","Buffer"],"relics":["Cracked Core","Bag of Preparation","Shovel","Molten Egg 2"],"potions_floor_usage":[7],"damage_taken":[{"damage":4,"enemies":"2 Louse","floor":1,"turns":2},{"damage":13,"enemies":"Jaw Worm","floor":3,"turns":4},{"damage":0,"enemies":"Small Slimes","floor":5,"turns":2},{"damage":26,"enemies":"Lagavulin","floor":7,"turns":4},{"damage":11,"enemies":"2 Fungi Beasts","floor":8,"turns":3},{"damage":40,"enemies":"3 Sentries","floor":10,"turns":4}],"seed_played":"-7689634143788425104","potions_obtained":[{"floor":5,"key":"Energy Potion"},{"floor":7,"key":"FairyPotion"}],"is_trial":false,"path_per_floor":["M","?","M","$","M","R","E","M","T","E"],"character_chosen":"DEFECT","items_purchased":["Streamline"],"campfire_rested":0,"item_purchase_floors":[4],"current_hp_per_floor":[78,78,65,65,65,65,39,28,28,0],"gold":64,"neow_bonus":"TEN_PERCENT_HP_BONUS","is_prod":false,"is_daily":false,"chose_seed":false,"campfire_upgraded":0,"win_rate":0,"timestamp":1545774611,"path_taken":["M","?","M","$","M","R","E","M","T","E"],"build_version":"2018-12-20","purchased_purges":1,"victory":false,"max_hp_per_floor":[82,82,82,82,82,82,82,82,82,82],"card_choices":[{"not_picked":["Beam Cell","Steam"],"picked":"Streamline","floor":1},{"not_picked":["Chill","Compile Driver"],"picked":"Reprogram","floor":3},{"not_picked":["Blizzard","Compile Driver"],"picked":"Sweeping Beam","floor":5},{"not_picked":["Hologram","Streamline"],"picked":"FTL","floor":7},{"not_picked":["Fusion","Redo"],"picked":"Buffer","floor":8}],"player_experience":265235,"relics_obtained":[{"floor":7,"key":"Shovel"},{"floor":9,"key":"Molten Egg 2"}],"event_choices":[{"damage_healed":0,"gold_gain":0,"player_choice":"Box","damage_taken":0,"relics_obtained":["Bag of Preparation"],"max_hp_gain":0,"max_hp_loss":0,"event_name":"Big Fish","floor":2,"gold_loss":0,"cards_obtained":["Regret"]}],"is_beta":false,"boss_relics":[],"items_purged_floors":[4],"is_endless":false,"potions_floor_spawned":[5,7],"killed_by":"3 Sentries","ascension_level":2}