{"gold_per_floor":[117,132,307,307,207,207,226,239,239,253,281,292,324,324],"floor_reached":14,"playtime":542,"items_purged":["Decay"],"score":102,"play_id":"2226521f-5975-4f75-89d9-4e4830b7f497","local_time":"20180630194918","is_ascension_mode":false,"campfire_choices":[{"data":"Conserve Battery","floor":6,"key":"SMITH"}],"neow_cost":"CURSE","seed_source_timestamp":261601174600578,"circlet_count":0,"master_deck":["Strike_B","Strike_B","Strike_B","Strike_B","Defend_B","Defend_B","Defend_B","Defend_B","Zap","Dualcast","Biased Cognition","Turbo","Recycle","Doubt","Conserve Battery+1","White Noise","Defragment","Hello World","Storm","Conserve Battery","Steam"],"relics":["Cracked Core","Ornamental Fan","Matryoshka","Bag of Preparation"],"potions_floor_usage":[14,14,14],"damage_taken":[{"damage":8,"enemies":"Jaw Worm","floor":1,"turns":2},{"damage":2,"enemies":"2 Louse","floor":2,"turns":3},{"damage":7,"enemies":"Small Slimes","floor":7,"turns":3},{"damage":0,"enemies":"3 Louse","floor":8,"turns":4},{"damage":6,"enemies":"Exordium Wildlife","floor":10,"turns":4},{"damage":16,"enemies":"Lagavulin","floor":11,"turns":7},{"damage":7,"enemies":"2 Fungi Beasts","floor":12,"turns":3},{"damage":13,"enemies":"Gremlin Nob","floor":13,"turns":4},{"damage":21,"enemies":"Gremlin Gang","floor":14,"turns":2}],"seed_played":"3517849307086118903","potions_obtained":[{"floor":7,"key":"LiquidBronze"},{"floor":11,"key":"Energy Potion"},{"floor":12,"key":"Ancient Potion"},{"floor":13,"key":"FocusPotion"}],"is_trial":false,"path_per_floor":["M","M","?","?","$","R","M","M","T","M","E","M","E"],"character_chosen":"DEFECT","items_purchased":["Conserve Battery"],"campfire_rested":0,"item_purchase_floors":[5],"current_hp_per_floor":[67,65,65,70,70,70,63,63,63,57,41,34,21,0],"gold":324,"neow_bonus":"THREE_RARE_CARDS","is_prod":false,"is_daily":false,"chose_seed":false,"campfire_upgraded":1,"win_rate":0,"timestamp":1530398958,"path_taken":["M","M","?","?","$","R","M","M","T","M","E","M","E","?"],"build_version":"2018-06-28","purchased_purges":1,"victory":false,"max_hp_per_floor":[75,75,75,80,80,80,80,80,80,80,80,80,80,80],"card_choices":[{"not_picked":["Multi-Cast","Machine Learning"],"picked":"Biased Cognition","floor":0},{"not_picked":["Cold Snap","Darkness"],"picked":"Turbo","floor":1},{"not_picked":["Beam Cell","Sweeping Beam"],"picked":"Recycle","floor":2},{"not_picked":["Cold Snap","Stack"],"picked":"White Noise","floor":7},{"not_picked":["Beam Cell","Compile Driver"],"picked":"Defragment","floor":8},{"not_picked":["Steam","Coolheaded"],"picked":"Hello World","floor":10},{"not_picked":["Rebound","Aggregate"],"picked":"Storm","floor":11},{"not_picked":["Loop","Cold Snap"],"picked":"Conserve Battery","floor":12},{"not_picked":["Hyperbeam","Heatsinks"],"picked":"Steam","floor":13}],"player_experience":173085,"relics_obtained":[{"floor":9,"key":"Ornamental Fan"},{"floor":11,"key":"Matryoshka"},{"floor":13,"key":"Bag of Preparation"}],"event_choices":[{"event_name":"Liars Game","player_choice":"agreed","floor":3,"damage_taken":0},{"event_name":"Big Fish","player_choice":"Donut","floor":4,"damage_taken":0}],"boss_relics":[],"items_purged_floors":[5],"is_endless":false,"potions_floor_spawned":[7,11,12,13],"killed_by":"Gremlin Gang","ascension_level":0}