{"path_per_floor":["M","?","M","M","M","R","M","R","T","?","$","E","?","M","R","B",null,"M","M","?","M","?","R"],"character_chosen":"IRONCLAD","items_purchased":["Flash of Steel","Bloodletting"],"gold_per_floor":[111,186,205,222,234,234,251,251,251,251,81,111,111,124,124,250,250,266,279,194,214,314,314],"floor_reached":24,"campfire_rested":1,"playtime":2830,"current_hp_per_floor":[80,69,75,75,74,74,72,72,72,72,72,48,48,50,74,40,80,65,55,55,31,31,31],"items_purged":[],"gold":314,"score":198,"play_id":"8449fb20-ebe0-458f-bea6-a395bf2f8788","is_prod":false,"is_daily":false,"is_ascension_mode":false,"campfire_upgraded":3,"path_taken":["M","?","M","M","M","R","M","R","T","?","$","E","?","M","R","BOSS","M","M","?","?","?","R","E"],"build_version":"2018-02-08-PROD1","purchased_purges":0,"victory":false,"master_deck":["Strike_R","Strike_R","Strike_R","Strike_R","Defend_R+1","Defend_R","Defend_R","Defend_R","Bash+1","Shockwave","Evolve+1","Warcry+1","Shrug It Off","Shrug It Off","Flash of Steel","Bloodletting","Anger","Injury","Power Through","Brutality","Inflame+1","True Grit+1","Disarm"],"max_hp_per_floor":[80,80,80,80,80,80,80,80,80,80,80,80,80,80,80,80,80,80,80,80,80,80,80],"relics":["Burning Blood","Magic Flower","Du-Vu Doll","Golden Idol","Mark of Pain","Girya"],"card_choices":[{"not_picked":["Sever Soul","Rupture"],"picked":"Shockwave"},{"not_picked":["Rage","Wild Strike"],"picked":"Evolve"},{"not_picked":["Battle Trance","Burning Pact"],"picked":"Warcry"},{"not_picked":["Warcry","Perfected Strike"],"picked":"Shrug It Off"},{"not_picked":["Burning Pact","Sword Boomerang"],"picked":"Shrug It Off"},{"not_picked":["Inflame","True Grit"],"picked":"Anger"},{"not_picked":["Inflame","Uppercut"],"picked":"Power Through"},{"not_picked":["Demon Form","Feed"],"picked":"Brutality"},{"not_picked":["Clash","Uppercut"],"picked":"Inflame"},{"not_picked":["Sword Boomerang","Rampage"],"picked":"True Grit"},{"not_picked":["Twin Strike","Perfected Strike"],"picked":"Disarm"}],"player_experience":53599,"potions_floor_usage":[14,16,24],"damage_taken":[{"damage":5.0,"enemies":"Cultist","floor":1.0,"turns":4.0},{"damage":0,"enemies":"2 Louse","floor":3,"turns":4},{"damage":6,"enemies":"Blue Slaver","floor":4,"turns":7},{"damage":7,"enemies":"Looter","floor":5,"turns":4},{"damage":8,"enemies":"2 Fungi Beasts","floor":7,"turns":5},{"damage":33,"enemies":"Gremlin Nob","floor":12,"turns":5},{"damage":7,"enemies":"Exordium Wildlife","floor":14,"turns":5},{"damage":43,"enemies":"The Guardian","floor":16,"turns":13},{"damage":24,"enemies":"Chosen","floor":18,"turns":6},{"damage":19,"enemies":"3 Byrds","floor":19,"turns":6},{"damage":33,"enemies":"Sentry and Sphere","floor":21,"turns":13},{"damage":37,"enemies":"Gremlin Leader","floor":24,"turns":6}],"event_choices":[{"event_name":"World of Goop","player_choice":"Gather Gold","floor":2,"damage_taken":0},{"event_name":"Accursed Blacksmith","player_choice":"Forge","floor":10,"damage_taken":0},{"event_name":"Golden Idol","player_choice":"Take Wound","floor":13,"damage_taken":0},{"event_name":"Addict","player_choice":"Obtained Relic","floor":20,"damage_taken":0},{"event_name":"Golden Shrine","player_choice":"Pray","floor":22,"damage_taken":0}],"boss_relics":[{"not_picked":["White Beast Statue","Lizard Tail"],"picked":"Mark of Pain"}],"potions_floor_spawned":[1,4,5,14,19,21],"seed_played":"-6483640244072545165","killed_by":"Gremlin Leader","ascension_level":0,"is_trial":false}