{"gold_per_floor":[359,375,390,46,58,58,3,3,3,3,3],"floor_reached":11,"playtime":391,"items_purged":["Doubt"],"score":101,"play_id":"cd7415d2-34dd-418e-8ff4-289c003b3a68","local_time":"20181028132838","is_ascension_mode":true,"campfire_choices":[{"data":"Neutralize","floor":6,"key":"SMITH"},{"data":"Well Laid Plans","floor":8,"key":"SMITH"}],"neow_cost":"CURSE","seed_source_timestamp":83941949945123,"circlet_count":0,"master_deck":["Defend_G","Defend_G","Defend_G","Defend_G","Defend_G","Strike_G","Strike_G","Strike_G","Strike_G","Strike_G","Survivor","Neutralize+1","AscendersBane","Escape Plan","PiercingWail","Cloak And Dagger","Well Laid Plans+1","Infernal Blade"],"relics":["Ring of the Snake","PrismaticShard","Ginger","Blue Candle"],"potions_floor_usage":[5],"damage_taken":[{"damage":1,"enemies":"Cultist","floor":1,"turns":4},{"damage":1,"enemies":"Jaw Worm","floor":2,"turns":7},{"damage":0,"enemies":"2 Louse","floor":3,"turns":4},{"damage":4,"enemies":"Looter","floor":5,"turns":5},{"damage":97,"enemies":"Gremlin Nob","floor":11,"turns":6}],"seed_played":"-5851413173181879171","potions_obtained":[{"floor":3,"key":"Poison Potion"}],"is_trial":false,"path_per_floor":["M","M","M","$","M","R","?","R","T","?"],"character_chosen":"THE_SILENT","items_purchased":["PrismaticShard","Well Laid Plans"],"campfire_rested":0,"item_purchase_floors":[4,4],"current_hp_per_floor":[62,61,61,61,57,57,57,57,57,57,0],"gold":3,"neow_bonus":"TWO_FIFTY_GOLD","is_prod":false,"is_daily":false,"chose_seed":false,"campfire_upgraded":2,"win_rate":0,"timestamp":1540733318,"path_taken":["M","?","?","$","M","R","?","R","T","?","E"],"build_version":"2018-10-25v2","purchased_purges":1,"victory":false,"max_hp_per_floor":[70,70,70,70,70,70,70,70,70,70,70],"card_choices":[{"not_picked":["Quick Slash","Acrobatics"],"picked":"Escape Plan","floor":1},{"not_picked":["Sucker Punch","Dodge and Roll"],"picked":"PiercingWail","floor":2},{"not_picked":["Outmaneuver","Poisoned Stab"],"picked":"Cloak And Dagger","floor":3},{"not_picked":["Choke","Dagger Spray"],"picked":"Infernal Blade","floor":5}],"player_experience":484321,"relics_obtained":[{"floor":9,"key":"Blue Candle"}],"event_choices":[{"damage_healed":0,"gold_gain":0,"player_choice":"Paid Gold","damage_taken":0,"relics_obtained":["Ginger"],"max_hp_gain":0,"max_hp_loss":0,"event_name":"WeMeetAgain","floor":7,"gold_loss":55},{"damage_healed":0,"gold_gain":0,"player_choice":"Leave","damage_taken":0,"max_hp_gain":0,"max_hp_loss":0,"event_name":"The Cleric","floor":10,"gold_loss":0}],"is_beta":false,"boss_relics":[],"items_purged_floors":[4],"is_endless":false,"potions_floor_spawned":[3],"killed_by":"Gremlin Nob","ascension_level":12}