{"gold_per_floor":[113,132,23,23,36,36,92,104,104,135,147,147,72,72,72,72],"floor_reached":16,"playtime":521,"items_purged":["Defend_R"],"score":193,"play_id":"f0f86859-cecd-4632-8bb9-f060d858bff0","local_time":"20190321213522","is_ascension_mode":true,"campfire_choices":[{"data":"Searing Blow","floor":6,"key":"SMITH"},{"data":"Searing Blow+1","floor":12,"key":"SMITH"},{"data":"Armaments","floor":15,"key":"SMITH"}],"neow_cost":"TEN_PERCENT_HP_LOSS","seed_source_timestamp":76526987067274,"circlet_count":0,"master_deck":["AscendersBane","Strike_R","Strike_R","Defend_R","Defend_R","Defend_R","Bash","Carnage","Shrug It Off","Searing Blow+2","Impervious","Rage","Combust","Armaments+1"],"relics":["Burning Blood","Ornamental Fan","Tiny Chest","Thread and Needle","Kunai"],"potions_floor_usage":[7,16],"damage_taken":[{"damage":11,"enemies":"Cultist","floor":1,"turns":4},{"damage":4,"enemies":"Jaw Worm","floor":2,"turns":4},{"damage":0,"enemies":"2 Louse","floor":5,"turns":2},{"damage":16,"enemies":"Gremlin Nob","floor":7,"turns":3},{"damage":13,"enemies":"Lots of Slimes","floor":8,"turns":6},{"damage":10,"enemies":"3 Sentries","floor":10,"turns":6},{"damage":1,"enemies":"2 Fungi Beasts","floor":11,"turns":4},{"damage":58,"enemies":"Hexaghost","floor":16,"turns":12}],"seed_played":"-5017759203826591771","potions_obtained":[{"floor":2,"key":"SteroidPotion"},{"floor":11,"key":"BloodPotion"}],"is_trial":false,"path_per_floor":["M","M","$","T","M","R","E","M","T","E","M","R","?","$","R","B"],"character_chosen":"IRONCLAD","items_purchased":["Searing Blow"],"campfire_rested":0,"item_purchase_floors":[3],"current_hp_per_floor":[63,65,65,65,68,68,58,51,51,47,52,52,52,52,52,0],"gold":72,"neow_bonus":"REMOVE_TWO","is_prod":false,"is_daily":false,"chose_seed":false,"campfire_upgraded":3,"win_rate":0,"timestamp":1553218522,"path_taken":["M","M","?","?","M","R","E","?","T","E","M","R","?","$","R","BOSS"],"build_version":"2019-01-23","purchased_purges":1,"victory":false,"max_hp_per_floor":[68,68,68,68,68,68,68,68,68,68,68,68,68,68,68,68],"card_choices":[{"not_picked":["Iron Wave","Wild Strike"],"picked":"Carnage","floor":1},{"not_picked":["Armaments","True Grit"],"picked":"Shrug It Off","floor":2},{"not_picked":["Havoc","Corruption"],"picked":"Impervious","floor":5},{"not_picked":["Demon Form","Brutality"],"picked":"Rage","floor":7},{"not_picked":["Burning Pact","Anger"],"picked":"Combust","floor":8},{"not_picked":["Twin Strike","Flex","Heavy Blade"],"picked":"SKIP","floor":10},{"not_picked":["Uppercut","Fire Breathing"],"picked":"Armaments","floor":11}],"player_experience":321000,"relics_obtained":[{"floor":4,"key":"Ornamental Fan"},{"floor":7,"key":"Tiny Chest"},{"floor":9,"key":"Thread and Needle"},{"floor":10,"key":"Kunai"}],"event_choices":[{"cards_removed":["Strike_R"],"damage_healed":0,"gold_gain":0,"player_choice":"Card Removal","damage_taken":0,"max_hp_gain":0,"max_hp_loss":0,"event_name":"The Cleric","floor":13,"gold_loss":75}],"is_beta":false,"boss_relics":[],"items_purged_floors":[3],"is_endless":false,"potions_floor_spawned":[2,11],"killed_by":"Hexaghost","ascension_level":15}