{"gold_per_floor":[109,109,129,129,205,238,254,254,254,254,44,44,44,77,77,178,178,192,204,204,119,139,167,178,188,188,188,188,223,68,80,80,178,178,193,121,21,41,52,52,71,83,106,138,149,177,177,230,230,230,230,230,37,65,65],"floor_reached":55,"playtime":4234,"items_purged":["Pain"],"score":875,"play_id":"81bf58ea-bef8-4ed3-be7d-74ce0071aa14","local_time":"20190205200644","is_ascension_mode":true,"campfire_choices":[{"floor":8,"key":"REST"},{"floor":10,"key":"REST"},{"floor":12,"key":"RECALL"},{"floor":15,"key":"REST"},{"floor":28,"key":"REST"},{"data":"Capacitor","floor":32,"key":"SMITH"},{"floor":40,"key":"REST"},{"floor":47,"key":"REST"},{"floor":49,"key":"REST"},{"data":"Echo Form","floor":52,"key":"SMITH"}],"neow_cost":"NONE","seed_source_timestamp":113585525288200,"circlet_count":0,"master_deck":["Strike_B","Strike_B","Strike_B","Strike_B","Defend_B","Defend_B","Defend_B","Defend_B","Zap","Dualcast","Ball Lightning+1","Streamline","Conserve Battery","Conserve Battery","Gash","Seek","Melter","Electrodynamics","Ball Lightning","Self Repair","Coolheaded+1","White Noise","White Noise","Leap+1","Storm+1","Sweeping Beam","Capacitor+1","Glacier","Echo Form+1","Ball Lightning+1","Capacitor","Leap","White Noise+1","Streamline+1","Hello World+1","Self Repair","Rebound+1","Beam Cell+1","Redo+1","Rebound+1","Beam Cell","Barrage","Conserve Battery+1","Echo Form+1","Static Discharge"],"relics":["Cracked Core","Cables","Ornamental Fan","Dream Catcher","Shuriken","Mummified Hand","Velvet Choker","Pear","Boot","Blue Candle","WarpedTongs","Oddly Smooth Stone","Inserter","Dead Branch","Anchor","Pen Nib","Smiling Mask","Ginger","DollysMirror","Pantograph"],"potions_floor_usage":[6,19,33,33,39,46,48,50,55,55],"damage_taken":[{"damage":7,"enemies":"Small Slimes","floor":1,"turns":3},{"damage":0,"enemies":"2 Louse","floor":3,"turns":2},{"damage":21,"enemies":"3 Sentries","floor":6,"turns":7},{"damage":0,"enemies":"Jaw Worm","floor":7,"turns":3},{"damage":18,"enemies":"Lagavulin","floor":14,"turns":5},{"damage":30,"enemies":"Hexaghost","floor":16,"turns":9},{"damage":5,"enemies":"Chosen","floor":18,"turns":4},{"damage":3,"enemies":"2 Thieves","floor":19,"turns":3},{"damage":6,"enemies":"Chosen and Byrds","floor":22,"turns":4},{"damage":18,"enemies":"Gremlin Leader","floor":23,"turns":5},{"damage":2,"enemies":"3 Cultists","floor":24,"turns":3},{"damage":0,"enemies":"Sentry and Sphere","floor":25,"turns":2},{"damage":0,"enemies":"Slavers","floor":29,"turns":1},{"damage":1,"enemies":"Centurion and Healer","floor":31,"turns":3},{"damage":45,"enemies":"Automaton","floor":33,"turns":8},{"damage":15,"enemies":"3 Shapes","floor":35,"turns":3},{"damage":0,"enemies":"Orb Walker","floor":38,"turns":3},{"damage":11,"enemies":"Maw","floor":39,"turns":6},{"damage":4,"enemies":"Sphere and 2 Shapes","floor":41,"turns":2},{"damage":21,"enemies":"Spire Growth","floor":42,"turns":4},{"damage":43,"enemies":"Giant Head","floor":44,"turns":7},{"damage":3,"enemies":"Jaw Worm Horde","floor":45,"turns":3},{"damage":19,"enemies":"Reptomancer","floor":46,"turns":6},{"damage":20,"enemies":"2 Orb Walkers","floor":48,"turns":5},{"damage":69,"enemies":"Awakened One","floor":50,"turns":7},{"damage":50,"enemies":"Shield and Spear","floor":54,"turns":5},{"damage":104,"enemies":"The Heart","floor":55,"turns":6}],"seed_played":"-6840604362906597709","potions_obtained":[{"floor":3,"key":"LiquidBronze"},{"floor":14,"key":"Dexterity Potion"},{"floor":24,"key":"FocusPotion"},{"floor":25,"key":"SneckoOil"},{"floor":29,"key":"SkillPotion"},{"floor":31,"key":"AttackPotion"},{"floor":38,"key":"Dexterity Potion"},{"floor":42,"key":"Ancient Potion"},{"floor":45,"key":"EssenceOfSteel"},{"floor":46,"key":"Block Potion"},{"floor":54,"key":"Strength Potion"}],"is_trial":false,"path_per_floor":["M","?","M","?","?","E","M","R","T","R","$","R","T","E","R","B",null,"M","M","?","?","M","E","M","M","T","?","R","E","$","M","R","B",null,"M","?","$","M","M","R","M","M","T","E","M","E","R","?","R","B",null,"R","$","E","B"],"character_chosen":"DEFECT","items_purchased":["Dream Catcher","Gash","Capacitor","Capacitor","Leap","DollysMirror"],"campfire_rested":7,"item_purchase_floors":[11,11,30,37,37,53],"current_hp_per_floor":[75,75,75,33,33,12,12,36,36,60,60,60,60,42,66,36,82,77,74,58,68,69,58,63,70,70,70,97,97,97,97,97,52,97,82,82,82,82,71,97,93,86,86,57,54,63,92,79,97,45,97,97,97,47,0],"gold":65,"neow_bonus":"TEN_PERCENT_HP_BONUS","is_prod":false,"is_daily":false,"chose_seed":false,"campfire_upgraded":2,"win_rate":0,"timestamp":1549404404,"path_taken":["M","?","M","?","?","E","M","R","T","R","?","R","?","E","R","BOSS","M","M","?","?","M","E","?","M","T","?","R","E","?","M","R","BOSS","M","?","?","M","?","R","M","M","T","E","M","E","R","?","R","BOSS","R","$","E","BOSS"],"build_version":"2019-01-23","purchased_purges":1,"victory":false,"max_hp_per_floor":[82,82,82,82,82,82,82,82,82,82,82,82,82,82,82,82,82,82,82,87,97,97,97,97,97,97,97,97,97,97,97,97,97,97,97,97,97,97,97,97,97,97,97,97,97,97,97,97,97,97,97,97,97,97,97],"card_choices":[{"not_picked":["Streamline","Compile Driver"],"picked":"Ball Lightning","floor":1},{"not_picked":["Double Energy","Rebound"],"picked":"Streamline","floor":3},{"not_picked":["Steam","Lockon"],"picked":"Conserve Battery","floor":6},{"not_picked":["FTL","Barrage"],"picked":"Conserve Battery","floor":7},{"not_picked":["Steam Power","Rebound"],"picked":"Seek","floor":14},{"not_picked":["Conserve Battery","Reprogram"],"picked":"Melter","floor":15},{"not_picked":["Thunder Strike","Core Surge"],"picked":"Electrodynamics","floor":16},{"not_picked":["Rebound+1","Conserve Battery"],"picked":"Ball Lightning","floor":18},{"not_picked":["Doom and Gloom","Gash+1"],"picked":"Self Repair","floor":19},{"not_picked":["Skim","Hologram"],"picked":"Coolheaded+1","floor":22},{"not_picked":["Leap+1","Blizzard"],"picked":"White Noise","floor":23},{"not_picked":["Lockon","Rip and Tear"],"picked":"White Noise","floor":24},{"not_picked":["Skim","Storm"],"picked":"Leap+1","floor":25},{"not_picked":["Ball Lightning","Darkness"],"picked":"Storm+1","floor":28},{"not_picked":["Electrodynamics","Cold Snap"],"picked":"Sweeping Beam","floor":29},{"not_picked":["Steam+1","Turbo"],"picked":"Glacier","floor":31},{"not_picked":["Meteor Strike","Thunder Strike"],"picked":"Echo Form","floor":33},{"not_picked":["Beam Cell+1","Skim"],"picked":"Ball Lightning+1","floor":35},{"not_picked":["Compile Driver+1","Coolheaded"],"picked":"White Noise+1","floor":38},{"not_picked":["Doom and Gloom+1","Turbo"],"picked":"Streamline+1","floor":39},{"not_picked":["Cold Snap","Go for the Eyes"],"picked":"Hello World+1","floor":40},{"not_picked":["Scrape","Redo+1"],"picked":"Self Repair","floor":41},{"not_picked":["Doom and Gloom+1","Scrape"],"picked":"Rebound+1","floor":42},{"not_picked":["FTL","Seek"],"picked":"Beam Cell+1","floor":44},{"not_picked":["Beam Cell","Coolheaded"],"picked":"Redo+1","floor":45},{"not_picked":["Redo","Heatsinks"],"picked":"Rebound+1","floor":46},{"not_picked":["Turbo","Darkness"],"picked":"Beam Cell","floor":47},{"not_picked":["Chaos","Aggregate"],"picked":"Barrage","floor":48},{"not_picked":["Leap+1","Rip and Tear+1"],"picked":"Conserve Battery+1","floor":49},{"not_picked":["Gash+1","Steam+1"],"picked":"Static Discharge","floor":54}],"player_experience":286574,"relics_obtained":[{"floor":6,"key":"Ornamental Fan"},{"floor":13,"key":"Shuriken"},{"floor":14,"key":"Mummified Hand"},{"floor":23,"key":"Boot"},{"floor":26,"key":"Blue Candle"},{"floor":29,"key":"Oddly Smooth Stone"},{"floor":43,"key":"Anchor"},{"floor":44,"key":"Pen Nib"},{"floor":46,"key":"Smiling Mask"},{"floor":48,"key":"Ginger"},{"floor":54,"key":"Pantograph"}],"event_choices":[{"damage_healed":0,"gold_gain":0,"player_choice":"Grow","damage_taken":0,"max_hp_gain":0,"max_hp_loss":0,"event_name":"Living Wall","floor":2,"gold_loss":0,"cards_upgraded":["Ball Lightning"]},{"damage_healed":0,"gold_gain":0,"player_choice":"Success","damage_taken":42,"relics_obtained":["Cables"],"max_hp_gain":0,"max_hp_loss":0,"event_name":"Scrap Ooze","floor":4,"gold_loss":0},{"damage_healed":0,"gold_gain":76,"player_choice":"Gained Gold","damage_taken":0,"max_hp_gain":0,"max_hp_loss":0,"event_name":"Golden Wing","floor":5,"gold_loss":0},{"damage_healed":0,"gold_gain":0,"player_choice":"Shed Blood","damage_taken":21,"max_hp_gain":5,"max_hp_loss":0,"event_name":"Forgotten Altar","floor":20,"gold_loss":0},{"damage_healed":0,"gold_gain":0,"player_choice":"Obtained Relic","damage_taken":0,"relics_obtained":["Pear"],"max_hp_gain":0,"max_hp_loss":0,"event_name":"Addict","floor":21,"gold_loss":85},{"damage_healed":0,"gold_gain":0,"player_choice":"Rummage","damage_taken":0,"relics_obtained":["WarpedTongs"],"max_hp_gain":0,"max_hp_loss":0,"event_name":"Accursed Blacksmith","floor":27,"gold_loss":0,"cards_obtained":["Pain"]},{"damage_healed":0,"gold_gain":0,"player_choice":"Paid Gold","damage_taken":0,"relics_obtained":["Dead Branch"],"max_hp_gain":0,"max_hp_loss":0,"event_name":"WeMeetAgain","floor":36,"gold_loss":72},{"damage_healed":0,"gold_gain":0,"player_choice":"Fight","damage_taken":0,"max_hp_gain":0,"max_hp_loss":0,"event_name":"Mysterious Sphere","floor":48,"gold_loss":0}],"is_beta":false,"boss_relics":[{"not_picked":["Runic Dome","Busted Crown"],"picked":"Velvet Choker"},{"not_picked":["Eternal Feather","Black Star"],"picked":"Inserter"}],"items_purged_floors":[30],"is_endless":false,"potions_floor_spawned":[3,14,24,25,29,31,38,42,45,46,54],"killed_by":"The Heart","ascension_level":2}