{"gold_per_floor":[129,204,204,204,126,204,204,204],"floor_reached":8,"playtime":474,"items_purged":[],"score":204,"play_id":"509de867-f916-4012-953f-aa711c224f7f","local_time":"20181202222916","daily_mods":["Hoarder","Colorless Cards","Heirloom","Flight","DeadlyEvents","Cursed Run","Elite Swarm","Midas"],"is_ascension_mode":true,"campfire_choices":[{"floor":7,"key":"REST"}],"neow_cost":"","seed_source_timestamp":132761921699400,"circlet_count":0,"master_deck":["Demon Form","Echo Form","AscendersBane","Strike_B","Strike_B","Strike_B","Strike_B","Defend_B","Defend_B","Defend_B","Defend_B","Zap","Dualcast","Sweeping Beam","Sweeping Beam","Sweeping Beam","Regret","Regret","Regret","Chaos","Chaos","Chaos","Creative AI","Creative AI","Creative AI"],"relics":["Cursed Key","Darkstone Periapt","Du-Vu Doll","Dead Branch","Molten Egg 2","Dodecahedron"],"potions_floor_usage":[8],"damage_taken":[{"damage":0,"enemies":"2 Louse","floor":1,"turns":4},{"damage":35,"enemies":"3 Sentries","floor":6,"turns":6},{"damage":71,"enemies":"Lagavulin","floor":8,"turns":6}],"seed_played":"-3540549235961122107","potions_obtained":[],"is_trial":true,"path_per_floor":["M","?","?","?","$","E","R","E"],"character_chosen":"DEFECT","items_purchased":["Regen Potion"],"campfire_rested":1,"item_purchase_floors":[5],"current_hp_per_floor":[64,53,59,59,59,24,47,0],"gold":204,"neow_bonus":"","is_prod":false,"is_daily":false,"chose_seed":false,"campfire_upgraded":0,"win_rate":0,"timestamp":1543796956,"path_taken":["M","?","?","?","?","E","R","E"],"build_version":"2018-11-15","purchased_purges":0,"victory":false,"max_hp_per_floor":[71,71,77,77,77,77,77,77],"card_choices":[{"not_picked":["Streamline","Stack"],"picked":"Sweeping Beam","floor":1},{"not_picked":["Metamorphosis","Magnetism"],"picked":"Creative AI","floor":6}],"player_experience":242737,"relics_obtained":[{"floor":6,"key":"Dodecahedron"}],"event_choices":[{"damage_healed":0,"gold_gain":75,"player_choice":"Gather Gold","damage_taken":11,"max_hp_gain":0,"max_hp_loss":0,"event_name":"World of Goop","floor":2,"gold_loss":0},{"damage_healed":0,"gold_gain":0,"player_choice":"Box","damage_taken":0,"relics_obtained":["Molten Egg 2"],"max_hp_gain":0,"max_hp_loss":0,"event_name":"Big Fish","floor":3,"gold_loss":0,"cards_obtained":["Regret"]},{"damage_healed":0,"gold_gain":0,"cards_transformed":["Wraith Form v2"],"player_choice":"Change","damage_taken":0,"max_hp_gain":0,"max_hp_loss":0,"event_name":"Living Wall","floor":4,"gold_loss":0,"cards_obtained":["Chaos"]}],"is_beta":false,"boss_relics":[],"items_purged_floors":[],"is_endless":true,"potions_floor_spawned":[],"killed_by":"Lagavulin","ascension_level":20}