{"gold_per_floor":[112,128,128,148,148,148,1,40,40,115,128,142,168,118,118,243,243,262,262,280,80,91,91,105,105,105,105,115,68,68,68],"floor_reached":31,"playtime":3814,"items_purged":["Doubt"],"score":426,"play_id":"5780fa96-2025-4454-bed7-3f984325cd8a","local_time":"20181125195925","is_ascension_mode":true,"campfire_choices":[{"data":"Metallicize","floor":6,"key":"SMITH"},{"data":"Armaments","floor":15,"key":"SMITH"},{"data":"Barricade","floor":23,"key":"SMITH"}],"neow_cost":"CURSE","seed_source_timestamp":2523235475412257,"circlet_count":0,"master_deck":["AscendersBane","Defend_R","Defend_R","Defend_R","Bash","Immolate","Iron Wave","Shrug It Off","Metallicize+1","Dropkick","Cleave","Armaments+1","Barricade+1","Wild Strike+1","Reaper+1","Headbutt+1","Flex","Pummel","Iron Wave","Ghostly Armor","Ghostly","Ghostly","Ghostly","Ghostly","Ghostly","Thunderclap","Shrug It Off","Bite","Bite","Bite","Bite","Bite"],"relics":["Burning Blood","Bloody Idol","Red Skull","Ornamental Fan","Juzu Bracelet","Astrolabe","Lee\u0027s Waffle","Anchor","Happy Flower"],"potions_floor_usage":[12,16,16,20,24],"damage_taken":[{"damage":8,"enemies":"Small Slimes","floor":1,"turns":3},{"damage":9,"enemies":"Jaw Worm","floor":2,"turns":4},{"damage":1,"enemies":"2 Louse","floor":4,"turns":3},{"damage":21,"enemies":"3 Sentries","floor":8,"turns":6},{"damage":3,"enemies":"Blue Slaver","floor":11,"turns":5},{"damage":5,"enemies":"Exordium Wildlife","floor":12,"turns":4},{"damage":62,"enemies":"Hexaghost","floor":16,"turns":15},{"damage":35,"enemies":"Spheric Guardian","floor":18,"turns":6},{"damage":28,"enemies":"Chosen","floor":20,"turns":7},{"damage":62,"enemies":"Sentry and Sphere","floor":22,"turns":10},{"damage":44,"enemies":"3 Cultists","floor":24,"turns":6},{"damage":14,"enemies":"Centurion and Healer","floor":28,"turns":12},{"damage":54,"enemies":"Cultist and Chosen","floor":31,"turns":6}],"seed_played":"-5457897495148979363","potions_obtained":[{"floor":2,"key":"GamblersBrew"},{"floor":8,"key":"Regen Potion"},{"floor":11,"key":"Energy Potion"},{"floor":12,"key":"FearPotion"},{"floor":18,"key":"Block Potion"},{"floor":22,"key":"SkillPotion"}],"is_trial":false,"path_per_floor":["M","M","?","M","?","R","$","E","T","?","M","M","T","?","R","B",null,"M","?","M","$","M","R","M","?","T","?","M","$","?","M"],"character_chosen":"IRONCLAD","items_purchased":["Dropkick","Lee\u0027s Waffle","Shrug It Off"],"campfire_rested":0,"item_purchase_floors":[7,21,29],"current_hp_per_floor":[70,67,72,77,77,77,77,62,62,51,54,55,55,55,55,14,63,42,42,37,86,40,40,31,31,31,31,38,38,30,0],"gold":68,"neow_bonus":"THREE_RARE_CARDS","is_prod":false,"is_daily":false,"chose_seed":false,"campfire_upgraded":3,"win_rate":0,"timestamp":1543175965,"path_taken":["M","M","?","M","?","R","$","E","T","?","M","M","?","?","R","BOSS","M","?","M","$","M","R","M","?","T","?","M","?","?","M"],"build_version":"2018-11-15","purchased_purges":1,"victory":false,"max_hp_per_floor":[80,80,85,85,79,79,79,79,79,79,79,79,79,79,79,79,79,79,79,79,86,86,86,86,86,86,43,43,43,30,30],"card_choices":[{"not_picked":["Dark Embrace","Exhume"],"picked":"Immolate","floor":0},{"not_picked":["Havoc","Dual Wield"],"picked":"Iron Wave","floor":1},{"not_picked":["Second Wind","True Grit"],"picked":"Shrug It Off","floor":2},{"not_picked":["True Grit","Heavy Blade"],"picked":"Metallicize","floor":4},{"not_picked":["Corruption","Fiend Fire"],"picked":"Cleave","floor":8},{"not_picked":["Second Wind","Bloodletting","Heavy Blade"],"picked":"SKIP","floor":11},{"not_picked":["Pummel","Headbutt"],"picked":"Armaments","floor":12},{"not_picked":["Demon Form","Juggernaut"],"picked":"Barricade","floor":16},{"not_picked":["Clothesline","Armaments"],"picked":"Flex","floor":18},{"not_picked":["Fire Breathing","True Grit"],"picked":"Pummel","floor":20},{"not_picked":["Wild Strike","Flex"],"picked":"Iron Wave","floor":22},{"not_picked":["Clash","Cleave"],"picked":"Ghostly Armor","floor":24},{"not_picked":["Clash","Clothesline+1"],"picked":"Thunderclap","floor":28}],"player_experience":511745,"relics_obtained":[{"floor":8,"key":"Red Skull"},{"floor":9,"key":"Ornamental Fan"},{"floor":13,"key":"Juzu Bracelet"},{"floor":26,"key":"Happy Flower"}],"event_choices":[{"damage_healed":0,"gold_gain":0,"player_choice":"Donut","damage_taken":0,"max_hp_gain":5,"max_hp_loss":0,"event_name":"Big Fish","floor":3,"gold_loss":0},{"damage_healed":0,"gold_gain":0,"player_choice":"Lose Max HP","damage_taken":0,"relics_obtained":["Golden Idol"],"max_hp_gain":0,"max_hp_loss":6,"event_name":"Golden Idol","floor":5,"gold_loss":0},{"damage_healed":0,"gold_gain":75,"player_choice":"Gather Gold","damage_taken":11,"max_hp_gain":0,"max_hp_loss":0,"event_name":"World of Goop","floor":10,"gold_loss":0},{"cards_removed":["Strike_R"],"damage_healed":0,"gold_gain":0,"player_choice":"Card Removal","damage_taken":0,"max_hp_gain":0,"max_hp_loss":0,"event_name":"The Cleric","floor":14,"gold_loss":50},{"damage_healed":0,"gold_gain":0,"player_choice":"Gave Idol","damage_taken":0,"relics_obtained":["Bloody Idol"],"max_hp_gain":0,"max_hp_loss":0,"event_name":"Forgotten Altar","floor":19,"relics_lost":["Golden Idol"],"gold_loss":0},{"damage_healed":0,"gold_gain":0,"player_choice":"Opened","damage_taken":0,"relics_obtained":["Anchor"],"max_hp_gain":0,"max_hp_loss":0,"event_name":"The Mausoleum","floor":25,"gold_loss":0},{"damage_healed":0,"gold_gain":0,"player_choice":"Became a Ghost","damage_taken":0,"max_hp_gain":0,"max_hp_loss":43,"event_name":"Ghosts","floor":27,"gold_loss":0,"cards_obtained":["Ghostly","Ghostly","Ghostly","Ghostly","Ghostly"]},{"damage_healed":0,"gold_gain":0,"player_choice":"Became a vampire","damage_taken":0,"max_hp_gain":0,"max_hp_loss":13,"event_name":"Vampires","floor":30,"gold_loss":0,"cards_obtained":["Bite","Bite","Bite","Bite","Bite"]}],"is_beta":false,"boss_relics":[{"not_picked":["Calling Bell","Philosopher\u0027s Stone"],"picked":"Astrolabe"}],"items_purged_floors":[7],"is_endless":false,"potions_floor_spawned":[2,8,11,12,18,22],"killed_by":"Cultist and Chosen","ascension_level":12}