{"gold_per_floor":[112,132,16,34,52,52,65,84,84,103,103,103,103],"floor_reached":13,"playtime":738,"items_purged":[],"score":158,"play_id":"8ee84dc9-935c-40f8-b698-c9fdc5d46553","local_time":"20190330125034","is_ascension_mode":true,"campfire_choices":[{"floor":6,"key":"REST"},{"floor":11,"key":"REST"}],"neow_cost":"TEN_PERCENT_HP_LOSS","seed_source_timestamp":491931453431640,"circlet_count":0,"master_deck":["AscendersBane","Defend_G","Defend_G","Defend_G","Defend_G","Defend_G","Strike_G","Strike_G","Strike_G","Strike_G","Strike_G","Survivor","Neutralize","Adrenaline","Dodge and Roll","Caltrops","Leg Sweep","Well Laid Plans","Caltrops","Quick Slash","Blur","Malaise","Dagger Spray"],"special_seed":0,"relics":["Ring of the Snake"],"potions_floor_usage":[],"damage_taken":[{"damage":4.0,"enemies":"Cultist","floor":1.0,"turns":4.0},{"damage":21.0,"enemies":"Jaw Worm","floor":2.0,"turns":9.0},{"damage":0,"enemies":"2 Louse","floor":4,"turns":3},{"damage":14,"enemies":"Gremlin Gang","floor":5,"turns":7},{"damage":11,"enemies":"Red Slaver","floor":7,"turns":6},{"damage":4,"enemies":"3 Louse","floor":8,"turns":7},{"damage":11,"enemies":"2 Fungi Beasts","floor":10,"turns":4},{"damage":43,"enemies":"Gremlin Nob","floor":13,"turns":4}],"seed_played":"5296109811376197569","potions_obtained":[{"floor":8,"key":"Explosive Potion"},{"floor":10,"key":"LiquidBronze"}],"is_trial":false,"path_per_floor":["M","M","$","M","M","R","M","M","T","M","R","?","E"],"character_chosen":"THE_SILENT","items_purchased":["Leg Sweep","Well Laid Plans"],"campfire_rested":2,"item_purchase_floors":[3,3],"current_hp_per_floor":[55,34,34,34,20,38,27,23,23,12,30,30,0],"gold":103,"neow_bonus":"THREE_RARE_CARDS","is_prod":false,"is_daily":false,"chose_seed":false,"campfire_upgraded":0,"win_rate":0,"timestamp":1553943034,"path_taken":["M","M","$","M","?","R","M","M","T","?","R","?","E"],"build_version":"2019-01-23","purchased_purges":0,"victory":false,"max_hp_per_floor":[60,60,60,60,60,60,60,60,60,60,60,60,60],"card_choices":[{"not_picked":["Burst","Venomology"],"picked":"Adrenaline","floor":0.0},{"not_picked":["Setup","Acrobatics"],"picked":"Dodge and Roll","floor":1.0},{"not_picked":["Flying Knee","PiercingWail"],"picked":"Caltrops","floor":2},{"not_picked":["Bane","Outmaneuver"],"picked":"Caltrops","floor":4},{"not_picked":["Dodge and Roll","Prepared"],"picked":"Quick Slash","floor":5},{"not_picked":["Blade Dance","Slice"],"picked":"Blur","floor":7},{"not_picked":["Reflex","PiercingWail"],"picked":"Malaise","floor":8},{"not_picked":["PiercingWail","Deadly Poison"],"picked":"Dagger Spray","floor":10}],"player_experience":1627611,"relics_obtained":[],"event_choices":[{"damage_healed":0,"gold_gain":0,"player_choice":"Ignored","damage_taken":0,"max_hp_gain":0,"max_hp_loss":0,"event_name":"Golden Idol","floor":12,"gold_loss":0}],"is_beta":false,"boss_relics":[],"items_purged_floors":[],"is_endless":false,"potions_floor_spawned":[8,10],"killed_by":"Gremlin Nob","ascension_level":20}