{"gold_per_floor":[117,131,148,100,50,83,83,99,124,124,134,134,309,323,323,323],"floor_reached":16,"playtime":1369,"items_purged":[],"score":102,"play_id":"e51961ec-3354-4562-9e6c-b51bd62b9f84","local_time":"20190317164628","is_ascension_mode":false,"campfire_choices":[{"data":"Armaments","floor":7,"key":"SMITH"},{"data":"Shockwave","floor":10,"key":"SMITH"},{"data":"Whirlwind","floor":12,"key":"SMITH"},{"data":"Thunderclap","floor":15,"key":"SMITH"}],"neow_cost":"NONE","seed_source_timestamp":74314579181500,"circlet_count":0,"master_deck":["Strike_R","Strike_R","Strike_R","Strike_R","Defend_R","Defend_R","Defend_R","Defend_R","Bash","Shrug It Off","Armaments+1","Shockwave+1","Spot Weakness","Whirlwind+1","Doubt","Thunderclap+1"],"relics":["Burning Blood","Boot","Orichalcum"],"potions_floor_usage":[6,6,16,16],"damage_taken":[{"damage":1,"enemies":"2 Louse","floor":1,"turns":3},{"damage":3,"enemies":"Small Slimes","floor":2,"turns":3},{"damage":10,"enemies":"Cultist","floor":3,"turns":5},{"damage":47,"enemies":"Gremlin Nob","floor":6,"turns":7},{"damage":3,"enemies":"Exordium Thugs","floor":8,"turns":6},{"damage":6,"enemies":"3 Louse","floor":11,"turns":3},{"damage":1,"enemies":"Blue Slaver","floor":14,"turns":3},{"damage":68,"enemies":"Hexaghost","floor":16,"turns":12}],"seed_played":"-7473920715455903174","potions_obtained":[{"floor":2,"key":"Block Potion"},{"floor":8,"key":"Regen Potion"},{"floor":14,"key":"AttackPotion"}],"is_trial":false,"path_per_floor":["M","M","M","$","?","E","R","M","T","R","M","R","?","M","R","B"],"character_chosen":"IRONCLAD","items_purchased":["PowerPotion"],"campfire_rested":0,"item_purchase_floors":[4],"current_hp_per_floor":[88,88,84,84,84,43,43,46,46,46,46,46,46,51,51,0],"gold":323,"neow_bonus":"TEN_PERCENT_HP_BONUS","is_prod":false,"is_daily":false,"chose_seed":false,"campfire_upgraded":4,"win_rate":0.0,"timestamp":1552855588,"path_taken":["M","M","M","$","?","E","R","M","T","R","M","R","?","M","R","BOSS"],"build_version":"2019-01-23","purchased_purges":0,"victory":false,"max_hp_per_floor":[88,88,88,88,88,88,88,88,88,88,88,88,88,88,88,88],"card_choices":[{"not_picked":["Sever Soul","Wild Strike"],"picked":"Shrug It Off","floor":1},{"not_picked":["Carnage","Sword Boomerang"],"picked":"Armaments","floor":2},{"not_picked":["Clash","Intimidate","Shrug It Off"],"picked":"SKIP","floor":3},{"not_picked":["Reckless Charge","Ghostly Armor"],"picked":"Shockwave","floor":6},{"not_picked":["Shrug It Off","Armaments"],"picked":"Spot Weakness","floor":8},{"not_picked":["True Grit","Seeing Red"],"picked":"Whirlwind","floor":11},{"not_picked":["Perfected Strike","Shrug It Off"],"picked":"Thunderclap","floor":14}],"player_experience":21972,"relics_obtained":[{"floor":6,"key":"Boot"},{"floor":9,"key":"Orichalcum"}],"event_choices":[{"cards_removed":["Strike_R"],"damage_healed":0,"gold_gain":0,"player_choice":"Card Removal","damage_taken":0,"max_hp_gain":0,"max_hp_loss":0,"event_name":"The Cleric","floor":5,"gold_loss":50},{"damage_healed":0,"gold_gain":175,"player_choice":"AGREE","damage_taken":0,"max_hp_gain":0,"max_hp_loss":0,"event_name":"Liars Game","floor":13,"gold_loss":0,"cards_obtained":["Doubt"]}],"is_beta":false,"boss_relics":[],"items_purged_floors":[],"is_endless":false,"potions_floor_spawned":[2,8,14],"killed_by":"Hexaghost","ascension_level":0}