{"gold_per_floor":[12,12,30,30,48,48,61,120,120,146,156,156,174,206,206,307,307,321,0,12,22,22,22,33,33,56,87,49,49,74,94,94,196,196,216,19,0,0,17,17,36,46,117,129,129,145,145,145],"floor_reached":48,"playtime":2383,"items_purged":["Shame"],"score":749,"play_id":"c1cea76b-2a08-4ce6-862e-974d16122c43","local_time":"20181003115920","is_ascension_mode":true,"campfire_choices":[{"data":"Combust","floor":6,"key":"SMITH"},{"data":"Armaments","floor":12,"key":"SMITH"},{"floor":15,"key":"REST"},{"data":"Panacea","floor":23,"key":"SMITH"},{"data":"Shockwave","floor":25,"key":"SMITH"},{"floor":29,"key":"REST"},{"floor":32,"key":"REST"},{"data":"Limit Break","floor":40,"key":"SMITH"},{"floor":45,"key":"REST"},{"floor":47,"key":"REST"}],"neow_cost":"NO_GOLD","seed_source_timestamp":74818205281008,"circlet_count":0,"master_deck":["Strike_R","Strike_R","Defend_R","Defend_R","Defend_R","Defend_R","Bash+1","AscendersBane","Pommel Strike","Combust+1","Cleave","Armaments+1","Shrug It Off","Shockwave+1","Brutality","Panacea+1","Battle Trance","Spot Weakness","Inflame","Twin Strike","Heavy Blade+1","Limit Break+1","Cleave+1","Flex","Dark Shackles","Iron Wave","Anger+1","Iron Wave","Rupture","Battle Trance","Dropkick"],"relics":["Burning Blood","FossilizedHelix","Gambling Chip","Odd Mushroom","Dodecahedron","Cursed Key","Membership Card","Pen Nib","Omamori","Dream Catcher","Red Skull","Empty Cage","Kunai","Red Mask","Self Forming Clay"],"potions_floor_usage":[8,14,27,30,33,33,35,41,44],"damage_taken":[{"damage":5,"enemies":"Cultist","floor":1,"turns":4},{"damage":4,"enemies":"Small Slimes","floor":3,"turns":3},{"damage":7,"enemies":"Jaw Worm","floor":5,"turns":3},{"damage":7,"enemies":"Looter","floor":7,"turns":4},{"damage":18,"enemies":"Gremlin Nob","floor":8,"turns":4},{"damage":2,"enemies":"The Mushroom Lair","floor":10,"turns":3},{"damage":7,"enemies":"2 Fungi Beasts","floor":11,"turns":3},{"damage":4,"enemies":"Red Slaver","floor":13,"turns":3},{"damage":9,"enemies":"3 Sentries","floor":14,"turns":3},{"damage":18,"enemies":"The Guardian","floor":16,"turns":14},{"damage":4,"enemies":"Chosen","floor":18,"turns":5},{"damage":20,"enemies":"2 Thieves","floor":20,"turns":4},{"damage":5,"enemies":"Snake Plant","floor":21,"turns":6},{"damage":4,"enemies":"Chosen and Byrds","floor":24,"turns":5},{"damage":48,"enemies":"Gremlin Leader","floor":27,"turns":6},{"damage":39,"enemies":"Book of Stabbing","floor":30,"turns":8},{"damage":0,"enemies":"3 Cultists","floor":31,"turns":4},{"damage":37,"enemies":"Champ","floor":33,"turns":8},{"damage":17,"enemies":"3 Darklings","floor":35,"turns":5},{"damage":0,"enemies":"Orb Walker","floor":39,"turns":4},{"damage":17,"enemies":"3 Darklings","floor":41,"turns":4},{"damage":42,"enemies":"Spire Growth","floor":42,"turns":5},{"damage":7,"enemies":"Sphere and 2 Shapes","floor":44,"turns":2},{"damage":27,"enemies":"Reptomancer","floor":46,"turns":4},{"damage":58,"enemies":"4 Shapes","floor":48,"turns":3}],"seed_played":"-9182008519707490492","potions_obtained":[{"floor":1,"key":"Weak Potion"},{"floor":7,"key":"Explosive Potion"},{"floor":10,"key":"PowerPotion"},{"floor":11,"key":"PowerPotion"},{"floor":14,"key":"Strength Potion"},{"floor":16,"key":"Energy Potion"},{"floor":27,"key":"Weak Potion"},{"floor":30,"key":"Dexterity Potion"},{"floor":33,"key":"SpeedPotion"},{"floor":35,"key":"Energy Potion"},{"floor":39,"key":"Fire Potion"},{"floor":46,"key":"Energy Potion"}],"is_trial":false,"path_per_floor":["M","?","M","$","M","R","M","?","T","?","M","R","M","E","R","B",null,"M","$","M","M","$","R","M","R","T","E","$","R","E","M","R","B",null,"M","$","?","$","M","R","M","M","T","M","R","M","R"],"character_chosen":"IRONCLAD","items_purchased":["Membership Card","Panacea","Pen Nib","Flex","Kunai","Dark Shackles"],"campfire_rested":5,"item_purchase_floors":[19,19,19,36,36,36],"current_hp_per_floor":[73,73,75,75,74,74,73,61,61,65,64,64,66,63,80,68,77,79,79,65,66,66,66,68,68,68,26,26,50,17,23,47,16,64,53,53,53,53,59,59,48,12,12,11,35,14,38,0],"gold":145,"neow_bonus":"REMOVE_TWO","is_prod":false,"is_daily":false,"chose_seed":false,"campfire_upgraded":5,"win_rate":0,"timestamp":1538564360,"path_taken":["M","?","M","$","?","R","M","?","T","?","?","R","M","E","R","BOSS","M","$","M","M","$","R","M","R","T","E","$","R","E","M","R","BOSS","M","?","?","?","M","R","M","?","T","M","R","?","R","M"],"build_version":"2018-09-27","purchased_purges":1,"victory":false,"max_hp_per_floor":[80,80,80,80,80,80,80,80,80,80,80,80,80,80,80,80,80,80,80,80,80,80,80,80,80,80,80,80,80,80,80,80,80,80,80,80,80,80,80,80,80,80,80,80,80,80,80,80],"card_choices":[{"not_picked":["Corruption","Havoc"],"picked":"Pommel Strike","floor":1},{"not_picked":["Perfected Strike","Thunderclap","Limit Break"],"picked":"SKIP","floor":3},{"not_picked":["Clash","Rampage"],"picked":"Combust","floor":5},{"not_picked":["Burning Pact","Second Wind","Warcry"],"picked":"SKIP","floor":7},{"not_picked":["Evolve","Warcry"],"picked":"Cleave","floor":8},{"not_picked":["Bloodletting","Berserk"],"picked":"Armaments","floor":10},{"not_picked":["Evolve","Armaments","True Grit"],"picked":"SKIP","floor":11},{"not_picked":["Fire Breathing","Perfected Strike"],"picked":"Shrug It Off","floor":13},{"not_picked":["Evolve","Cleave"],"picked":"Shockwave","floor":14},{"not_picked":["Reaper","Barricade"],"picked":"Brutality","floor":16},{"not_picked":["Pommel Strike","Ghostly Armor"],"picked":"Intimidate","floor":18},{"not_picked":["True Grit+1","Second Wind"],"picked":"Battle Trance","floor":20},{"not_picked":["Sword Boomerang+1","Warcry","Corruption"],"picked":"SKIP","floor":21},{"not_picked":["Clash","Shrug It Off"],"picked":"Spot Weakness","floor":24},{"not_picked":["Brutality","Sword Boomerang+1","Dual Wield"],"picked":"SKIP","floor":27},{"not_picked":["Havoc","Battle Trance"],"picked":"Inflame","floor":29},{"not_picked":["Inflame","Power Through"],"picked":"Twin Strike","floor":30},{"not_picked":["Twin Strike","Pommel Strike"],"picked":"Heavy Blade+1","floor":31},{"not_picked":["Juggernaut","Exhume"],"picked":"Limit Break","floor":33},{"not_picked":["Thunderclap","Combust+1"],"picked":"Cleave+1","floor":35},{"not_picked":["Thunderclap+1","Power Through","Cleave"],"picked":"SKIP","floor":39},{"not_picked":["Seeing Red+1","Body Slam"],"picked":"Iron Wave","floor":41},{"not_picked":["Twin Strike","Battle Trance"],"picked":"Anger+1","floor":42},{"not_picked":["Wild Strike","Barricade"],"picked":"Iron Wave","floor":44},{"not_picked":["Havoc","Wild Strike"],"picked":"Rupture","floor":45},{"not_picked":["Cleave","Searing Blow+1"],"picked":"Battle Trance","floor":46},{"not_picked":["Intimidate+1","Evolve+1"],"picked":"Dropkick","floor":47}],"player_experience":446918,"relics_obtained":[{"floor":8,"key":"FossilizedHelix"},{"floor":9,"key":"Gambling Chip"},{"floor":10,"key":"Odd Mushroom"},{"floor":14,"key":"Dodecahedron"},{"floor":26,"key":"Omamori"},{"floor":27,"key":"Dream Catcher"},{"floor":30,"key":"Red Skull"},{"floor":43,"key":"Self Forming Clay"}],"event_choices":[{"event_name":"Living Wall","player_choice":"Grow","floor":2,"damage_taken":0},{"event_name":"Dead Adventurer","player_choice":"Searched \u00271\u0027 times","floor":8,"damage_taken":0},{"event_name":"Mushrooms","player_choice":"Fought Mushrooms","floor":10,"damage_taken":0},{"event_name":"Tomb of Lord Red Mask","player_choice":"Paid","floor":37,"damage_taken":0}],"is_beta":false,"boss_relics":[{"not_picked":["Eternal Feather","Tiny House"],"picked":"Cursed Key"},{"not_picked":["White Beast Statue","Runic Dome"],"picked":"Empty Cage"}],"items_purged_floors":[28],"is_endless":false,"potions_floor_spawned":[1,7,10,11,14,16,18,24,27,30,33,35,39,46],"killed_by":"4 Shapes","ascension_level":10}