{"gold_per_floor":[113,126,126,145,145,145,175,185,210,223,258,88,88,155,155,254,254,266,416,433,503,553,553,553],"floor_reached":24,"playtime":4393,"items_purged":["Strike_B"],"score":239,"play_id":"e615fcfc-3a3f-4c2d-8bd9-01abcc17290e","local_time":"20190330120100","is_ascension_mode":true,"campfire_choices":[{"floor":6,"key":"REST"},{"floor":13,"key":"REST"},{"floor":15,"key":"REST"},{"floor":23,"key":"REST"}],"neow_cost":"NONE","seed_source_timestamp":3902652548600,"circlet_count":0,"master_deck":["Strike_B","Strike_B","Defend_B","Defend_B","Defend_B","Defend_B","Zap","Dualcast","Conserve Battery","Rebound","Compile Driver","Genetic Algorithm","Auto Shields","Streamline","Loop","Rebound","Thunder Strike","Capacitor","Ball Lightning","Static Discharge+1"],"relics":["Cracked Core","Vajra","SsserpentHead","Omamori","Orichalcum","Happy Flower","Black Star"],"potions_floor_usage":[7,8,10,14,16,16,20,21],"damage_taken":[{"damage":2,"enemies":"Jaw Worm","floor":1,"turns":3},{"damage":9,"enemies":"Small Slimes","floor":2,"turns":3},{"damage":1,"enemies":"Cultist","floor":4,"turns":3},{"damage":25,"enemies":"Gremlin Nob","floor":7,"turns":4},{"damage":2,"enemies":"Looter","floor":8,"turns":3},{"damage":18,"enemies":"Lots of Slimes","floor":10,"turns":4},{"damage":23,"enemies":"3 Sentries","floor":11,"turns":9},{"damage":11,"enemies":"Large Slime","floor":14,"turns":3},{"damage":24,"enemies":"Slime Boss","floor":16,"turns":7},{"damage":18,"enemies":"Chosen","floor":18,"turns":5},{"damage":34,"enemies":"Shell Parasite","floor":20,"turns":5},{"damage":21,"enemies":"Centurion and Healer","floor":21,"turns":7},{"damage":22,"enemies":"Book of Stabbing","floor":24,"turns":4}],"seed_played":"-6500970074204755387","potions_obtained":[{"floor":2,"key":"FearPotion"},{"floor":7,"key":"AttackPotion"},{"floor":8,"key":"SkillPotion"},{"floor":11,"key":"Energy Potion"},{"floor":14,"key":"EntropicBrew"},{"floor":18,"key":"SkillPotion"},{"floor":21,"key":"Explosive Potion"}],"is_trial":false,"path_per_floor":["M","M","?","M","?","R","E","M","T","M","E","$","R","M","R","B",null,"M","?","M","M","?","R","E"],"character_chosen":"DEFECT","items_purchased":["Streamline","Loop"],"campfire_rested":4,"item_purchase_floors":[12,12],"current_hp_per_floor":[73,64,57,56,56,75,50,48,48,30,7,7,29,18,40,16,75,57,57,23,17,17,39,17],"gold":553,"neow_bonus":"RANDOM_COMMON_RELIC","is_prod":false,"is_daily":false,"chose_seed":false,"campfire_upgraded":0,"win_rate":0,"timestamp":1553958060,"path_taken":["M","M","?","M","?","R","E","M","T","M","E","$","R","?","R","BOSS","M","?","M","?","?","R","E"],"build_version":"2019-01-23","purchased_purges":1,"victory":false,"max_hp_per_floor":[75,75,75,75,75,75,75,75,75,75,75,75,75,75,75,75,75,75,75,75,75,75,75,75],"card_choices":[{"not_picked":["Aggregate","Gash"],"picked":"Conserve Battery","floor":1},{"not_picked":["Redo","Rip and Tear"],"picked":"Rebound","floor":2},{"not_picked":["Storm","Barrage"],"picked":"Compile Driver","floor":4},{"not_picked":["Hologram","Streamline"],"picked":"Genetic Algorithm","floor":7},{"not_picked":["Barrage","Steam","Stack"],"picked":"SKIP","floor":8},{"not_picked":["Force Field","Undo","Glacier"],"picked":"SKIP","floor":10},{"not_picked":["Reprogram","Buffer"],"picked":"Auto Shields","floor":11},{"not_picked":["Redo","Steam"],"picked":"Rebound","floor":14},{"not_picked":["Meteor Strike","Machine Learning"],"picked":"Thunder Strike","floor":16},{"not_picked":["Heatsinks","Turbo"],"picked":"Capacitor","floor":18},{"not_picked":["Doom and Gloom+1","Auto Shields"],"picked":"Ball Lightning","floor":20},{"not_picked":["Sweeping Beam+1","Consume"],"picked":"Static Discharge+1","floor":21}],"player_experience":316539,"relics_obtained":[{"floor":7,"key":"Omamori"},{"floor":9,"key":"Orichalcum"},{"floor":11,"key":"Happy Flower"}],"event_choices":[{"cards_removed":["Strike_B"],"damage_healed":0,"gold_gain":0,"player_choice":"Card Removal","damage_taken":7,"max_hp_gain":0,"max_hp_loss":0,"event_name":"Golden Wing","floor":3,"gold_loss":0},{"damage_healed":0,"gold_gain":0,"player_choice":"Trade","damage_taken":0,"relics_obtained":["SsserpentHead"],"max_hp_gain":0,"max_hp_loss":0,"event_name":"FaceTrader","floor":5,"gold_loss":0},{"damage_healed":0,"gold_gain":100,"player_choice":"Pray","damage_taken":0,"max_hp_gain":0,"max_hp_loss":0,"event_name":"Golden Shrine","floor":19,"gold_loss":0},{"damage_healed":0,"gold_gain":0,"player_choice":"Ignored","damage_taken":0,"max_hp_gain":0,"max_hp_loss":0,"event_name":"Vampires","floor":22,"gold_loss":0}],"is_beta":false,"boss_relics":[{"not_picked":["Astrolabe","Philosopher\u0027s Stone"],"picked":"Black Star"}],"items_purged_floors":[12],"is_endless":false,"potions_floor_spawned":[2,7,8,11,14,18,21],"killed_by":"Book of Stabbing","ascension_level":3}