{"gold_per_floor":[110,110,127,145,115,142,6,21,94,67,77,77,111,128,128,226,226,244,244,244,244,159,194,119,133,133,133],"floor_reached":27,"playtime":1974,"items_purged":[],"score":291,"play_id":"ba256c05-02be-49db-a8c6-d0069e0ea60c","local_time":"20190320234540","is_ascension_mode":false,"campfire_choices":[{"data":"Neutralize","floor":12.0,"key":"SMITH"},{"floor":15.0,"key":"REST"}],"neow_cost":"NONE","seed_source_timestamp":0,"circlet_count":0,"master_deck":["Defend_G","Defend_G","Defend_G","Defend_G","Defend_G","Strike_G","Strike_G","Survivor","Neutralize+1","Flying Knee","Iron Wave","Heel Hook","Dagger Throw","Burst","Glass Knife","Noxious Fumes","Noxious Fumes","Terror","Dagger Spray","Burst","Well Laid Plans","J.A.X.","Ghostly","Ghostly","Ghostly","Ghostly","Ghostly","Writhe","Acrobatics","Backstab"],"special_seed":0,"relics":["Ring of the Snake","Ice Cream","Pear","Boot","Empty Cage","Ancient Tea Set","Snake Skull","Pen Nib","Orichalcum"],"potions_floor_usage":[],"damage_taken":[{"damage":0.0,"enemies":"Jaw Worm","floor":1.0,"turns":3.0},{"damage":0.0,"enemies":"Cultist","floor":3.0,"turns":4.0},{"damage":2.0,"enemies":"Small Slimes","floor":4.0,"turns":4.0},{"damage":0.0,"enemies":"Looter","floor":5.0,"turns":4.0},{"damage":34.0,"enemies":"3 Sentries","floor":6.0,"turns":10.0},{"damage":2.0,"enemies":"Large Slime","floor":8.0,"turns":6.0},{"damage":2.0,"enemies":"Blue Slaver","floor":11.0,"turns":4.0},{"damage":0.0,"enemies":"Gremlin Nob","floor":13.0,"turns":4.0},{"damage":0.0,"enemies":"Looter","floor":14.0,"turns":4.0},{"damage":56.0,"enemies":"The Guardian","floor":16.0,"turns":9.0},{"damage":10.0,"enemies":"Shell Parasite","floor":18.0,"turns":6.0},{"damage":33.0,"enemies":"Slavers","floor":23.0,"turns":7.0},{"damage":2.0,"enemies":"2 Thieves","floor":24.0,"turns":5.0},{"damage":4,"enemies":"Centurion and Healer","floor":25,"turns":8},{"damage":5,"enemies":"Snecko","floor":27,"turns":2}],"seed_played":"-4063582151586930662","potions_obtained":[{"floor":4.0,"key":"GhostInAJar"},{"floor":6.0,"key":"Poison Potion"},{"floor":11.0,"key":"Explosive Potion"},{"floor":25,"key":"LiquidBronze"}],"is_trial":false,"path_per_floor":["M","?","M","M","M","E","$","M","T","?","M","R","E","M","R","B",null,"M","?","?","?","?","E","M","M","T","M"],"character_chosen":"THE_SILENT","items_purchased":["Glass Knife"],"campfire_rested":1,"item_purchase_floors":[7],"current_hp_per_floor":[77,77,77,75,75,41,41,39,49,49,47,47,47,47,73,17,87,77,77,43,43,43,10,8,4,4,0],"gold":133,"neow_bonus":"TEN_PERCENT_HP_BONUS","is_prod":false,"is_daily":false,"chose_seed":false,"campfire_upgraded":1,"win_rate":0.0,"timestamp":1553139940,"path_taken":["M","?","M","?","M","E","$","M","T","?","M","R","E","M","R","BOSS","M","?","?","?","?","E","M","?","T","M"],"build_version":"2019-01-23","purchased_purges":0,"victory":false,"max_hp_per_floor":[77,77,77,77,77,77,77,77,87,87,87,87,87,87,87,87,87,87,87,43,43,43,43,43,43,43,43],"card_choices":[{"not_picked":["Cloak And Dagger","Blur"],"picked":"Flying Knee","floor":1.0},{"not_picked":["Deflect","Underhanded Strike","Blur"],"picked":"SKIP","floor":3.0},{"not_picked":["Expertise","Dodge and Roll"],"picked":"Heel Hook","floor":4.0},{"not_picked":["Bane","Cloak And Dagger"],"picked":"Dagger Throw","floor":5.0},{"not_picked":["Calculated Gamble","Flying Knee"],"picked":"Burst","floor":6.0},{"not_picked":["Calculated Gamble","Bane"],"picked":"Noxious Fumes","floor":8.0},{"not_picked":["Slice","Dodge and Roll"],"picked":"Noxious Fumes","floor":11.0},{"not_picked":["Calculated Gamble","Unload"],"picked":"Terror","floor":13.0},{"not_picked":["Sucker Punch","Expertise"],"picked":"Dagger Spray","floor":14.0},{"not_picked":["Doppelganger","Wraith Form v2"],"picked":"Burst","floor":16.0},{"not_picked":["Caltrops","Slice+1"],"picked":"Well Laid Plans","floor":18.0},{"not_picked":["Sucker Punch+1","Slice"],"picked":"Acrobatics","floor":23.0},{"not_picked":["Sucker Punch","Well Laid Plans+1"],"picked":"Backstab","floor":24.0},{"not_picked":["Choke+1","Acrobatics+1","Caltrops"],"picked":"SKIP","floor":25}],"player_experience":41454,"relics_obtained":[{"floor":6.0,"key":"Ice Cream"},{"floor":9.0,"key":"Pear"},{"floor":13.0,"key":"Boot"},{"floor":23.0,"key":"Pen Nib"},{"floor":26,"key":"Orichalcum"}],"event_choices":[{"cards_removed":["Strike_G"],"damage_healed":0.0,"max_hp_gain":0.0,"max_hp_loss":0.0,"gold_gain":0.0,"event_name":"NoteForYourself","player_choice":"Took Card","floor":2.0,"gold_loss":0.0,"damage_taken":0.0,"cards_obtained":["Iron Wave"]},{"damage_healed":0.0,"max_hp_gain":0.0,"max_hp_loss":0.0,"gold_gain":0.0,"event_name":"World of Goop","player_choice":"Left Gold","floor":10.0,"gold_loss":27.0,"damage_taken":0.0},{"damage_healed":0.0,"max_hp_gain":0.0,"max_hp_loss":0.0,"gold_gain":0.0,"event_name":"Drug Dealer","player_choice":"Obtain J.A.X.","floor":19.0,"gold_loss":0.0,"damage_taken":0.0,"cards_obtained":["J.A.X."]},{"damage_healed":0.0,"max_hp_gain":0.0,"max_hp_loss":44.0,"gold_gain":0.0,"event_name":"Ghosts","player_choice":"Became a Ghost","floor":20.0,"gold_loss":0.0,"damage_taken":0.0,"cards_obtained":["Ghostly","Ghostly","Ghostly","Ghostly","Ghostly"]},{"damage_healed":0.0,"max_hp_gain":0.0,"max_hp_loss":0.0,"gold_gain":0.0,"event_name":"The Mausoleum","player_choice":"Opened","floor":21.0,"gold_loss":0.0,"damage_taken":0.0,"relics_obtained":["Ancient Tea Set"],"cards_obtained":["Writhe"]},{"damage_healed":0.0,"max_hp_gain":0.0,"max_hp_loss":0.0,"gold_gain":0.0,"event_name":"Addict","player_choice":"Obtained Relic","floor":22.0,"gold_loss":85.0,"damage_taken":0.0,"relics_obtained":["Snake Skull"]}],"is_beta":false,"boss_relics":[{"not_picked":["Sozu","Busted Crown"],"picked":"Empty Cage"}],"items_purged_floors":[],"is_endless":false,"potions_floor_spawned":[4,6,11,25],"killed_by":"Snecko","ascension_level":0}