{"path_per_floor":["M","M","?","M","M","R","M","M","T","R","?","M","?","M","R","B",null,"M","$","M","M","?","R"],"character_chosen":"IRONCLAD","items_purchased":["Ornamental Fan","Finesse","Bloodletting"],"gold_per_floor":[109,124,124,148,171,171,194,217,244,244,244,262,262,286,286,416,416,440,19,37,53,53,53],"floor_reached":24,"campfire_rested":0,"playtime":2006,"current_hp_per_floor":[80,80,60,66,55,55,28,22,29,29,29,37,37,35,35,7,87,82,82,71,61,61,61],"items_purged":[],"gold":53,"score":201,"play_id":"f829049b-6550-43ce-84ed-300c849dc600","local_time":"20180303155642","is_prod":false,"is_daily":false,"is_ascension_mode":true,"campfire_upgraded":4,"timestamp":1520092602,"path_taken":["M","M","?","?","M","R","M","M","T","R","?","M","?","M","R","BOSS","M","?","M","M","?","R","E"],"build_version":"2018-03-01-PROD1","purchased_purges":0,"victory":false,"master_deck":["Strike_R","Strike_R","Strike_R","Defend_R","Defend_R","Defend_R","Defend_R","Bash+1","Heavy Blade","Thunderclap","Iron Wave","Iron Wave","Flex+1","Warcry+1","Metallicize+1","Armaments+1","Double Tap","Anger+1","Finesse","Bloodletting","Body Slam"],"max_hp_per_floor":[80,80,80,80,80,80,80,80,87,87,87,87,87,87,87,87,87,87,87,87,87,87,87],"relics":["Burning Blood","Golden Idol","Strawberry","Spirit Poop","Runic Cube","Ornamental Fan"],"card_choices":[{"not_picked":["Reckless Charge","Second Wind"],"picked":"Iron Wave"},{"not_picked":["Ghostly Armor","True Grit"],"picked":"Iron Wave"},{"not_picked":["Ghostly Armor","Headbutt"],"picked":"Flex"},{"not_picked":["Dual Wield","Burning Pact"],"picked":"Warcry"},{"not_picked":["Twin Strike","Body Slam"],"picked":"Metallicize"},{"not_picked":["Wild Strike","Limit Break"],"picked":"Armaments"},{"not_picked":["Exhume","Berserk"],"picked":"Double Tap"},{"not_picked":["Twin Strike","Flex"],"picked":"Anger"},{"not_picked":["Burning Pact","Twin Strike"],"picked":"Body Slam"}],"player_experience":137546,"potions_floor_usage":[12,16,16,16],"damage_taken":[{"damage":5,"enemies":"Small Slimes","floor":1,"turns":3},{"damage":1,"enemies":"Cultist","floor":2,"turns":3},{"damage":0,"enemies":"2 Louse","floor":4,"turns":2},{"damage":17,"enemies":"Exordium Thugs","floor":5,"turns":3},{"damage":33,"enemies":"Gremlin Gang","floor":7,"turns":5},{"damage":12,"enemies":"3 Louse","floor":8,"turns":4},{"damage":7,"enemies":"Exordium Thugs","floor":12,"turns":5},{"damage":8,"enemies":"Lots of Slimes","floor":14,"turns":5},{"damage":34,"enemies":"Hexaghost","floor":16,"turns":12},{"damage":11,"enemies":"Spheric Guardian","floor":18,"turns":10},{"damage":17,"enemies":"3 Byrds","floor":20,"turns":6},{"damage":16,"enemies":"Centurion and Healer","floor":21,"turns":11},{"damage":62,"enemies":"Gremlin Leader","floor":24,"turns":7}],"event_choices":[{"event_name":"Golden Idol","player_choice":"Take Damage","floor":3,"damage_taken":0},{"event_name":"Bonfire Elementals","player_choice":"CURSE","floor":11,"damage_taken":0},{"event_name":"Upgrade Shrine","player_choice":"Upgraded","floor":13,"damage_taken":0},{"event_name":"Beggar","player_choice":"Ignored","floor":22,"damage_taken":0}],"boss_relics":[{"not_picked":["Orrery","Velvet Choker"],"picked":"Runic Cube"}],"potions_floor_spawned":[1,4,5,12,20],"seed_played":"-5825862177384186117","killed_by":"Gremlin Leader","ascension_level":1,"is_trial":false}