{"gold_per_floor":[112,112,132,132,151,186,200,228,228,77,77,77,102,116,116,221,221,238,263,234,234,234],"floor_reached":22,"playtime":1194,"items_purged":[],"score":216,"play_id":"6aebf07d-a524-4d78-9daa-934c9925b704","local_time":"20181217111501","is_ascension_mode":true,"campfire_choices":[{"floor":12,"key":"REST"},{"floor":15,"key":"RECALL"}],"neow_cost":"NONE","seed_source_timestamp":50450246415700,"circlet_count":0,"master_deck":["Defend_G","Defend_G","Defend_G","Defend_G","Defend_G","Strike_G","Strike_G","Strike_G","Strike_G","Strike_G","Survivor","Neutralize","Eviscerate","Deadly Poison","Deflect","Terror","Heel Hook","Caltrops+1","Skewer","A Thousand Cuts","All Out Attack","Deadly Poison+1"],"relics":["Busted Crown","WarpedTongs","Ancient Tea Set","Shovel","Shuriken","Regal Pillow","Vajra","Sozu"],"potions_floor_usage":[6,7,8,16,18,21],"damage_taken":[{"damage":0,"enemies":"Cultist","floor":1,"turns":3},{"damage":2,"enemies":"Jaw Worm","floor":3,"turns":2},{"damage":0,"enemies":"2 Louse","floor":5,"turns":3},{"damage":18,"enemies":"3 Sentries","floor":6,"turns":9},{"damage":8,"enemies":"Blue Slaver","floor":7,"turns":3},{"damage":14,"enemies":"Lagavulin","floor":8,"turns":4},{"damage":8,"enemies":"Red Slaver","floor":14,"turns":3},{"damage":13,"enemies":"Hexaghost","floor":16,"turns":7},{"damage":19,"enemies":"Shell Parasite","floor":18,"turns":4},{"damage":16,"enemies":"2 Thieves","floor":20,"turns":5},{"damage":21,"enemies":"Sentry and Sphere","floor":21,"turns":5},{"damage":15,"enemies":"Snake Plant","floor":22,"turns":2}],"seed_played":"-5772521455474677936","potions_obtained":[{"floor":1,"key":"Dexterity Potion"},{"floor":6,"key":"EntropicBrew"},{"floor":8,"key":"Dexterity Potion"}],"is_trial":false,"path_per_floor":["M","?","M","?","M","E","M","E","T","$","?","R","T","M","R","B",null,"M","T","M","M","M"],"character_chosen":"THE_SILENT","items_purchased":["Regal Pillow"],"campfire_rested":1,"item_purchase_floors":[10],"current_hp_per_floor":[70,70,68,68,68,50,42,28,28,28,28,64,64,56,56,43,70,51,51,35,14,0],"gold":234,"neow_bonus":"BOSS_RELIC","is_prod":false,"is_daily":false,"chose_seed":false,"campfire_upgraded":0,"win_rate":0,"timestamp":1545052501,"path_taken":["M","?","?","?","M","E","?","E","T","?","?","R","?","M","R","BOSS","M","?","M","?","M"],"build_version":"2018-12-13","purchased_purges":0,"victory":false,"max_hp_per_floor":[70,70,70,70,70,70,70,70,70,70,70,70,70,70,70,70,70,70,70,70,70,70],"card_choices":[{"not_picked":[],"picked":"Eviscerate","floor":1},{"not_picked":[],"picked":"Deadly Poison","floor":3},{"not_picked":[],"picked":"Deflect","floor":5},{"not_picked":[],"picked":"Terror","floor":6},{"not_picked":[],"picked":"Heel Hook","floor":7},{"not_picked":[],"picked":"Caltrops","floor":8},{"not_picked":[],"picked":"Skewer","floor":14},{"not_picked":[],"picked":"A Thousand Cuts","floor":16},{"not_picked":[],"picked":"All Out Attack","floor":18},{"not_picked":[],"picked":"Deadly Poison+1","floor":20}],"player_experience":261286,"relics_obtained":[{"floor":6,"key":"Ancient Tea Set"},{"floor":8,"key":"Shovel"},{"floor":9,"key":"Shuriken"},{"floor":13,"key":"Vajra"}],"event_choices":[{"damage_healed":0,"gold_gain":0,"player_choice":"Rummage","damage_taken":0,"relics_obtained":["WarpedTongs"],"max_hp_gain":0,"max_hp_loss":0,"event_name":"Accursed Blacksmith","floor":2,"gold_loss":0,"cards_obtained":["Pain"]},{"cards_removed":["Pain"],"damage_healed":0,"gold_gain":0,"player_choice":"Purged","damage_taken":0,"max_hp_gain":0,"max_hp_loss":0,"event_name":"Purifier","floor":4,"gold_loss":0},{"damage_healed":0,"gold_gain":0,"player_choice":"Grow","damage_taken":0,"max_hp_gain":0,"max_hp_loss":0,"event_name":"Living Wall","floor":11,"gold_loss":0,"cards_upgraded":["Caltrops"]}],"is_beta":false,"boss_relics":[{"not_picked":["Pandora\u0027s Box","Runic Pyramid"],"picked":"Sozu"}],"items_purged_floors":[],"is_endless":false,"potions_floor_spawned":[1,6,8],"killed_by":"Snake Plant","ascension_level":2}