{"gold_per_floor":[115,65,76,76,3,3,32,51,51,131,145,145,177,190,190,268,268,283,303,303,187,210,210,242,242,242,242],"floor_reached":27,"playtime":1467,"items_purged":["Strike_B"],"score":436,"play_id":"9afb719d-d860-459b-a9dc-2064d934731d","local_time":"20181207195727","is_ascension_mode":true,"campfire_choices":[{"data":"Chill","floor":6,"key":"SMITH"},{"data":"Dualcast","floor":12,"key":"SMITH"},{"data":"Coolheaded","floor":15,"key":"SMITH"},{"data":"Biased Cognition","floor":23,"key":"SMITH"},{"data":"Buffer","floor":25,"key":"SMITH"}],"neow_cost":"NONE","seed_source_timestamp":156117015768939,"circlet_count":0,"master_deck":["AscendersBane","Strike_B","Strike_B+1","Defend_B","Defend_B","Defend_B","Defend_B","Zap+1","Dualcast+1","Glacier","Chill+1","Ball Lightning","Undo","Coolheaded+1","Biased Cognition+1","White Noise","Self Repair","Buffer+1"],"relics":["Cracked Core","NeowsBlessing","Gambling Chip","Gremlin Horn","Torii","Black Star","Smiling Mask","Strawberry","Bottled Lightning","Symbiotic Virus"],"potions_floor_usage":[13,24,27,27],"damage_taken":[{"damage":0,"enemies":"2 Louse","floor":1,"turns":1},{"damage":0,"enemies":"Jaw Worm","floor":3,"turns":1},{"damage":0,"enemies":"Gremlin Nob","floor":7,"turns":1},{"damage":0,"enemies":"Cultist","floor":8,"turns":3},{"damage":3,"enemies":"Exordium Wildlife","floor":11,"turns":4},{"damage":1,"enemies":"3 Sentries","floor":13,"turns":12},{"damage":0,"enemies":"3 Louse","floor":14,"turns":3},{"damage":2,"enemies":"The Guardian","floor":16,"turns":15},{"damage":1,"enemies":"Chosen","floor":18,"turns":5},{"damage":1,"enemies":"Spheric Guardian","floor":19,"turns":3},{"damage":40,"enemies":"Gremlin Leader","floor":24,"turns":7},{"damage":53,"enemies":"Slavers","floor":27,"turns":7}],"seed_played":"1978984910012153921","potions_obtained":[{"floor":7,"key":"Weak Potion"},{"floor":8,"key":"Fire Potion"},{"floor":13,"key":"Fire Potion"},{"floor":16,"key":"FocusPotion"},{"floor":24,"key":"Weak Potion"}],"is_trial":false,"path_per_floor":["M","?","M","?","$","R","E","M","T","T","M","R","E","M","R","B",null,"M","M","?","$","T","R","E","R","T","E"],"character_chosen":"DEFECT","items_purchased":["Chill","Self Repair"],"campfire_rested":0,"item_purchase_floors":[5,21],"current_hp_per_floor":[68,68,68,53,53,53,53,53,53,53,50,50,49,49,49,47,68,67,66,75,75,75,75,49,49,49,0],"gold":242,"neow_bonus":"THREE_ENEMY_KILL","is_prod":false,"is_daily":false,"chose_seed":false,"campfire_upgraded":5,"win_rate":0,"timestamp":1544212647,"path_taken":["M","?","M","?","$","R","E","M","T","?","M","R","E","M","R","BOSS","M","M","?","$","?","R","E","R","T","E"],"build_version":"2018-12-06","purchased_purges":1,"victory":false,"max_hp_per_floor":[75,75,75,75,75,75,75,75,75,75,75,75,75,75,75,75,75,75,75,75,75,75,75,82,82,82,82],"card_choices":[{"not_picked":["Go for the Eyes","Barrage"],"picked":"Undo","floor":1},{"not_picked":["Coolheaded","Reinforced Body"],"picked":"Glacier","floor":3},{"not_picked":["Scrape","Redo"],"picked":"Ball Lightning","floor":7},{"not_picked":["Hologram","Streamline"],"picked":"Undo","floor":8},{"not_picked":["Blizzard","Barrage","Storm"],"picked":"SKIP","floor":11},{"not_picked":["Consume","Turbo","Chill"],"picked":"SKIP","floor":13},{"not_picked":["Force Field","Hologram"],"picked":"Coolheaded","floor":14},{"not_picked":["Seek","Amplify"],"picked":"Biased Cognition","floor":16},{"not_picked":["Barrage","Compile Driver"],"picked":"White Noise","floor":18},{"not_picked":["Gash","Turbo","Doom and Gloom"],"picked":"SKIP","floor":19},{"not_picked":["Ball Lightning","Steam Power"],"picked":"Buffer","floor":24}],"player_experience":531030,"relics_obtained":[{"floor":7,"key":"Gambling Chip"},{"floor":9,"key":"Gremlin Horn"},{"floor":13,"key":"Torii"},{"floor":22,"key":"Smiling Mask"},{"floor":24,"key":"Strawberry"},{"floor":24,"key":"Bottled Lightning"},{"floor":26,"key":"Symbiotic Virus"}],"event_choices":[{"cards_removed":["Strike_B"],"damage_healed":0,"gold_gain":0,"player_choice":"Card Removal","damage_taken":0,"max_hp_gain":0,"max_hp_loss":0,"event_name":"The Cleric","floor":2,"gold_loss":50},{"damage_healed":0,"gold_gain":0,"player_choice":"Entered Light","damage_taken":15,"max_hp_gain":0,"max_hp_loss":0,"event_name":"Shining Light","floor":4,"gold_loss":0,"cards_upgraded":["Zap","Strike_B"]},{"cards_removed":["Undo"],"damage_healed":9,"gold_gain":0,"player_choice":"Offered Uncommon","damage_taken":0,"max_hp_gain":0,"max_hp_loss":0,"event_name":"Bonfire Elementals","floor":20,"gold_loss":0}],"is_beta":false,"boss_relics":[{"not_picked":["Lizard Tail","Eternal Feather"],"picked":"Black Star"}],"items_purged_floors":[21],"is_endless":false,"potions_floor_spawned":[7,8,13,16,19,24],"killed_by":"Slavers","ascension_level":13}