{"path_per_floor":["M","?","M","M","M","R","$","M","T","E","?","E","M","M","R","B",null,"M","?","M","?","?","R","?","R","T","M","R","M","M","$","R","B",null,"M","?","M","M","$","R","M"],"character_chosen":"IRONCLAD","items_purchased":["Bag of Preparation"],"gold_per_floor":[116,191,206,219,235,235,4,18,18,52,2,37,54,67,67,169,169,184,184,199,199,99,99,99,99,99,117,117,137,154,54,54,159,159,171,524,538,553,428,428,438,438],"floor_reached":42,"campfire_rested":2,"playtime":857,"current_hp_per_floor":[66,55,61,61,48,48,48,54,54,42,42,30,36,30,51,47,66,51,50,49,49,49,49,50,50,50,32,32,38,48,48,48,16,42,44,25,28,19,19,34,40,0],"items_purged":["Defend_R","Bite","J.A.X."],"gold":438,"score":541,"play_id":"1ab511f1-f07c-459a-85db-ebae9e2ee14a","local_time":"20180324165814","is_prod":false,"is_daily":false,"is_ascension_mode":true,"campfire_upgraded":2,"timestamp":1521925094,"path_taken":["M","?","M","?","?","R","$","M","T","E","?","E","M","M","R","BOSS","M","?","M","?","?","R","?","R","T","?","R","M","M","$","R","BOSS","M","?","?","M","$","R","M","E"],"build_version":"2018-03-22v2","purchased_purges":3,"victory":false,"master_deck":["Bash","Flex+1","Whirlwind+1","Thunderclap","Thunderclap+1","Bite","Flex","Flex+1","Limit Break","Flex+1"],"max_hp_per_floor":[72,72,72,72,72,72,72,72,72,72,72,72,72,72,72,72,72,72,50,50,50,50,50,50,50,50,50,50,50,50,50,50,50,50,50,50,50,50,50,50,50,50],"relics":["Burning Blood","Bag of Preparation","Ginger","Peace Pipe","Ancient Tea Set","Velvet Choker","Art of War","Orrery","Old Coin"],"card_choices":[{"not_picked":["Pummel","Perfected Strike"],"picked":"Flex","floor":1},{"not_picked":["Bloodletting","Cleave"],"picked":"Whirlwind","floor":3},{"not_picked":["Reckless Charge","Cleave"],"picked":"Thunderclap","floor":4},{"not_picked":["Anger","Feel No Pain"],"picked":"Thunderclap","floor":18},{"not_picked":["Clothesline","Cleave"],"picked":"Flex","floor":27},{"not_picked":["Corruption","Brutality"],"picked":"Flex","floor":29},{"not_picked":["Bludgeon","Barricade"],"picked":"Limit Break","floor":33},{"not_picked":["Pommel Strike","Power Through"],"picked":"Flex","floor":34}],"player_experience":191825,"potions_floor_usage":[14,33,33,42,42],"damage_taken":[{"damage":12,"enemies":"Jaw Worm","floor":1,"turns":2},{"damage":0,"enemies":"Small Slimes","floor":3,"turns":3},{"damage":6,"enemies":"Cultist","floor":4,"turns":3},{"damage":19,"enemies":"Lots of Slimes","floor":5,"turns":3},{"damage":0,"enemies":"3 Louse","floor":8,"turns":1},{"damage":18,"enemies":"Gremlin Nob","floor":10,"turns":3},{"damage":18,"enemies":"3 Sentries","floor":12,"turns":3},{"damage":0,"enemies":"2 Fungi Beasts","floor":13,"turns":2},{"damage":12,"enemies":"Exordium Wildlife","floor":14,"turns":2},{"damage":10,"enemies":"Slime Boss","floor":16,"turns":6},{"damage":21,"enemies":"Chosen","floor":18,"turns":3},{"damage":11,"enemies":"Spheric Guardian","floor":20,"turns":3},{"damage":24,"enemies":"Snake Plant","floor":27,"turns":2},{"damage":0,"enemies":"Snecko","floor":29,"turns":2},{"damage":0,"enemies":"3 Cultists","floor":30,"turns":2},{"damage":38,"enemies":"Collector","floor":33,"turns":3},{"damage":4,"enemies":"3 Shapes","floor":35,"turns":1},{"damage":25,"enemies":"Mysterious Sphere","floor":36,"turns":2},{"damage":3,"enemies":"Orb Walker","floor":37,"turns":1},{"damage":15,"enemies":"Sphere and 2 Shapes","floor":38,"turns":1},{"damage":0,"enemies":"3 Darklings","floor":41,"turns":1},{"damage":55,"enemies":"Nemesis","floor":42,"turns":3}],"event_choices":[{"event_name":"World of Goop","player_choice":"Gather Gold","floor":2,"damage_taken":0},{"event_name":"The Cleric","player_choice":"Card Removal","floor":11,"damage_taken":0},{"event_name":"Vampires","player_choice":"Became a vampire","floor":19,"damage_taken":0},{"event_name":"Cursed Tome","player_choice":"Ignored","floor":21,"damage_taken":0},{"event_name":"Drug Dealer","player_choice":"Got JAXXED","floor":22,"damage_taken":0},{"event_name":"Wheel of Change","player_choice":"Full Heal","floor":24,"damage_taken":0},{"event_name":"Mysterious Sphere","player_choice":"Fight","floor":36,"damage_taken":0}],"boss_relics":[{"not_picked":["Runic Pyramid","Eternal Feather"],"picked":"Velvet Choker"},{"not_picked":["Mark of Pain","Snecko Eye"],"picked":"Orrery"}],"potions_floor_spawned":[4,8,10,12,16,18,29,37,41],"seed_played":"1324140252976418535","killed_by":"Nemesis","ascension_level":5,"is_trial":false}