{"gold_per_floor":[119,135,135,135,5,5,5,38,111,131,144,169,186,199,199,297,297,313,168,180,191,202,232,30,47,47,77,77,77,77,97,97,200,200,217,217,270,10,232,258,270,282,375,413,443,466,478,502,514,526,538,550,25,52,52],"floor_reached":56,"playtime":4679,"items_purged":[],"score":1257,"play_id":"8f815082-1b1a-41f0-a78b-b9c67f7f5cae","local_time":"20190218000620","is_ascension_mode":false,"campfire_choices":[{"data":"Noxious Fumes","floor":6,"key":"SMITH"},{"data":"Adrenaline","floor":15,"key":"SMITH"},{"floor":28,"key":"RECALL"},{"data":"After Image","floor":30,"key":"SMITH"},{"floor":32,"key":"REST"},{"floor":41,"key":"REST"},{"floor":47,"key":"REST"},{"data":"Burst","floor":49,"key":"SMITH"},{"data":"Deadly Poison","floor":52,"key":"SMITH"}],"neow_cost":"NONE","seed_source_timestamp":36511368597683,"circlet_count":0,"master_deck":["Defend_G+1","Defend_G+1","Defend_G+1","Defend_G+1","Defend_G+1","Strike_G+1","Strike_G+1","Strike_G+1","Strike_G+1","Strike_G+1","Neutralize","Dagger Spray","Noxious Fumes+1","Quick Slash","Leg Sweep","Escape Plan","Adrenaline+1","After Image+1","Blur","Footwork+1","Deadly Poison+1","Dodge and Roll+1","Deadly Poison+1","Burst+1","Escape Plan","Blur","Sadistic Nature","Deflect+1","Deadly Poison+1","Parasite","Noxious Fumes+1","Burst+1","Footwork","Thinking Ahead"],"relics":["Ring of the Snake","NeowsBlessing","Ginger","Whetstone","Meat on the Bone","Bag of Preparation","Black Star","Oddly Smooth Stone","Paper Crane","StoneCalendar","Art of War","Red Mask","Lizard Tail","Incense Burner","Tough Bandages","MawBank","Molten Egg 2","Potion Belt","DollysMirror","Centennial Puzzle","Pear"],"potions_floor_usage":[21,22,23,27,33,37,50,50,50,54],"damage_taken":[{"damage":0,"enemies":"Jaw Worm","floor":1,"turns":1},{"damage":0,"enemies":"Cultist","floor":2,"turns":1},{"damage":0,"enemies":"3 Sentries","floor":8,"turns":1},{"damage":0,"enemies":"Small Slimes","floor":10,"turns":2},{"damage":12,"enemies":"Gremlin Gang","floor":11,"turns":4},{"damage":23,"enemies":"Lagavulin","floor":12,"turns":7},{"damage":4,"enemies":"3 Louse","floor":13,"turns":2},{"damage":0,"enemies":"Blue Slaver","floor":14,"turns":4},{"damage":20,"enemies":"Hexaghost","floor":16,"turns":12},{"damage":0,"enemies":"Chosen","floor":18,"turns":4},{"damage":0,"enemies":"Shell Parasite","floor":20,"turns":8},{"damage":10,"enemies":"Centurion and Healer","floor":21,"turns":10},{"damage":12,"enemies":"Snecko","floor":22,"turns":8},{"damage":0,"enemies":"Book of Stabbing","floor":23,"turns":9},{"damage":9,"enemies":"Sentry and Sphere","floor":25,"turns":8},{"damage":15,"enemies":"Masked Bandits","floor":27,"turns":4},{"damage":0,"enemies":"Snake Plant","floor":31,"turns":6},{"damage":0,"enemies":"Automaton","floor":33,"turns":9},{"damage":0,"enemies":"Orb Walker","floor":35,"turns":5},{"damage":38,"enemies":"2 Orb Walkers","floor":37,"turns":7},{"damage":45,"enemies":"Giant Head","floor":40,"turns":10},{"damage":24,"enemies":"3 Shapes","floor":45,"turns":3},{"damage":0,"enemies":"Writhing Mass","floor":46,"turns":6},{"damage":8,"enemies":"Transient","floor":48,"turns":5},{"damage":30,"enemies":"Time Eater","floor":50,"turns":14},{"damage":33,"enemies":"Shield and Spear","floor":54,"turns":8},{"damage":97,"enemies":"The Heart","floor":55,"turns":15}],"seed_played":"7190972178425827261","potions_obtained":[{"floor":8,"key":"GamblersBrew"},{"floor":11,"key":"Strength Potion"},{"floor":12,"key":"Energy Potion"},{"floor":16,"key":"Weak Potion"},{"floor":21,"key":"Explosive Potion"},{"floor":22,"key":"Regen Potion"},{"floor":23,"key":"Poison Potion"},{"floor":40,"key":"Dexterity Potion"},{"floor":45,"key":"Dexterity Potion"},{"floor":46,"key":"FearPotion"}],"is_trial":false,"path_per_floor":["M","M","$","?","$","R","?","E","T","M","M","E","M","M","R","B",null,"M","$","M","M","M","E","$","M","T","?","R","?","R","M","R","B",null,"M","?","?","$","?","E","R","?","T","T","M","M","R","M","R","B",null,"R","$","E","B",null],"character_chosen":"THE_SILENT","items_purchased":["Noxious Fumes","Deadly Poison","Oddly Smooth Stone","Art of War","Deadly Poison","Blur","Sadistic Nature","DollysMirror","Fruit Juice","Footwork","Thinking Ahead"],"campfire_rested":3,"item_purchase_floors":[5,5,19,24,24,38,38,53,53,53,53],"current_hp_per_floor":[70,70,70,70,70,70,70,70,70,70,58,47,43,43,43,35,70,70,70,70,60,48,48,48,39,39,36,36,36,36,36,57,57,70,70,70,46,46,46,13,34,61,61,61,37,37,55,47,47,29,61,61,61,55,20],"gold":52,"neow_bonus":"THREE_ENEMY_KILL","is_prod":false,"is_daily":false,"chose_seed":false,"campfire_upgraded":5,"win_rate":0,"timestamp":1550444780,"path_taken":["M","M","$","?","?","R","?","E","T","M","M","E","M","M","R","BOSS","M","$","?","M","M","E","$","M","T","?","R","?","R","M","R","BOSS","M","?","?","$","?","E","R","?","T","?","?","M","R","M","R","BOSS","R","$","E","BOSS"],"build_version":"2019-01-23","purchased_purges":0,"victory":true,"max_hp_per_floor":[70,70,70,70,70,70,70,70,70,70,70,70,70,70,70,70,70,70,70,70,70,70,70,70,70,70,70,70,70,70,70,70,70,70,70,70,70,70,70,70,70,61,61,61,61,61,61,61,61,61,61,61,61,76,76],"card_choices":[{"not_picked":["Dagger Throw","Underhanded Strike","Quick Slash"],"picked":"SKIP","floor":1},{"not_picked":["Backflip","Slice"],"picked":"Dagger Spray","floor":2},{"not_picked":["Flechettes","Finisher"],"picked":"Quick Slash","floor":8},{"not_picked":["Cloak And Dagger","Riddle With Holes","Deflect"],"picked":"SKIP","floor":10},{"not_picked":["Slice","PiercingWail"],"picked":"Leg Sweep","floor":11},{"not_picked":["Distraction","Outmaneuver"],"picked":"Escape Plan","floor":12},{"not_picked":["Flechettes","Sucker Punch","Outmaneuver"],"picked":"SKIP","floor":13},{"not_picked":["Deflect","Slice"],"picked":"Adrenaline","floor":14},{"not_picked":["Wraith Form v2","Phantasmal Killer"],"picked":"After Image","floor":16},{"not_picked":["Deadly Poison","Choke+1"],"picked":"Blur","floor":18},{"not_picked":["Dagger Spray","Quick Slash+1","Calculated Gamble"],"picked":"SKIP","floor":20},{"not_picked":["Glass Knife","Bane","Skewer"],"picked":"SKIP","floor":21},{"not_picked":["Acrobatics","Blade Dance"],"picked":"Footwork+1","floor":22},{"not_picked":["Deflect","Backstab","PiercingWail"],"picked":"SKIP","floor":23},{"not_picked":["Slice","Acrobatics"],"picked":"Dodge and Roll+1","floor":25},{"not_picked":["PiercingWail","Corpse Explosion"],"picked":"Deadly Poison+1","floor":27},{"not_picked":["Underhanded Strike","Calculated Gamble+1","Riddle With Holes"],"picked":"SKIP","floor":31},{"not_picked":["Envenom","Corpse Explosion"],"picked":"Burst","floor":33},{"not_picked":["Dagger Spray","Dodge and Roll"],"picked":"Escape Plan","floor":35},{"not_picked":["Sucker Punch+1","Eviscerate"],"picked":"Deflect+1","floor":40},{"not_picked":["Deflect+1","Outmaneuver+1"],"picked":"Deadly Poison+1","floor":45},{"not_picked":["Dagger Spray+1","Underhanded Strike+1"],"picked":"Noxious Fumes+1","floor":46},{"not_picked":["Wraith Form v2","Dagger Spray+1","Deadly Poison"],"picked":"SKIP","floor":48},{"not_picked":["Underhanded Strike+1","Flying Knee+1","Doppelganger"],"picked":"SKIP","floor":54}],"player_experience":635714,"relics_obtained":[{"floor":8,"key":"Whetstone"},{"floor":9,"key":"Meat on the Bone"},{"floor":12,"key":"Bag of Preparation"},{"floor":23,"key":"Paper Crane"},{"floor":23,"key":"StoneCalendar"},{"floor":27,"key":"Red Mask"},{"floor":37,"key":"Incense Burner"},{"floor":40,"key":"Tough Bandages"},{"floor":40,"key":"MawBank"},{"floor":43,"key":"Molten Egg 2"},{"floor":44,"key":"Potion Belt"},{"floor":54,"key":"Centennial Puzzle"},{"floor":54,"key":"Pear"}],"event_choices":[{"damage_healed":0,"gold_gain":0,"player_choice":"Ignored","damage_taken":0,"max_hp_gain":0,"max_hp_loss":0,"event_name":"NoteForYourself","floor":4,"gold_loss":0},{"cards_removed":["Deadly Poison"],"damage_healed":0,"gold_gain":0,"player_choice":"Gave Card","damage_taken":0,"relics_obtained":["Ginger"],"max_hp_gain":0,"max_hp_loss":0,"event_name":"WeMeetAgain","floor":7,"gold_loss":0},{"damage_healed":0,"gold_gain":0,"player_choice":"Fought Bandits","damage_taken":0,"max_hp_gain":0,"max_hp_loss":0,"event_name":"Masked Bandits","floor":27,"gold_loss":0},{"damage_healed":0,"gold_gain":0,"player_choice":"Simplicity","damage_taken":0,"max_hp_gain":0,"max_hp_loss":0,"event_name":"Back to Basics","floor":29,"gold_loss":0,"cards_upgraded":["Defend_G","Defend_G","Defend_G","Defend_G","Defend_G","Strike_G","Strike_G","Strike_G"]},{"cards_removed":["Survivor"],"damage_healed":0,"gold_gain":0,"player_choice":"Removed Skill","damage_taken":0,"max_hp_gain":0,"max_hp_loss":0,"event_name":"Falling","floor":36,"gold_loss":0},{"damage_healed":0,"gold_gain":0,"player_choice":"Fight","damage_taken":0,"max_hp_gain":0,"max_hp_loss":0,"event_name":"Mysterious Sphere","floor":37,"gold_loss":0},{"damage_healed":0,"gold_gain":222,"player_choice":"Wore Mask","damage_taken":0,"max_hp_gain":0,"max_hp_loss":0,"event_name":"Tomb of Lord Red Mask","floor":39,"gold_loss":0},{"damage_healed":61,"gold_gain":0,"player_choice":"Heal","damage_taken":0,"max_hp_gain":0,"max_hp_loss":9,"event_name":"The Moai Head","floor":42,"gold_loss":0}],"is_beta":false,"boss_relics":[{"not_picked":["Philosopher\u0027s Stone","Runic Dome"],"picked":"Black Star"},{"not_picked":["WristBlade","Coffee Dripper"],"picked":"Lizard Tail"}],"items_purged_floors":[],"is_endless":false,"potions_floor_spawned":[8,11,12,16,21,22,23,40,45,46],"ascension_level":0}