{"gold_per_floor":[117,17,17,17,292,292,317,328,404,404,415,35,48,48,48,125,125,135,135,135,150,161,161,177,177,177,177,196,196,226,241,241,241],"floor_reached":33,"playtime":1694,"items_purged":["Regret"],"score":504,"play_id":"453b8895-eb7c-40e9-bbef-0412cfcb4f10","local_time":"20190122194138","is_ascension_mode":true,"campfire_choices":[{"data":"Dualcast","floor":6,"key":"SMITH"},{"data":"Capacitor","floor":10,"key":"SMITH"},{"data":"Chaos","floor":15,"key":"SMITH"},{"floor":23,"key":"REST"},{"data":"Loop","floor":25,"key":"SMITH"},{"data":"Seek","floor":29,"key":"SMITH"},{"floor":32,"key":"RECALL"}],"neow_cost":"NONE","seed_source_timestamp":1107881653153300,"circlet_count":0,"master_deck":["AscendersBane","Defend_B","Defend_B","Defend_B","Defend_B","Zap","Dualcast+1","Conserve Battery","Conserve Battery","Cold Snap","Capacitor+1","Glacier","Chaos+1","Loop+1","Seek+1","Bite","Bite","Bite","Bite","Bite","Chaos+1","Cold Snap","Conserve Battery"],"relics":["Cracked Core","NeowsBlessing","Bronze Scales","Potion Belt","Oddly Smooth Stone","Pen Nib","Busted Crown","Pocketwatch","Centennial Puzzle"],"potions_floor_usage":[30,30,30],"damage_taken":[{"damage":0,"enemies":"Cultist","floor":1,"turns":1},{"damage":0,"enemies":"Lagavulin","floor":7,"turns":1},{"damage":0,"enemies":"2 Louse","floor":8,"turns":1},{"damage":1,"enemies":"Jaw Worm","floor":11,"turns":3},{"damage":33,"enemies":"Exordium Thugs","floor":13,"turns":5},{"damage":6,"enemies":"Hexaghost","floor":16,"turns":10},{"damage":2,"enemies":"Chosen","floor":18,"turns":8},{"damage":13,"enemies":"3 Byrds","floor":21,"turns":3},{"damage":41,"enemies":"Cultist and Chosen","floor":22,"turns":7},{"damage":9,"enemies":"Centurion and Healer","floor":24,"turns":6},{"damage":9,"enemies":"Colosseum Slavers","floor":27,"turns":5},{"damage":7,"enemies":"Shelled Parasite and Fungi","floor":28,"turns":8},{"damage":7,"enemies":"Slavers","floor":30,"turns":7},{"damage":4,"enemies":"3 Cultists","floor":31,"turns":6},{"damage":74,"enemies":"Collector","floor":33,"turns":5}],"seed_played":"-7106354686331530687","potions_obtained":[{"floor":13,"key":"Block Potion"},{"floor":16,"key":"Block Potion"},{"floor":24,"key":"Poison Potion"},{"floor":28,"key":"SteroidPotion"},{"floor":30,"key":"Regen Potion"}],"is_trial":false,"path_per_floor":["M","$","?","?","?","R","E","M","T","R","M","$","M","?","R","B",null,"M","?","?","M","M","R","M","R","T","?","M","R","E","M","R","B"],"character_chosen":"DEFECT","items_purchased":["Conserve Battery","Cold Snap","Chaos","Oddly Smooth Stone","Loop"],"campfire_rested":1,"item_purchase_floors":[2,2,12,12,12],"current_hp_per_floor":[68,68,68,61,61,61,61,61,61,61,60,60,27,24,24,18,61,59,52,52,39,14,29,36,36,36,39,48,48,52,52,52,0],"gold":241,"neow_bonus":"THREE_ENEMY_KILL","is_prod":false,"is_daily":false,"chose_seed":false,"campfire_upgraded":5,"win_rate":0,"timestamp":1548186098,"path_taken":["M","$","?","?","?","R","E","M","T","R","?","$","M","?","R","BOSS","M","?","?","M","?","R","M","R","T","?","M","R","E","M","R","BOSS"],"build_version":"2019-01-17v2","purchased_purges":1,"victory":false,"max_hp_per_floor":[75,75,75,75,75,75,75,75,75,75,75,75,75,75,75,75,75,75,52,52,52,52,52,52,52,52,52,52,52,52,52,52,52],"card_choices":[{"not_picked":["Rebound","Sweeping Beam"],"picked":"Conserve Battery","floor":1},{"not_picked":["Sunder","Fission"],"picked":"Capacitor","floor":7},{"not_picked":["Steam","Heatsinks","Turbo"],"picked":"SKIP","floor":8},{"not_picked":["Hologram","Tempest"],"picked":"Glacier","floor":11},{"not_picked":["Gash","Steam","Beam Cell"],"picked":"SKIP","floor":13},{"not_picked":["Reboot","Hyperbeam"],"picked":"Seek","floor":16},{"not_picked":["Scrape"],"picked":"SKIP","floor":18},{"not_picked":["Turbo"],"picked":"SKIP","floor":21},{"not_picked":["Streamline"],"picked":"SKIP","floor":22},{"not_picked":[],"picked":"Cold Snap","floor":24},{"not_picked":["Scrape"],"picked":"SKIP","floor":28},{"not_picked":["Aggregate"],"picked":"SKIP","floor":30},{"not_picked":[],"picked":"Conserve Battery","floor":31}],"player_experience":557267,"relics_obtained":[{"floor":7,"key":"Potion Belt"},{"floor":26,"key":"Pocketwatch"},{"floor":30,"key":"Centennial Puzzle"}],"event_choices":[{"damage_healed":0,"gold_gain":0,"player_choice":"Box","damage_taken":0,"relics_obtained":["Bronze Scales"],"max_hp_gain":0,"max_hp_loss":0,"event_name":"Big Fish","floor":3,"gold_loss":0,"cards_obtained":["Regret"]},{"cards_removed":["Regret"],"damage_healed":0,"gold_gain":0,"player_choice":"Card Removal","damage_taken":7,"max_hp_gain":0,"max_hp_loss":0,"event_name":"Golden Wing","floor":4,"gold_loss":0},{"damage_healed":0,"gold_gain":275,"player_choice":"Desecrate","damage_taken":0,"max_hp_gain":0,"max_hp_loss":0,"event_name":"Golden Shrine","floor":5,"gold_loss":0,"cards_obtained":["Regret"]},{"damage_healed":0,"gold_gain":0,"player_choice":"Success","damage_taken":3,"relics_obtained":["Pen Nib"],"max_hp_gain":0,"max_hp_loss":0,"event_name":"Scrap Ooze","floor":14,"gold_loss":0},{"damage_healed":0,"gold_gain":0,"player_choice":"Became a vampire","damage_taken":0,"max_hp_gain":0,"max_hp_loss":23,"event_name":"Vampires","floor":19,"gold_loss":0,"cards_obtained":["Bite","Bite","Bite","Bite","Bite"]},{"damage_healed":0,"gold_gain":0,"player_choice":"Copied","damage_taken":0,"max_hp_gain":0,"max_hp_loss":0,"event_name":"Duplicator","floor":20,"gold_loss":0,"cards_obtained":["Chaos"]},{"damage_healed":0,"gold_gain":0,"player_choice":"Fight","damage_taken":0,"max_hp_gain":0,"max_hp_loss":0,"event_name":"Colosseum","floor":27,"gold_loss":0},{"damage_healed":0,"gold_gain":0,"player_choice":"Fled From Nobs","damage_taken":0,"max_hp_gain":0,"max_hp_loss":0,"event_name":"Colosseum","floor":27,"gold_loss":0}],"is_beta":false,"boss_relics":[{"not_picked":["Runic Dome","Pandora\u0027s Box"],"picked":"Busted Crown"}],"items_purged_floors":[12],"is_endless":false,"potions_floor_spawned":[13,16,24,28,30],"killed_by":"Collector","ascension_level":13}