{"gold_per_floor":[214,164,7,18,38,38,72,72,72,85,16,16,27,54,54,54],"floor_reached":16,"playtime":789,"items_purged":[],"score":176,"play_id":"ee18f068-6fb8-4991-93ba-cebbfd77787b","local_time":"20181125201248","is_ascension_mode":true,"campfire_choices":[{"data":"Flex","floor":6,"key":"SMITH"},{"data":"Whirlwind","floor":15,"key":"SMITH"}],"neow_cost":"NONE","seed_source_timestamp":2527054787727182,"circlet_count":0,"master_deck":["AscendersBane","Strike_R","Strike_R","Strike_R","Strike_R","Defend_R","Defend_R","Defend_R","Defend_R","Bash","Pommel Strike","Flex+1","Second Wind","Pummel+1","Twin Strike+1","Whirlwind+1","Fire Breathing+1","Impervious"],"relics":["Burning Blood","Oddly Smooth Stone","Frozen Egg 2","Dodecahedron","Whetstone"],"potions_floor_usage":[7,13,16],"damage_taken":[{"damage":9,"enemies":"2 Louse","floor":1,"turns":2},{"damage":10,"enemies":"Cultist","floor":4,"turns":4},{"damage":18,"enemies":"Small Slimes","floor":5,"turns":3},{"damage":37,"enemies":"Lagavulin","floor":7,"turns":6},{"damage":5,"enemies":"Looter","floor":10,"turns":3},{"damage":0,"enemies":"Lots of Slimes","floor":13,"turns":1},{"damage":24,"enemies":"Gremlin Nob","floor":14,"turns":4},{"damage":43,"enemies":"Hexaghost","floor":16,"turns":9}],"seed_played":"49131395103039903","potions_obtained":[{"floor":4,"key":"Fire Potion"},{"floor":10,"key":"SteroidPotion"},{"floor":13,"key":"Fruit Juice"}],"is_trial":false,"path_per_floor":["M","?","$","M","M","R","E","?","T","M","$","?","M","E","R","B"],"character_chosen":"IRONCLAD","items_purchased":["Oddly Smooth Stone","Whirlwind"],"campfire_rested":0,"item_purchase_floors":[3,11],"current_hp_per_floor":[69,69,69,65,53,53,22,22,22,23,23,49,60,42,42,0],"gold":54,"neow_bonus":"HUNDRED_GOLD","is_prod":false,"is_daily":false,"chose_seed":false,"campfire_upgraded":2,"win_rate":0,"timestamp":1543176768,"path_taken":["M","?","$","M","M","R","E","?","T","?","$","?","M","E","R","BOSS"],"build_version":"2018-11-15","purchased_purges":0,"victory":false,"max_hp_per_floor":[80,80,80,80,80,80,80,80,80,80,80,80,85,85,85,85],"card_choices":[{"not_picked":["Havoc","Burning Pact"],"picked":"Pommel Strike","floor":1},{"not_picked":["Thunderclap","Feel No Pain"],"picked":"Flex","floor":4},{"not_picked":["Clothesline","Havoc"],"picked":"Second Wind","floor":5},{"not_picked":["Second Wind","Body Slam"],"picked":"Pummel","floor":7},{"not_picked":["Pommel Strike","Pummel"],"picked":"Twin Strike","floor":10},{"not_picked":["Heavy Blade","Bloodletting"],"picked":"Fire Breathing+1","floor":13},{"not_picked":["Limit Break","Thunderclap"],"picked":"Impervious","floor":14}],"player_experience":515559,"relics_obtained":[{"floor":7,"key":"Frozen Egg 2"},{"floor":9,"key":"Dodecahedron"},{"floor":14,"key":"Whetstone"}],"event_choices":[{"cards_removed":["Strike_R"],"damage_healed":0,"gold_gain":0,"player_choice":"Card Removal","damage_taken":0,"max_hp_gain":0,"max_hp_loss":0,"event_name":"The Cleric","floor":2,"gold_loss":50},{"damage_healed":0,"gold_gain":0,"player_choice":"Bought 0 Potions","damage_taken":0,"max_hp_gain":0,"max_hp_loss":0,"event_name":"The Woman in Blue","floor":8,"gold_loss":0},{"damage_healed":26,"gold_gain":0,"player_choice":"Banana","damage_taken":0,"max_hp_gain":0,"max_hp_loss":0,"event_name":"Big Fish","floor":12,"gold_loss":0}],"is_beta":false,"boss_relics":[],"items_purged_floors":[],"is_endless":false,"potions_floor_spawned":[4,10,13],"killed_by":"Hexaghost","ascension_level":12}