{"path_per_floor":["M","?","M","M","$","R","?","E","T","M","?","E","$","?","R","B",null,"M","?","?","?","M","R","$","?","T","M","?","$","R","M","R"],"character_chosen":"IRONCLAD","items_purchased":["Metallicize","Armaments","War Paint","Tiny Chest","Metallicize","Armaments","Shrug It Off","Metallicize"],"gold_per_floor":[313,388,408,424,30,30,30,57,103,115,65,94,13,13,13,115,115,127,127,42,42,53,53,2,2,52,69,69,35,35,51,51],"floor_reached":33,"campfire_rested":0,"playtime":3600,"current_hp_per_floor":[73,62,68,74,74,74,74,74,74,72,72,74,74,67,67,53,80,51,51,51,51,39,39,39,39,39,44,44,44,44,54,54],"items_purged":[],"gold":51,"score":278,"play_id":"2bfbe1e1-2344-4257-99b9-ed68fe2ec578","is_prod":false,"is_daily":false,"is_ascension_mode":false,"campfire_upgraded":5,"path_taken":["M","?","M","?","$","R","?","E","T","M","?","E","$","?","R","BOSS","M","?","?","?","M","R","?","?","T","M","?","?","R","M","R","BOSS"],"build_version":"2018-02-08-PROD1","purchased_purges":0,"victory":false,"master_deck":["Defend_R+1","Defend_R","Defend_R+1","Defend_R","Bash","Clash","Body Slam","Iron Wave","Metallicize","Armaments+1","Bash","Warcry+1","Searing Blow","Seeing Red","Metallicize","Armaments+1","Juggernaut","Clash","Shrug It Off","Thunderclap","Metallicize","Armaments+1","Warcry+1","Shrug It Off","Writhe","Bite","Bite","Bite","Bite","Bite","Metallicize","Metallicize+1"],"max_hp_per_floor":[80,80,80,80,80,80,80,80,80,80,80,80,80,80,80,80,80,80,80,80,80,80,80,80,80,80,80,56,56,56,56,56],"relics":["Burning Blood","Old Coin","War Paint","Tiny Chest","Bag of Marbles","Juzu Bracelet","Anchor","Orrery","Oddly Smooth Stone","Pen Nib","Vajra"],"card_choices":[{"not_picked":["Heavy Blade","Body Slam"],"picked":"Clash"},{"not_picked":["True Grit","Twin Strike"],"picked":"Body Slam"},{"not_picked":["Fire Breathing","Berserk"],"picked":"Iron Wave"},{"not_picked":["Burning Pact","Intimidate"],"picked":"Warcry"},{"not_picked":["Pommel Strike","Bloodletting"],"picked":"Searing Blow"},{"not_picked":["Spot Weakness","Uppercut"],"picked":"Seeing Red"},{"not_picked":["Demon Form","Double Tap"],"picked":"Juggernaut"},{"not_picked":["Anger","Thunderclap"],"picked":"Clash"},{"not_picked":["True Grit","Reckless Charge"],"picked":"Shrug It Off"},{"not_picked":["Perfected Strike","Rupture"],"picked":"Thunderclap"},{"not_picked":["Perfected Strike","Armaments"],"picked":"Metallicize"},{"not_picked":["Flame Barrier","Burning Pact"],"picked":"Warcry"},{"not_picked":["Clash","Cleave"],"picked":"Metallicize"}],"player_experience":63068,"potions_floor_usage":[8,12,33],"damage_taken":[{"damage":13,"enemies":"Blue Slaver","floor":1,"turns":5},{"damage":0,"enemies":"Small Slimes","floor":3,"turns":2},{"damage":0,"enemies":"2 Louse","floor":4,"turns":2},{"damage":6,"enemies":"Gremlin Nob","floor":8,"turns":5},{"damage":8,"enemies":"Lots of Slimes","floor":10,"turns":5},{"damage":19,"enemies":"3 Sentries","floor":12,"turns":10},{"damage":20,"enemies":"The Guardian","floor":16,"turns":11},{"damage":35,"enemies":"Chosen","floor":18,"turns":7},{"damage":18,"enemies":"Spheric Guardian","floor":22,"turns":7},{"damage":1,"enemies":"Snake Plant","floor":27,"turns":7},{"damage":4,"enemies":"Centurion and Healer","floor":31,"turns":7},{"damage":80,"enemies":"Collector","floor":33,"turns":7}],"event_choices":[{"event_name":"World of Goop","player_choice":"Gather Gold","floor":2,"damage_taken":0},{"event_name":"Match and Keep!","player_choice":"1 cards matched","floor":7,"damage_taken":0},{"event_name":"The Cleric","player_choice":"Card Removal","floor":11,"damage_taken":0},{"event_name":"Golden Wing","player_choice":"Card Removal","floor":14,"damage_taken":0},{"event_name":"Drug Dealer","player_choice":"Ignored","floor":19,"damage_taken":0},{"event_name":"Addict","player_choice":"Obtained Relic","floor":20,"damage_taken":0},{"event_name":"Duplicator","player_choice":"One dupe","floor":21,"damage_taken":0},{"event_name":"The Mausoleum","player_choice":"Yes","floor":25,"damage_taken":0},{"event_name":"Vampires","player_choice":"Became a vampire","floor":28,"damage_taken":0}],"boss_relics":[{"not_picked":["Sozu","Question Card"],"picked":"Orrery"}],"potions_floor_spawned":[3,4,22,31],"seed_played":"-6061546221922802945","killed_by":"Collector","ascension_level":0,"is_trial":false}