{"gold_per_floor":[113,63,75,90,10,10,24,44,44,44,72,72,72,97,97,199,199,213,230,153,428,428,428,10,10,10,23,23,35,35],"floor_reached":30,"playtime":1336,"items_purged":["Regret"],"score":311,"play_id":"95e8671b-4bd2-498e-bf5d-a05a56a2f908","local_time":"20180813145231","is_ascension_mode":true,"campfire_choices":[{"data":"Corruption","floor":6,"key":"SMITH"},{"data":"Bash","floor":10,"key":"SMITH"},{"data":"Feel No Pain","floor":12,"key":"SMITH"},{"data":"Body Slam","floor":15,"key":"SMITH"},{"data":"Dark Embrace","floor":23,"key":"SMITH"}],"neow_cost":"NONE","seed_source_timestamp":307438065503515,"circlet_count":0,"master_deck":["Strike_R","Strike_R","Defend_R","Defend_R+1","Defend_R","Defend_R+1","Bash+1","Feel No Pain+1","Anger","Corruption+1","Iron Wave","Body Slam+1","Dark Embrace+1","Warcry+1","J.A.X.","Panache","Warcry"],"relics":["Burning Blood","Darkstone Periapt","Singing Bowl","Eternal Feather","Nloth\u0027s Gift","Oddly Smooth Stone","War Paint","Shuriken"],"potions_floor_usage":[16,16,16],"damage_taken":[{"damage":2,"enemies":"2 Louse","floor":1,"turns":4},{"damage":2,"enemies":"Jaw Worm","floor":3,"turns":3},{"damage":10,"enemies":"Small Slimes","floor":4,"turns":4},{"damage":8,"enemies":"Red Slaver","floor":7,"turns":3},{"damage":6,"enemies":"Large Slime","floor":8,"turns":5},{"damage":27,"enemies":"Gremlin Nob","floor":11,"turns":5},{"damage":17,"enemies":"Lagavulin","floor":14,"turns":6},{"damage":57,"enemies":"Hexaghost","floor":16,"turns":10},{"damage":8,"enemies":"3 Byrds","floor":18,"turns":6},{"damage":21,"enemies":"2 Thieves","floor":19,"turns":5},{"damage":3,"enemies":"Chosen and Byrds","floor":27,"turns":6},{"damage":30,"enemies":"Snake Plant","floor":29,"turns":4},{"damage":56,"enemies":"Gremlin Leader","floor":30,"turns":4}],"seed_played":"-4655292954106768893","potions_obtained":[{"floor":4,"key":"EssenceOfSteel"},{"floor":11,"key":"Regen Potion"},{"floor":14,"key":"Regen Potion"},{"floor":16,"key":"AttackPotion"},{"floor":19,"key":"AttackPotion"},{"floor":29,"key":"Energy Potion"}],"is_trial":false,"path_per_floor":["M","?","M","M","$","R","M","M","T","R","E","R","?","E","R","B",null,"M","M","?","?","?","R","$","T","T","M","?","M"],"character_chosen":"IRONCLAD","items_purchased":["Corruption","Oddly Smooth Stone","Panache"],"campfire_rested":0,"item_purchase_floors":[5,24,24],"current_hp_per_floor":[80,80,80,76,76,76,74,74,74,74,55,55,55,46,46,15,84,84,69,69,75,75,84,84,84,84,87,69,47,0],"gold":35,"neow_bonus":"TRANSFORM_CARD","is_prod":false,"is_daily":false,"chose_seed":false,"campfire_upgraded":5,"win_rate":0,"timestamp":1534168351,"path_taken":["M","?","M","M","?","R","M","M","T","R","E","R","?","E","R","BOSS","M","M","?","?","?","R","$","?","T","M","?","M","E"],"build_version":"2018-08-09","purchased_purges":1,"victory":false,"max_hp_per_floor":[80,80,80,80,80,80,80,80,80,80,82,82,82,84,84,84,84,86,86,86,92,92,92,92,92,92,92,97,99,99],"card_choices":[{"not_picked":["Clash","Rupture"],"picked":"Anger","floor":1},{"not_picked":["Sword Boomerang","Rampage","Power Through"],"picked":"SKIP","floor":3},{"not_picked":["Sword Boomerang","Havoc","Cleave"],"picked":"SKIP","floor":4},{"not_picked":["Immolate","Headbutt","Evolve"],"picked":"SKIP","floor":7},{"not_picked":["Rampage","Clash"],"picked":"Iron Wave","floor":8},{"not_picked":["Blood for Blood","Thunderclap","Second Wind"],"picked":"Singing Bowl","floor":11},{"not_picked":["Carnage","Body Slam","Havoc"],"picked":"Singing Bowl","floor":14},{"not_picked":["Juggernaut","Double Tap"],"picked":"Dark Embrace","floor":16},{"not_picked":["Sword Boomerang","Cleave","Disarm+1"],"picked":"Singing Bowl","floor":18},{"not_picked":["Clothesline+1","Anger"],"picked":"Warcry+1","floor":19},{"not_picked":["Rupture+1","Clothesline"],"picked":"Warcry","floor":27},{"not_picked":["Bloodletting","Intimidate","Flame Barrier"],"picked":"Singing Bowl","floor":29}],"player_experience":261149,"relics_obtained":[{"floor":9,"key":"Darkstone Periapt"},{"floor":11,"key":"Singing Bowl"},{"floor":14,"key":"Bottled Flame"},{"floor":25,"key":"War Paint"},{"floor":26,"key":"Shuriken"}],"event_choices":[{"event_name":"The Cleric","player_choice":"Card Removal","floor":2,"damage_taken":0},{"event_name":"Transmorgrifier","player_choice":"Transform","floor":13,"damage_taken":0},{"event_name":"Drug Dealer","player_choice":"Got JAXXED","floor":20,"damage_taken":0},{"event_name":"Golden Shrine","player_choice":"Desecrate","floor":21,"damage_taken":0},{"event_name":"N\u0027loth","player_choice":"Traded a Bottled Flame","floor":22,"damage_taken":0},{"event_name":"Forgotten Altar","player_choice":"Shed Blood","floor":28,"damage_taken":0}],"is_beta":false,"boss_relics":[{"not_picked":["Fusion Hammer","Calling Bell"],"picked":"Eternal Feather"}],"items_purged_floors":[24],"is_endless":false,"potions_floor_spawned":[4,11,14,16,19,29],"killed_by":"Gremlin Leader","ascension_level":4}