{"gold_per_floor":[125,212,224,236,262,304,327,339,351,374,386,418,16,27,27,124,124,144,30,305,305,13,45,64,64,64,64,83,100,100,119,119,222,222,236,236,248,264,152,152,167,184,184,184,201,234,245,262,262,262],"floor_reached":51,"playtime":2837,"items_purged":["Strike_R","Regret"],"score":898,"play_id":"443e17f0-2b33-4ed0-8c47-fed4f5d5f797","local_time":"20180908152534","is_ascension_mode":true,"campfire_choices":[{"data":"Armaments","floor":8,"key":"SMITH"},{"floor":11,"key":"REST"},{"data":"Flex","floor":15,"key":"SMITH"},{"data":"Barricade","floor":25,"key":"SMITH"},{"data":"Panacea","floor":27,"key":"SMITH"},{"data":"Impervious","floor":30,"key":"SMITH"},{"data":"Inflame","floor":32,"key":"SMITH"},{"floor":40,"key":"REST"},{"data":"Shockwave","floor":44,"key":"SMITH"},{"floor":49,"key":"REST"}],"neow_cost":"NONE","seed_source_timestamp":174854392708109,"circlet_count":0,"master_deck":["Strike_R","Strike_R","Defend_R","Defend_R","Defend_R","Defend_R","Bash+1","Shrug It Off","Armaments+1","Spot Weakness","Flex+1","Barricade+1","Cleave","Panacea+1","Iron Wave","Shrug It Off","Impervious+1","Inflame+1","Disarm+1","Heavy Blade","Offering","Iron Wave+1","Flex+1","Shockwave+1","Power Through","Battle Trance+1","Rage+1","Seeing Red"],"relics":["Burning Blood","MawBank","Pantograph","Mercury Hourglass","Medical Kit","Vajra","White Beast Statue","MutagenicStrength","Blood Vial","Anchor","Ancient Tea Set","Mark of Pain","Ornamental Fan","FossilizedHelix"],"potions_floor_usage":[16,18,23,28,31,33,33,46,48,48,48,48,48,48,50],"damage_taken":[{"damage":6,"enemies":"Small Slimes","floor":1,"turns":3},{"damage":0,"enemies":"2 Louse","floor":5,"turns":3},{"damage":51,"enemies":"3 Sentries","floor":6,"turns":16},{"damage":5,"enemies":"Jaw Worm","floor":7,"turns":4},{"damage":7,"enemies":"Large Slime","floor":10,"turns":7},{"damage":0,"enemies":"Exordium Wildlife","floor":12,"turns":4},{"damage":6,"enemies":"Exordium Thugs","floor":14,"turns":4},{"damage":56,"enemies":"Hexaghost","floor":16,"turns":10},{"damage":6,"enemies":"3 Byrds","floor":18,"turns":7},{"damage":26,"enemies":"Gremlin Leader","floor":23,"turns":8},{"damage":0,"enemies":"Shell Parasite","floor":24,"turns":5},{"damage":0,"enemies":"Shelled Parasite and Fungi","floor":28,"turns":6},{"damage":16,"enemies":"Sentry and Sphere","floor":29,"turns":8},{"damage":4,"enemies":"Cultist and Chosen","floor":31,"turns":6},{"damage":44,"enemies":"Automaton","floor":33,"turns":11},{"damage":25,"enemies":"Orb Walker","floor":35,"turns":3},{"damage":6,"enemies":"3 Shapes","floor":37,"turns":6},{"damage":49,"enemies":"3 Darklings","floor":38,"turns":6},{"damage":6,"enemies":"Spire Growth","floor":41,"turns":5},{"damage":6,"enemies":"Reptomancer","floor":42,"turns":5},{"damage":0,"enemies":"Maw","floor":45,"turns":7},{"damage":34,"enemies":"Nemesis","floor":46,"turns":9},{"damage":7,"enemies":"Transient","floor":47,"turns":5},{"damage":21,"enemies":"Sphere and 2 Shapes","floor":48,"turns":5},{"damage":63,"enemies":"Awakened One","floor":50,"turns":15}],"seed_played":"3327003766829927086","potions_obtained":[{"floor":5,"key":"Energy Potion"},{"floor":10,"key":"LiquidBronze"},{"floor":14,"key":"Fire Potion"},{"floor":18,"key":"Fire Potion"},{"floor":23,"key":"PowerPotion"},{"floor":24,"key":"PowerPotion"},{"floor":28,"key":"Explosive Potion"},{"floor":29,"key":"Dexterity Potion"},{"floor":31,"key":"LiquidBronze"},{"floor":33,"key":"Swift Potion"},{"floor":35,"key":"SteroidPotion"},{"floor":37,"key":"Strength Potion"},{"floor":41,"key":"Block Potion"},{"floor":45,"key":"EntropicBrew"},{"floor":46,"key":"Ancient Potion"},{"floor":47,"key":"SpeedPotion"},{"floor":48,"key":"LiquidBronze"}],"is_trial":false,"path_per_floor":["M","?","?","?","M","E","M","R","T","M","R","M","$","M","R","B",null,"M","$","?","?","$","E","M","R","T","R","M","M","R","M","R","B",null,"M","?","M","M","$","R","M","M","T","R","M","E","M","M","R","B"],"character_chosen":"IRONCLAD","items_purchased":["Medical Kit","Vajra","Panacea","Iron Wave","Blood Vial","Shrug It Off","Shockwave","Power Through"],"campfire_rested":3,"item_purchase_floors":[13,13,19,19,22,22,39,39],"current_hp_per_floor":[80,69,62,62,68,23,24,24,24,23,47,53,53,53,53,28,67,67,67,67,67,67,49,57,57,57,57,65,57,57,61,61,42,71,54,54,56,15,15,39,41,43,43,43,51,25,26,13,37,7],"gold":262,"neow_bonus":"RANDOM_COMMON_RELIC","is_prod":false,"is_daily":false,"chose_seed":false,"campfire_upgraded":7,"win_rate":0,"timestamp":1536416734,"path_taken":["M","?","?","?","M","E","M","R","T","M","R","?","$","M","R","BOSS","M","$","?","?","$","E","M","R","T","R","M","M","R","M","R","BOSS","M","?","M","M","$","R","M","M","T","R","M","E","?","M","R","BOSS"],"build_version":"2018-09-06","purchased_purges":2,"victory":true,"max_hp_per_floor":[80,80,80,80,80,80,80,80,80,80,80,80,80,80,80,80,80,80,80,80,80,80,80,80,80,80,80,80,80,80,80,80,80,80,80,80,80,80,80,80,80,80,80,80,80,80,80,80,80,80],"card_choices":[{"not_picked":["Wild Strike","Headbutt"],"picked":"Shrug It Off","floor":1},{"not_picked":["Combust","Sword Boomerang"],"picked":"Armaments","floor":5},{"not_picked":["Thunderclap","Anger"],"picked":"Spot Weakness","floor":6},{"not_picked":["Thunderclap","Pommel Strike","Clothesline"],"picked":"SKIP","floor":7},{"not_picked":["Thunderclap","Combust","Flame Barrier"],"picked":"SKIP","floor":10},{"not_picked":["Clothesline","True Grit","Power Through"],"picked":"SKIP","floor":12},{"not_picked":["Sword Boomerang","Reaper"],"picked":"Flex","floor":14},{"not_picked":["Immolate","Impervious"],"picked":"Barricade","floor":16},{"not_picked":["Flex","Wild Strike"],"picked":"Cleave","floor":18},{"not_picked":["Pommel Strike","Dropkick"],"picked":"Impervious","floor":23},{"not_picked":["Dropkick","Armaments"],"picked":"Inflame","floor":24},{"not_picked":["Warcry","Fire Breathing"],"picked":"Disarm+1","floor":28},{"not_picked":["Clothesline","Burning Pact"],"picked":"Heavy Blade","floor":29},{"not_picked":["Perfected Strike+1","Clash","Heavy Blade+1"],"picked":"SKIP","floor":31},{"not_picked":["Double Tap","Barricade"],"picked":"Offering","floor":33},{"not_picked":["Wild Strike+1","True Grit","Clash+1"],"picked":"SKIP","floor":35},{"not_picked":["Cleave+1","Havoc"],"picked":"Iron Wave+1","floor":37},{"not_picked":["Headbutt+1","True Grit+1"],"picked":"Flex+1","floor":38},{"not_picked":["Dropkick+1","Havoc+1"],"picked":"Battle Trance+1","floor":41},{"not_picked":["Blood for Blood+1","Clash+1"],"picked":"Rage+1","floor":42},{"not_picked":["Inflame","Clothesline+1","Flame Barrier+1"],"picked":"SKIP","floor":45},{"not_picked":["True Grit+1","Inflame+1","Havoc+1"],"picked":"SKIP","floor":46},{"not_picked":["Disarm","Barricade","Flame Barrier+1"],"picked":"SKIP","floor":47},{"not_picked":["Heavy Blade","Thunderclap+1"],"picked":"Seeing Red","floor":48}],"player_experience":344112,"relics_obtained":[{"floor":6,"key":"Pantograph"},{"floor":9,"key":"Mercury Hourglass"},{"floor":23,"key":"Anchor"},{"floor":26,"key":"Ancient Tea Set"},{"floor":43,"key":"Ornamental Fan"},{"floor":46,"key":"FossilizedHelix"}],"event_choices":[{"event_name":"World of Goop","player_choice":"Gather Gold","floor":2,"damage_taken":0},{"event_name":"Golden Wing","player_choice":"Card Removal","floor":3,"damage_taken":0},{"event_name":"Living Wall","player_choice":"Grow","floor":4,"damage_taken":0},{"event_name":"Golden Shrine","player_choice":"Desecrate","floor":20,"damage_taken":0},{"event_name":"Drug Dealer","player_choice":"Inject Mutagens","floor":21,"damage_taken":0},{"event_name":"Falling","player_choice":"Removed Attack","floor":36,"damage_taken":0}],"is_beta":false,"boss_relics":[{"not_picked":["Runic Cube","Black Star"],"picked":"White Beast Statue"},{"not_picked":["Orrery","Pandora\u0027s Box"],"picked":"Mark of Pain"}],"items_purged_floors":[13,22],"is_endless":false,"potions_floor_spawned":[5,10,14,18,23,24,28,29,31,33,35,37,38,41,42,45,46,47,48],"ascension_level":5}