{"gold_per_floor":[110,126,76,76,86,112,130,130,130,130,152,152,168,200,200,279,279,296,100,100,100,118,149,24,24,71,0,0,18,38,54,54,54],"floor_reached":33,"playtime":1323,"items_purged":["Writhe"],"score":578,"play_id":"3933ccd3-950d-49df-9e3c-5bcb59cdeeb2","local_time":"20190227224528","is_ascension_mode":true,"campfire_choices":[{"data":"Armaments","floor":8,"key":"SMITH"},{"floor":12,"key":"REST"},{"data":"Inflame","floor":15,"key":"SMITH"},{"floor":25,"key":"REST"},{"data":"Apotheosis","floor":32,"key":"SMITH"}],"neow_cost":"NONE","seed_source_timestamp":104857026179300,"circlet_count":0,"master_deck":["AscendersBane","Strike_R","Strike_R","Strike_R","Defend_R","Defend_R","Defend_R","Defend_R","Bash","Inflame+1","Offering","Anger+1","Armaments+1","Spot Weakness","Sword Boomerang","Heavy Blade","Limit Break","Iron Wave+1","Apotheosis+1","RitualDagger","Battle Trance","Shrug It Off","Feed"],"relics":["Burning Blood","NeowsBlessing","Ginger","Pocketwatch","Thread and Needle","Odd Mushroom","Potion Belt","Busted Crown","Blue Candle","Whetstone"],"potions_floor_usage":[6,18,18,23,29,33],"damage_taken":[{"damage":0,"enemies":"Cultist","floor":1,"turns":1},{"damage":0,"enemies":"2 Louse","floor":2,"turns":1},{"damage":0,"enemies":"Small Slimes","floor":5,"turns":1},{"damage":36,"enemies":"3 Sentries","floor":6,"turns":11},{"damage":10,"enemies":"2 Fungi Beasts","floor":7,"turns":4},{"damage":21,"enemies":"The Mushroom Lair","floor":11,"turns":4},{"damage":4,"enemies":"Blue Slaver","floor":13,"turns":3},{"damage":6,"enemies":"Lagavulin","floor":14,"turns":4},{"damage":6,"enemies":"The Guardian","floor":16,"turns":8},{"damage":12,"enemies":"2 Thieves","floor":18,"turns":3},{"damage":14,"enemies":"Shell Parasite","floor":22,"turns":4},{"damage":56,"enemies":"Book of Stabbing","floor":23,"turns":5},{"damage":17,"enemies":"Sentry and Sphere","floor":29,"turns":4},{"damage":6,"enemies":"Cultist and Chosen","floor":30,"turns":3},{"damage":12,"enemies":"3 Cultists","floor":31,"turns":5},{"damage":47,"enemies":"Automaton","floor":33,"turns":6}],"seed_played":"2668492695736280348","potions_obtained":[{"floor":2,"key":"Fire Potion"},{"floor":11,"key":"PowerPotion"},{"floor":13,"key":"Explosive Potion"},{"floor":14,"key":"BloodPotion"},{"floor":18,"key":"Dexterity Potion"},{"floor":23,"key":"BloodPotion"},{"floor":30,"key":"SkillPotion"}],"is_trial":false,"path_per_floor":["M","M","?","?","M","E","M","R","T","?","?","R","M","E","R","B",null,"M","$","?","?","M","E","$","R","T","?","?","M","M","M","R","B"],"character_chosen":"IRONCLAD","items_purchased":["Apotheosis","Shrug It Off"],"campfire_rested":2,"item_purchase_floors":[19,24],"current_hp_per_floor":[78,80,80,80,80,50,46,46,46,34,19,43,45,45,45,45,71,65,65,59,59,51,9,9,33,33,33,33,30,30,24,24,0],"gold":54,"neow_bonus":"THREE_ENEMY_KILL","is_prod":false,"is_daily":false,"chose_seed":false,"campfire_upgraded":3,"win_rate":0,"timestamp":1551307528,"path_taken":["M","?","?","?","M","E","?","R","T","?","?","R","M","E","R","BOSS","M","$","?","?","M","E","$","R","T","?","?","M","M","?","R","BOSS"],"build_version":"2019-01-23","purchased_purges":1,"victory":false,"max_hp_per_floor":[80,80,80,80,80,80,80,80,80,80,80,80,80,80,80,80,80,80,80,80,80,80,80,80,80,80,80,80,80,80,80,80,80],"card_choices":[{"not_picked":["Perfected Strike","Shrug It Off"],"picked":"Inflame","floor":1},{"not_picked":["Headbutt","Uppercut","Reckless Charge"],"picked":"SKIP","floor":2},{"not_picked":["Pommel Strike","Searing Blow"],"picked":"Offering","floor":5},{"not_picked":["Entrench","Second Wind"],"picked":"Anger","floor":6},{"not_picked":["Perfected Strike","Dual Wield"],"picked":"Armaments","floor":7},{"not_picked":["Cleave","Armaments"],"picked":"Spot Weakness","floor":11},{"not_picked":["Headbutt","Reckless Charge"],"picked":"Sword Boomerang","floor":13},{"not_picked":["Body Slam","Blood for Blood"],"picked":"Heavy Blade","floor":14},{"not_picked":["Feed","Demon Form"],"picked":"Limit Break","floor":16},{"not_picked":[],"picked":"Iron Wave","floor":18},{"not_picked":[],"picked":"Battle Trance","floor":22},{"not_picked":["Burning Pact+1"],"picked":"SKIP","floor":23},{"not_picked":["Rampage"],"picked":"SKIP","floor":29},{"not_picked":["Clothesline"],"picked":"SKIP","floor":30},{"not_picked":["Armaments"],"picked":"SKIP","floor":31}],"player_experience":588223,"relics_obtained":[{"floor":6,"key":"Ginger"},{"floor":9,"key":"Pocketwatch"},{"floor":11,"key":"Odd Mushroom"},{"floor":14,"key":"Potion Belt"},{"floor":23,"key":"Whetstone"}],"event_choices":[{"cards_removed":["Strike_R"],"damage_healed":0,"gold_gain":0,"player_choice":"Card Removal","damage_taken":0,"max_hp_gain":0,"max_hp_loss":0,"event_name":"The Cleric","floor":3,"gold_loss":50},{"cards_removed":["Strike_R"],"damage_healed":0,"gold_gain":0,"player_choice":"Offered Basic","damage_taken":0,"max_hp_gain":0,"max_hp_loss":0,"event_name":"Bonfire Elementals","floor":4,"gold_loss":0},{"damage_healed":0,"gold_gain":0,"player_choice":"Success","damage_taken":12,"relics_obtained":["Thread and Needle"],"max_hp_gain":0,"max_hp_loss":0,"event_name":"Scrap Ooze","floor":10,"gold_loss":0},{"damage_healed":0,"gold_gain":0,"player_choice":"Fought Mushrooms","damage_taken":0,"max_hp_gain":0,"max_hp_loss":0,"event_name":"Mushrooms","floor":11,"gold_loss":0},{"damage_healed":0,"gold_gain":0,"player_choice":"Joined the Cult","damage_taken":6,"max_hp_gain":0,"max_hp_loss":0,"event_name":"Nest","floor":20,"gold_loss":0,"cards_obtained":["RitualDagger"]},{"damage_healed":0,"gold_gain":0,"player_choice":"Opened","damage_taken":0,"relics_obtained":["Blue Candle"],"max_hp_gain":0,"max_hp_loss":0,"event_name":"The Mausoleum","floor":21,"gold_loss":0,"cards_obtained":["Writhe"]},{"damage_healed":0,"gold_gain":0,"player_choice":"Paid Fearfully","damage_taken":0,"max_hp_gain":0,"max_hp_loss":0,"event_name":"Masked Bandits","floor":27,"gold_loss":71},{"damage_healed":0,"gold_gain":0,"player_choice":"1 cards matched","damage_taken":0,"max_hp_gain":0,"max_hp_loss":0,"event_name":"Match and Keep!","floor":28,"gold_loss":0,"cards_obtained":["Feed"]}],"is_beta":false,"boss_relics":[{"not_picked":["Astrolabe","Runic Dome"],"picked":"Busted Crown"}],"items_purged_floors":[24],"is_endless":false,"potions_floor_spawned":[2,11,13,14,18,23,30],"killed_by":"Automaton","ascension_level":13}