{"gold_per_floor":[110,185,185,196,208,237,237,268,324,324,312,276,332,332,332,332],"floor_reached":16,"playtime":719,"items_purged":[],"score":162,"play_id":"a989c775-92ee-42b6-9874-ecafe8b596d9","local_time":"20190223221527","is_ascension_mode":true,"campfire_choices":[{"floor":7,"key":"REST"},{"floor":10,"key":"REST"},{"data":"Footwork","floor":15,"key":"SMITH"}],"neow_cost":"NONE","seed_source_timestamp":21227749290132,"circlet_count":0,"master_deck":["AscendersBane","Defend_G","Defend_G","Defend_G","Defend_G","Defend_G","Strike_G","Strike_G","Strike_G","Strike_G","Strike_G","Survivor","Neutralize+1","Dodge and Roll","Backflip","All Out Attack","PiercingWail","Dodge and Roll","Footwork+1"],"relics":["Ring of the Snake","Bag of Preparation","Bird Faced Urn","Tiny Chest","Orichalcum"],"potions_floor_usage":[6,6,16],"damage_taken":[{"damage":0,"enemies":"Jaw Worm","floor":1,"turns":5},{"damage":0,"enemies":"Cultist","floor":4,"turns":5},{"damage":0,"enemies":"2 Louse","floor":5,"turns":4},{"damage":32,"enemies":"Gremlin Nob","floor":6,"turns":6},{"damage":27,"enemies":"3 Sentries","floor":8,"turns":11},{"damage":6,"enemies":"Exordium Thugs","floor":11,"turns":4},{"damage":15,"enemies":"Hexaghost","floor":16,"turns":13}],"seed_played":"-1956932013456114893","potions_obtained":[{"floor":4,"key":"LiquidBronze"},{"floor":5,"key":"GamblersBrew"},{"floor":11,"key":"AttackPotion"}],"is_trial":false,"path_per_floor":["M","?","T","M","M","E","R","E","T","R","M","$","?","?","R","B"],"character_chosen":"THE_SILENT","items_purchased":["Footwork"],"campfire_rested":2,"item_purchase_floors":[12],"current_hp_per_floor":[63,52,52,52,52,20,41,14,14,35,29,29,29,11,11,0],"gold":332,"neow_bonus":"UPGRADE_CARD","is_prod":false,"is_daily":false,"chose_seed":false,"campfire_upgraded":1,"win_rate":0,"timestamp":1550956527,"path_taken":["M","?","?","M","?","E","R","E","T","R","?","$","?","?","R","BOSS"],"build_version":"2019-01-23","purchased_purges":0,"victory":false,"max_hp_per_floor":[70,70,70,70,70,70,70,70,70,70,70,70,70,70,70,70],"card_choices":[{"not_picked":["Quick Slash","Outmaneuver"],"picked":"Dodge and Roll","floor":1},{"not_picked":["Distraction","Slice"],"picked":"Backflip","floor":4},{"not_picked":["Underhanded Strike","Masterful Stab","All Out Attack"],"picked":"SKIP","floor":5},{"not_picked":["Dagger Throw","Slice"],"picked":"All Out Attack","floor":6},{"not_picked":["Underhanded Strike","Outmaneuver"],"picked":"PiercingWail","floor":8},{"not_picked":["Deflect","Phantasmal Killer"],"picked":"Dodge and Roll","floor":11}],"player_experience":666929,"relics_obtained":[{"floor":6,"key":"Bag of Preparation"},{"floor":8,"key":"Bird Faced Urn"},{"floor":9,"key":"Tiny Chest"}],"event_choices":[{"damage_healed":0,"gold_gain":75,"player_choice":"Gather Gold","damage_taken":11,"max_hp_gain":0,"max_hp_loss":0,"event_name":"World of Goop","floor":2,"gold_loss":0},{"damage_healed":0,"gold_gain":56,"player_choice":"Gained Gold","damage_taken":0,"max_hp_gain":0,"max_hp_loss":0,"event_name":"Golden Wing","floor":13,"gold_loss":0},{"damage_healed":0,"gold_gain":0,"player_choice":"Success","damage_taken":18,"relics_obtained":["Orichalcum"],"max_hp_gain":0,"max_hp_loss":0,"event_name":"Scrap Ooze","floor":14,"gold_loss":0}],"is_beta":false,"boss_relics":[],"items_purged_floors":[],"is_endless":false,"potions_floor_spawned":[4,5,11],"killed_by":"Hexaghost","ascension_level":10}