{"gold_per_floor":[117,129,145,158,169,169,184,244,296,296,316,316,316,39,39,165,165,178,169,210,53,76,76,201,201,247,247,247,263,299,51,51,181,181,205,80,80,80,104,137,155,155,155,191,413,64,78,94,94,94],"floor_reached":51,"playtime":2995,"items_purged":["Injury","Strike_B","Strike_B","Strike_G"],"score":852,"play_id":"88c890a6-02f7-49f2-ad5e-a7555ad149a0","local_time":"20190216113454","is_ascension_mode":false,"campfire_choices":[{"data":"Zap","floor":6,"key":"SMITH"},{"floor":10,"key":"REST"},{"data":"Loop","floor":12,"key":"SMITH"},{"floor":15,"key":"REST"},{"data":"Redo","floor":23,"key":"SMITH"},{"data":"Consume","floor":25,"key":"SMITH"},{"data":"Redo","floor":28,"key":"SMITH"},{"floor":32,"key":"REST"},{"floor":42,"key":"REST"},{"data":"Dualcast","floor":49,"key":"SMITH"}],"neow_cost":"NONE","seed_source_timestamp":233638750914100,"circlet_count":0,"master_deck":["Defend_B","Defend_B","Defend_B","Defend_B","Zap+1","Dualcast+1","Consume+1","Cold Snap","Loop+1","Redo+1","FTL+1","Core Surge+1","Barrage","Coolheaded","Redo+1","Redo+1","Creative AI+1","Coolheaded+1","Conserve Battery+1"],"relics":["FrozenCore","Tiny Chest","Bronze Scales","Golden Idol","Runic Capacitor","Red Mask","Anchor","Dead Branch","Kunai","Juzu Bracelet","Pear","Whetstone","Busted Crown","Bottled Tornado","Cables","Question Card","DataDisk","ClockworkSouvenir"],"potions_floor_usage":[24,24,24,50,50,50,50,50,50],"damage_taken":[{"damage":1,"enemies":"Cultist","floor":1,"turns":4},{"damage":0,"enemies":"2 Louse","floor":2,"turns":2},{"damage":0,"enemies":"Small Slimes","floor":3,"turns":4},{"damage":14,"enemies":"Blue Slaver","floor":4,"turns":3},{"damage":3,"enemies":"Looter","floor":5,"turns":3},{"damage":29,"enemies":"Gremlin Gang","floor":7,"turns":5},{"damage":12,"enemies":"Lagavulin","floor":8,"turns":8},{"damage":11,"enemies":"Exordium Thugs","floor":11,"turns":3},{"damage":18,"enemies":"The Guardian","floor":16,"turns":12},{"damage":0,"enemies":"Spheric Guardian","floor":18,"turns":6},{"damage":19,"enemies":"2 Thieves","floor":19,"turns":4},{"damage":16,"enemies":"Masked Bandits","floor":20,"turns":4},{"damage":0,"enemies":"Centurion and Healer","floor":22,"turns":7},{"damage":0,"enemies":"Colosseum Slavers","floor":24,"turns":6},{"damage":5,"enemies":"Colosseum Nobs","floor":24,"turns":5},{"damage":13,"enemies":"Snecko","floor":29,"turns":5},{"damage":7,"enemies":"Slavers","floor":30,"turns":7},{"damage":0,"enemies":"Automaton","floor":33,"turns":15},{"damage":0,"enemies":"3 Shapes","floor":35,"turns":8},{"damage":6,"enemies":"Orb Walker","floor":39,"turns":4},{"damage":42,"enemies":"Reptomancer","floor":40,"turns":7},{"damage":0,"enemies":"Spire Growth","floor":41,"turns":9},{"damage":0,"enemies":"Giant Head","floor":44,"turns":10},{"damage":0,"enemies":"Sphere and 2 Shapes","floor":47,"turns":15},{"damage":0,"enemies":"3 Darklings","floor":48,"turns":6},{"damage":0,"enemies":"Donu and Deca","floor":50,"turns":8}],"seed_played":"5471431080799898618","potions_obtained":[{"floor":1,"key":"SteroidPotion"},{"floor":3,"key":"LiquidBronze"},{"floor":4,"key":"FearPotion"},{"floor":16,"key":"EssenceOfSteel"},{"floor":22,"key":"FocusPotion"},{"floor":30,"key":"SpeedPotion"},{"floor":33,"key":"Regen Potion"},{"floor":35,"key":"Energy Potion"},{"floor":47,"key":"EntropicBrew"}],"is_trial":false,"path_per_floor":["M","M","M","M","M","R","M","E","T","R","M","R","?","$","R","B",null,"M","M","?","$","M","R","?","R","T","?","R","M","E","$","R","B",null,"M","$","?","T","M","E","M","R","T","E","?","$","M","M","R","B",null],"character_chosen":"DEFECT","items_purchased":["Runic Capacitor","Anchor","Whetstone","ClockworkSouvenir"],"campfire_rested":4,"item_purchase_floors":[14,21,31,46],"current_hp_per_floor":[74,74,74,60,57,57,28,16,16,38,27,27,27,27,49,31,75,75,56,40,40,40,40,35,35,35,35,35,22,25,25,50,50,85,85,85,85,85,79,37,37,62,62,62,62,62,62,62,62,77],"gold":94,"neow_bonus":"TRANSFORM_CARD","is_prod":false,"is_daily":false,"chose_seed":false,"campfire_upgraded":6,"win_rate":0,"timestamp":1550334894,"path_taken":["M","M","M","M","?","R","M","E","T","R","M","R","?","$","R","BOSS","M","M","?","$","M","R","?","R","T","?","R","M","E","$","R","BOSS","M","$","?","?","M","E","M","R","T","E","?","$","M","M","R","BOSS"],"build_version":"2019-01-23","purchased_purges":4,"victory":true,"max_hp_per_floor":[75,75,75,75,75,75,75,75,75,75,75,75,75,75,75,75,75,75,75,75,75,75,75,75,75,75,75,75,75,85,85,85,85,85,85,85,85,85,85,85,85,85,85,85,85,85,85,85,85,85],"card_choices":[{"not_picked":["Blizzard","Leap"],"picked":"Cold Snap","floor":1},{"not_picked":["Hello World","Beam Cell"],"picked":"Loop","floor":2},{"not_picked":["Cold Snap","Compile Driver"],"picked":"Redo","floor":3},{"not_picked":["Recycle","Compile Driver","Beam Cell"],"picked":"SKIP","floor":4},{"not_picked":["Compile Driver","Reprogram"],"picked":"FTL","floor":5},{"not_picked":["Go for the Eyes","Turbo"],"picked":"Core Surge","floor":7},{"not_picked":["Chaos","Hologram"],"picked":"Barrage","floor":8},{"not_picked":["Tempest","Heatsinks"],"picked":"Coolheaded","floor":11},{"not_picked":["Leap","Go for the Eyes+1"],"picked":"Redo","floor":18},{"not_picked":["Sweeping Beam","Storm+1","Ball Lightning"],"picked":"SKIP","floor":19},{"not_picked":["Stack","Compile Driver","Barrage"],"picked":"SKIP","floor":22},{"not_picked":["Stack","Compile Driver","Chaos"],"picked":"SKIP","floor":29},{"not_picked":["All For One","Cold Snap"],"picked":"Redo+1","floor":30},{"not_picked":["Hyperbeam","Echo Form"],"picked":"Creative AI","floor":33},{"not_picked":[],"picked":"Coolheaded+1","floor":35},{"not_picked":["Go for the Eyes"],"picked":"SKIP","floor":39},{"not_picked":["Ball Lightning"],"picked":"SKIP","floor":40},{"not_picked":["Turbo"],"picked":"SKIP","floor":41},{"not_picked":["Leap+1","Thunder Strike"],"picked":"SKIP","floor":44},{"not_picked":["Compile Driver+1","Hologram+1"],"picked":"SKIP","floor":47},{"not_picked":["Beam Cell"],"picked":"Conserve Battery+1","floor":48}],"player_experience":269800,"relics_obtained":[{"floor":8,"key":"Tiny Chest"},{"floor":9,"key":"Bronze Scales"},{"floor":20,"key":"Red Mask"},{"floor":24,"key":"Dead Branch"},{"floor":24,"key":"Kunai"},{"floor":26,"key":"Juzu Bracelet"},{"floor":30,"key":"Pear"},{"floor":38,"key":"Bottled Tornado"},{"floor":40,"key":"Cables"},{"floor":43,"key":"Question Card"},{"floor":44,"key":"DataDisk"}],"event_choices":[{"damage_healed":0,"gold_gain":0,"player_choice":"Take Wound","damage_taken":0,"relics_obtained":["Golden Idol"],"max_hp_gain":0,"max_hp_loss":0,"event_name":"Golden Idol","floor":13,"gold_loss":0,"cards_obtained":["Injury"]},{"damage_healed":0,"gold_gain":0,"player_choice":"Fought Bandits","damage_taken":0,"max_hp_gain":0,"max_hp_loss":0,"event_name":"Masked Bandits","floor":20,"gold_loss":0},{"damage_healed":0,"gold_gain":0,"player_choice":"Fight","damage_taken":0,"max_hp_gain":0,"max_hp_loss":0,"event_name":"Colosseum","floor":24,"gold_loss":0},{"damage_healed":0,"gold_gain":0,"player_choice":"Fought Nobs","damage_taken":0,"max_hp_gain":0,"max_hp_loss":0,"event_name":"Colosseum","floor":24,"gold_loss":0},{"cards_removed":["Strike_B"],"damage_healed":0,"gold_gain":0,"player_choice":"Took Card","damage_taken":0,"max_hp_gain":0,"max_hp_loss":0,"event_name":"NoteForYourself","floor":27,"gold_loss":0,"cards_obtained":["Strike_G"]},{"damage_healed":0,"gold_gain":0,"player_choice":"Upgraded","damage_taken":0,"max_hp_gain":0,"max_hp_loss":0,"event_name":"Upgrade Shrine","floor":37,"gold_loss":0,"cards_upgraded":["Creative AI"]},{"damage_healed":0,"gold_gain":222,"player_choice":"Wore Mask","damage_taken":0,"max_hp_gain":0,"max_hp_loss":0,"event_name":"Tomb of Lord Red Mask","floor":45,"gold_loss":0}],"is_beta":false,"boss_relics":[{"not_picked":["Ectoplasm","Coffee Dripper"],"picked":"FrozenCore"},{"not_picked":["Runic Pyramid","Calling Bell"],"picked":"Busted Crown"}],"items_purged_floors":[14,31,36,46],"is_endless":false,"potions_floor_spawned":[1,3,4,8,16,19,22,24,30,33,35,41,47,48],"ascension_level":0}