{"gold_per_floor":[115,115,190,56,76,76,89,89,169,169,169,188,213,163,163,254,254,270,270,283,303,74,74],"floor_reached":23,"playtime":943,"items_purged":["Perfected Strike"],"score":299,"play_id":"b01d75a3-b50b-4e2a-8950-caa9d735b0f3","local_time":"20190126010519","is_ascension_mode":true,"campfire_choices":[{"data":"Armaments","floor":6,"key":"SMITH"},{"data":"Bash","floor":11,"key":"SMITH"},{"data":"Flex","floor":15,"key":"SMITH"}],"neow_cost":"TEN_PERCENT_HP_LOSS","seed_source_timestamp":144258703855800,"circlet_count":0,"master_deck":["AscendersBane","Strike_R","Defend_R","Defend_R","Defend_R","Defend_R","Bash+1","Battle Trance","Flash of Steel","Dropkick","Armaments+1","Flex+1","Reaper","RitualDagger","Iron Wave","Infernal Blade","Impervious"],"relics":["Burning Blood","Golden Idol","Self Forming Clay","Letter Opener","Sozu"],"potions_floor_usage":[],"damage_taken":[{"damage":0,"enemies":"Small Slimes","floor":1,"turns":3},{"damage":3,"enemies":"2 Louse","floor":5,"turns":2},{"damage":0,"enemies":"Jaw Worm","floor":7,"turns":4},{"damage":6,"enemies":"3 Louse","floor":12,"turns":4},{"damage":18,"enemies":"Large Slime","floor":13,"turns":6},{"damage":23,"enemies":"Hexaghost","floor":16,"turns":9},{"damage":20,"enemies":"2 Thieves","floor":18,"turns":5},{"damage":10,"enemies":"Shell Parasite","floor":20,"turns":6},{"damage":17,"enemies":"Centurion and Healer","floor":21,"turns":6},{"damage":54,"enemies":"Book of Stabbing","floor":23,"turns":6}],"seed_played":"2628490765931415228","potions_obtained":[{"floor":5,"key":"SteroidPotion"},{"floor":13,"key":"Energy Potion"}],"is_trial":false,"path_per_floor":["M","?","?","$","M","R","M","?","T","?","R","M","M","?","R","B",null,"M","?","M","M","$","E"],"character_chosen":"IRONCLAD","items_purchased":["Flash of Steel","Dropkick","Impervious"],"campfire_rested":0,"item_purchase_floors":[4,4,22],"current_hp_per_floor":[72,65,54,54,57,57,63,63,63,63,63,63,51,51,51,34,59,53,47,51,48,48,0],"gold":74,"neow_bonus":"TRANSFORM_TWO_CARDS","is_prod":false,"is_daily":false,"chose_seed":false,"campfire_upgraded":3,"win_rate":0,"timestamp":1548464719,"path_taken":["M","?","?","?","M","R","M","?","T","?","R","M","M","?","R","BOSS","M","?","M","M","$","E"],"build_version":"2019-01-23","purchased_purges":1,"victory":false,"max_hp_per_floor":[72,72,72,72,72,72,72,67,67,67,67,67,67,67,67,67,67,67,67,67,67,67,67],"card_choices":[{"not_picked":["Thunderclap","Entrench","Carnage"],"picked":"SKIP","floor":1},{"not_picked":["Sever Soul","True Grit"],"picked":"Armaments","floor":5},{"not_picked":["Clothesline","Clash","Perfected Strike"],"picked":"SKIP","floor":7},{"not_picked":["Whirlwind","Infernal Blade","Seeing Red"],"picked":"SKIP","floor":12},{"not_picked":["Cleave","Shrug It Off"],"picked":"Flex","floor":13},{"not_picked":["Berserk","Offering"],"picked":"Reaper","floor":16},{"not_picked":["Clothesline","Havoc","Headbutt"],"picked":"SKIP","floor":18},{"not_picked":["True Grit","Ghostly Armor"],"picked":"Iron Wave","floor":20},{"not_picked":["Cleave","Rupture"],"picked":"Infernal Blade","floor":21}],"player_experience":561461,"relics_obtained":[{"floor":9,"key":"Self Forming Clay"}],"event_choices":[{"cards_removed":["Strike_R"],"damage_healed":0,"gold_gain":0,"player_choice":"Card Removal","damage_taken":7,"max_hp_gain":0,"max_hp_loss":0,"event_name":"Golden Wing","floor":2,"gold_loss":0},{"damage_healed":0,"gold_gain":75,"player_choice":"Gather Gold","damage_taken":11,"max_hp_gain":0,"max_hp_loss":0,"event_name":"World of Goop","floor":3,"gold_loss":0},{"damage_healed":0,"gold_gain":0,"player_choice":"Lose Max HP","damage_taken":0,"relics_obtained":["Golden Idol"],"max_hp_gain":0,"max_hp_loss":5,"event_name":"Golden Idol","floor":8,"gold_loss":0},{"damage_healed":0,"gold_gain":0,"player_choice":"Searched \u00271\u0027 times","damage_taken":0,"relics_obtained":["Letter Opener"],"max_hp_gain":0,"max_hp_loss":0,"event_name":"Dead Adventurer","floor":10,"gold_loss":0},{"damage_healed":0,"gold_gain":0,"player_choice":"Searched \u00271\u0027 times","damage_taken":0,"relics_obtained":["Letter Opener"],"max_hp_gain":0,"max_hp_loss":0,"event_name":"Dead Adventurer","floor":10,"gold_loss":0},{"cards_removed":["Strike_R"],"damage_healed":0,"gold_gain":0,"player_choice":"Card Removal","damage_taken":0,"max_hp_gain":0,"max_hp_loss":0,"event_name":"The Cleric","floor":14,"gold_loss":50},{"damage_healed":0,"gold_gain":0,"player_choice":"Joined the Cult","damage_taken":6,"max_hp_gain":0,"max_hp_loss":0,"event_name":"Nest","floor":19,"gold_loss":0,"cards_obtained":["RitualDagger"]}],"is_beta":false,"boss_relics":[{"not_picked":["Astrolabe","Velvet Choker"],"picked":"Sozu"}],"items_purged_floors":[22],"is_endless":false,"potions_floor_spawned":[5,13,16,21],"killed_by":"Book of Stabbing","ascension_level":13}