{"gold_per_floor":[367,78,28,46,46,46,46,46,46,106,106,25,57,74,74,169,169,182,29,47,2,15,50,50,50,73,83,173,173,186,58,58,156,156,170,188,188,188,203,203,214,248,318,329,329,342,58,70,70,70],"floor_reached":51,"playtime":3326,"items_purged":["Regret","Clumsy"],"score":1245,"play_id":"da6e9e91-5e1c-4945-bdd3-c4dabca76009","local_time":"20181027200854","is_ascension_mode":true,"campfire_choices":[{"data":"Neutralize","floor":6,"key":"SMITH"},{"data":"Defend_G","floor":8,"key":"SMITH"},{"floor":11,"key":"REST"},{"data":"Infinite Blades","floor":15,"key":"SMITH"},{"data":"Footwork","floor":24,"key":"SMITH"},{"floor":29,"key":"REST"},{"floor":32,"key":"REST"},{"data":"After Image","floor":40,"key":"SMITH"},{"floor":45,"key":"REST"},{"floor":49,"key":"REST"}],"neow_cost":"PERCENT_DAMAGE","seed_source_timestamp":14979778805113,"circlet_count":0,"master_deck":["Defend_G+1","Defend_G","Defend_G","Defend_G","Defend_G","Strike_G","Strike_G","Strike_G","Survivor","Neutralize+1","AscendersBane","Cloak And Dagger+1","Adrenaline","Infinite Blades+1","Bullet Time","Blade Dance","Acrobatics+1","Blade Dance","Footwork+1","Well Laid Plans","After Image+1","Corpse Explosion","Deadly Poison+1","Madness","Madness","Panache","Backstab","Dodge and Roll+1","Deflect+1","Footwork","Dash+1","Backflip+1","Finesse","Blur","Prepared+1"],"relics":["Ring of the Snake","Dead Branch","Smiling Mask","Tiny Chest","Bronze Scales","Cursed Key","Boot","Snake Skull","Oddly Smooth Stone","Black Star","Mango","Prayer Wheel","Blue Candle","Vajra"],"potions_floor_usage":[42],"damage_taken":[{"damage":3,"enemies":"2 Louse","floor":1,"turns":3},{"damage":2,"enemies":"Jaw Worm","floor":4,"turns":4},{"damage":14,"enemies":"3 Sentries","floor":10,"turns":5},{"damage":7,"enemies":"Gremlin Nob","floor":13,"turns":3},{"damage":0,"enemies":"Cultist","floor":14,"turns":3},{"damage":1,"enemies":"Hexaghost","floor":16,"turns":8},{"damage":3,"enemies":"Spheric Guardian","floor":18,"turns":3},{"damage":4,"enemies":"Shell Parasite","floor":20,"turns":4},{"damage":12,"enemies":"Sentry and Sphere","floor":22,"turns":4},{"damage":0,"enemies":"Gremlin Leader","floor":23,"turns":5},{"damage":7,"enemies":"Snake Plant","floor":27,"turns":3},{"damage":8,"enemies":"Cultist and Chosen","floor":30,"turns":5},{"damage":5,"enemies":"Automaton","floor":33,"turns":8},{"damage":0,"enemies":"Orb Walker","floor":35,"turns":4},{"damage":1,"enemies":"3 Shapes","floor":36,"turns":4},{"damage":14,"enemies":"Spire Growth","floor":39,"turns":5},{"damage":19,"enemies":"Jaw Worm Horde","floor":41,"turns":4},{"damage":0,"enemies":"Reptomancer","floor":42,"turns":4},{"damage":33,"enemies":"Sphere and 2 Shapes","floor":44,"turns":5},{"damage":1,"enemies":"4 Shapes","floor":46,"turns":3},{"damage":0,"enemies":"3 Darklings","floor":48,"turns":3},{"damage":18,"enemies":"Donu and Deca","floor":50,"turns":8}],"seed_played":"8062120410759154318","potions_obtained":[{"floor":1,"key":"Swift Potion"},{"floor":10,"key":"Energy Potion"},{"floor":23,"key":"GhostInAJar"},{"floor":42,"key":"GamblersBrew"}],"is_trial":false,"path_per_floor":["M","$","?","M","?","R","?","R","T","E","R","$","E","M","R","B",null,"M","$","M","$","M","E","R","$","T","M","?","R","M","$","R","B",null,"M","M","?","?","M","R","M","E","T","M","R","M","$","M","R","B"],"character_chosen":"THE_SILENT","items_purchased":["Dead Branch","Infinite Blades","Boot","Blade Dance","After Image","Vajra","Finesse"],"campfire_rested":5,"item_purchase_floors":[2,12,19,21,31,47,47],"current_hp_per_floor":[42,42,42,40,40,40,40,40,40,26,47,47,40,40,40,39,62,59,59,55,55,43,43,43,43,43,36,22,43,35,35,56,51,65,65,64,55,55,41,41,22,36,36,3,28,27,27,27,52,34],"gold":70,"neow_bonus":"TWO_FIFTY_GOLD","is_prod":false,"is_daily":false,"chose_seed":false,"campfire_upgraded":5,"win_rate":0,"timestamp":1540667334,"path_taken":["M","$","?","?","?","R","?","R","T","E","R","?","E","M","R","BOSS","M","$","M","?","?","E","R","?","T","M","?","R","M","$","R","BOSS","M","M","?","?","?","R","M","E","T","M","R","M","$","M","R","BOSS"],"build_version":"2018-10-25v2","purchased_purges":2,"victory":true,"max_hp_per_floor":[70,70,70,70,70,70,70,70,70,70,70,70,70,70,70,70,70,70,70,70,70,70,70,70,70,70,70,70,70,70,70,70,70,70,70,70,70,70,70,70,70,84,84,84,84,84,84,84,84,84],"card_choices":[{"not_picked":["Setup","Prepared"],"picked":"Cloak And Dagger","floor":1},{"not_picked":["Deadly Poison","Deflect","Acrobatics"],"picked":"SKIP","floor":4},{"not_picked":["Choke","Tools of the Trade"],"picked":"Adrenaline","floor":10},{"not_picked":["Poisoned Stab","Sucker Punch","Quick Slash"],"picked":"SKIP","floor":13},{"not_picked":["Flechettes","Poisoned Stab","Caltrops"],"picked":"SKIP","floor":14},{"not_picked":["Burst","Envenom"],"picked":"Bullet Time","floor":16},{"not_picked":["Bane","Eviscerate"],"picked":"Blade Dance","floor":18},{"not_picked":["PiercingWail+1","Bane"],"picked":"Acrobatics+1","floor":20},{"not_picked":["Terror","Blade Dance"],"picked":"Footwork","floor":22},{"not_picked":["Endless Agony","Dagger Spray+1","Flechettes"],"picked":"SKIP","floor":23},{"not_picked":["Dash+1","Sucker Punch+1"],"picked":"Well Laid Plans","floor":27},{"not_picked":["All Out Attack","Flechettes","Acrobatics"],"picked":"SKIP","floor":30},{"not_picked":["Grand Finale","Storm of Steel"],"picked":"Corpse Explosion","floor":33},{"not_picked":["Dodge and Roll","Setup+1","Underhanded Strike+1"],"picked":"SKIP","floor":35},{"not_picked":["Prepared","Setup+1"],"picked":"Deadly Poison+1","floor":36},{"not_picked":["Magnetism","Mind Blast"],"picked":"Panache","floor":38},{"not_picked":["Flying Knee","Outmaneuver","Bane"],"picked":"SKIP","floor":39},{"not_picked":["Crippling Poison","Acrobatics"],"picked":"Backstab","floor":41},{"not_picked":["Blade Dance","Masterful Stab"],"picked":"Dodge and Roll+1","floor":42},{"not_picked":["Deadly Poison","Infinite Blades"],"picked":"Deflect+1","floor":44},{"not_picked":["All Out Attack+1","Dagger Spray+1"],"picked":"Footwork","floor":44},{"not_picked":["Quick Slash","PiercingWail"],"picked":"Dash+1","floor":46},{"not_picked":["Escape Plan","Poisoned Stab"],"picked":"Backflip+1","floor":46},{"not_picked":["Well Laid Plans+1","Finisher+1"],"picked":"Blur","floor":48},{"not_picked":["Flying Knee+1","Dodge and Roll+1"],"picked":"Prepared+1","floor":48}],"player_experience":477211,"relics_obtained":[{"floor":9,"key":"Smiling Mask"},{"floor":10,"key":"Tiny Chest"},{"floor":13,"key":"Bronze Scales"},{"floor":23,"key":"Snake Skull"},{"floor":26,"key":"Oddly Smooth Stone"},{"floor":42,"key":"Mango"},{"floor":42,"key":"Prayer Wheel"},{"floor":43,"key":"Blue Candle"}],"event_choices":[{"cards_removed":["Strike_G"],"damage_healed":0,"gold_gain":0,"player_choice":"Card Removal","damage_taken":0,"max_hp_gain":0,"max_hp_loss":0,"event_name":"The Cleric","floor":3,"gold_loss":50},{"cards_removed":["Strike_G"],"damage_healed":0,"gold_gain":0,"player_choice":"Offered Basic","damage_taken":0,"max_hp_gain":0,"max_hp_loss":0,"event_name":"Bonfire Elementals","floor":5,"gold_loss":0},{"damage_healed":0,"gold_gain":0,"player_choice":"Forge","damage_taken":0,"max_hp_gain":0,"max_hp_loss":0,"event_name":"Accursed Blacksmith","floor":7,"gold_loss":0,"cards_upgraded":["Cloak And Dagger"]},{"damage_healed":0,"gold_gain":90,"player_choice":"GOLD ","damage_taken":14,"max_hp_gain":0,"max_hp_loss":0,"event_name":"Knowing Skull","floor":28,"potions_obtained":[],"gold_loss":0,"cards_obtained":[]},{"damage_healed":0,"gold_gain":0,"player_choice":"Embrace Madness","damage_taken":9,"max_hp_gain":0,"max_hp_loss":0,"event_name":"Winding Halls","floor":37,"gold_loss":0,"cards_obtained":["Madness","Madness"]},{"damage_healed":0,"gold_gain":0,"player_choice":"Memory 1","damage_taken":0,"max_hp_gain":0,"max_hp_loss":0,"event_name":"SensoryStone","floor":38,"gold_loss":0}],"is_beta":false,"boss_relics":[{"not_picked":["Fusion Hammer","Eternal Feather"],"picked":"Cursed Key"},{"not_picked":["Orrery","Astrolabe"],"picked":"Black Star"}],"items_purged_floors":[31,47],"is_endless":false,"potions_floor_spawned":[1,10,18,22,23,33,39,41,42,48],"ascension_level":11}