{"gold_per_floor":[114,114,114,133,133,133,12,52,52,52,72,96,96,96,96,96],"floor_reached":16,"playtime":811,"items_purged":["Injury"],"score":118,"play_id":"5297ea5b-cd6b-4867-970d-6a2ea915c1d0","local_time":"20180829002736","is_ascension_mode":true,"campfire_choices":[{"data":"Metallicize","floor":6,"key":"SMITH"},{"data":"Bash","floor":10,"key":"SMITH"},{"data":"Feed","floor":13,"key":"SMITH"},{"floor":15,"key":"REST"}],"neow_cost":"NONE","seed_source_timestamp":619270317621442,"circlet_count":0,"master_deck":["Strike_R","Strike_R","Strike_R","Defend_R","Defend_R","Defend_R","Defend_R","Bash+1","Havoc","Metallicize+1","Shrug It Off","Feed+1","Dropkick"],"relics":["Burning Blood","Regal Pillow","Golden Idol","Ornamental Fan","Charon\u0027s Ashes","Toxic Egg 2"],"potions_floor_usage":[8],"damage_taken":[{"damage":6,"enemies":"2 Louse","floor":1,"turns":3},{"damage":9,"enemies":"Small Slimes","floor":4,"turns":6},{"damage":27,"enemies":"3 Sentries","floor":8,"turns":14},{"damage":2,"enemies":"Cultist","floor":11,"turns":4},{"damage":6,"enemies":"Looter","floor":12,"turns":4},{"damage":85,"enemies":"Hexaghost","floor":16,"turns":14}],"seed_played":"8346410822095081699","potions_obtained":[{"floor":4,"key":"Explosive Potion"},{"floor":11,"key":"SmokeBomb"}],"is_trial":false,"path_per_floor":["M","?","?","M","?","R","$","E","T","R","M","M","R","T","R"],"character_chosen":"IRONCLAD","items_purchased":["Shrug It Off"],"campfire_rested":1,"item_purchase_floors":[7],"current_hp_per_floor":[80,73,66,63,63,63,63,42,42,42,46,49,49,49,83,0],"gold":96,"neow_bonus":"TRANSFORM_CARD","is_prod":false,"is_daily":false,"chose_seed":false,"campfire_upgraded":3,"win_rate":0,"timestamp":1535498856,"path_taken":["M","?","?","M","?","R","$","E","T","R","M","?","R","?","R","BOSS"],"build_version":"2018-08-23v2","purchased_purges":1,"victory":false,"max_hp_per_floor":[80,80,80,80,80,80,80,80,80,80,80,83,83,83,83,83],"card_choices":[{"not_picked":["Shrug It Off","Carnage"],"picked":"Metallicize","floor":1},{"not_picked":["Thunderclap","Havoc","Wild Strike"],"picked":"SKIP","floor":4},{"not_picked":["True Grit","Warcry","Headbutt"],"picked":"SKIP","floor":8},{"not_picked":["Headbutt","Cleave"],"picked":"Feed","floor":11},{"not_picked":["Anger","Warcry"],"picked":"Dropkick","floor":12}],"player_experience":274982,"relics_obtained":[{"floor":8,"key":"Ornamental Fan"},{"floor":9,"key":"Charon\u0027s Ashes"},{"floor":14,"key":"Toxic Egg 2"}],"event_choices":[{"event_name":"Golden Wing","player_choice":"Card Removal","floor":2,"damage_taken":0},{"event_name":"Scrap Ooze","player_choice":"success","floor":3,"damage_taken":7},{"event_name":"Golden Idol","player_choice":"Take Wound","floor":5,"damage_taken":0}],"is_beta":false,"boss_relics":[],"items_purged_floors":[7],"is_endless":false,"potions_floor_spawned":[4,11],"killed_by":"Hexaghost","ascension_level":4}