{"gold_per_floor":[112,112,112,30,53,88,88,8,8,8,43,57,57,82,82,178,178,194,194,1,1,20,20,33,33,33,73,94,110,133,148,148,247,247,268,99,224,224],"floor_reached":38,"playtime":2701,"items_purged":["Strike_G","Strike_G"],"score":687,"play_id":"520b6f2e-ec0c-4cd8-85cd-74d459cdcabc","local_time":"20190129225925","is_ascension_mode":true,"campfire_choices":[{"floor":7.0,"key":"REST"},{"floor":10.0,"key":"REST"},{"data":"Well Laid Plans","floor":15.0,"key":"SMITH"},{"data":"Footwork","floor":23,"key":"SMITH"},{"floor":25,"key":"REST"},{"floor":32,"key":"REST"}],"neow_cost":"NONE","seed_source_timestamp":0,"circlet_count":0,"master_deck":["AscendersBane","Defend_G","Defend_G","Defend_G","Defend_G","Strike_G+1","Strike_G","Survivor","Neutralize+1","Infinite Blades","Dramatic Entrance+1","Escape Plan","Flying Knee","Well Laid Plans+1","Cloak And Dagger","A Thousand Cuts","Footwork+1","RitualDagger","Leg Sweep","Footwork","Heel Hook","Dodge and Roll","Terror","Endless Agony","Noxious Fumes","Envenom","Accuracy","Blur"],"special_seed":0,"relics":["Ring of the Serpent","Bronze Scales","Golden Idol","Singing Bowl","Whetstone","Strawberry","Ninja Scroll","Bag of Marbles","FossilizedHelix"],"potions_floor_usage":[24,30,31,33,37],"damage_taken":[{"damage":0.0,"enemies":"2 Louse","floor":1.0,"turns":2.0},{"damage":1.0,"enemies":"Jaw Worm","floor":5.0,"turns":4.0},{"damage":65.0,"enemies":"Lagavulin","floor":6.0,"turns":15.0},{"damage":17.0,"enemies":"3 Sentries","floor":11.0,"turns":8.0},{"damage":0.0,"enemies":"Small Slimes","floor":12.0,"turns":3.0},{"damage":0.0,"enemies":"Gremlin Gang","floor":14.0,"turns":3.0},{"damage":12,"enemies":"The Guardian","floor":16,"turns":15},{"damage":19,"enemies":"Spheric Guardian","floor":18,"turns":5},{"damage":5,"enemies":"3 Byrds","floor":22,"turns":3},{"damage":2,"enemies":"Cultist and Chosen","floor":24,"turns":8},{"damage":19,"enemies":"Gremlin Leader","floor":27,"turns":8},{"damage":13,"enemies":"Snake Plant","floor":28,"turns":5},{"damage":11,"enemies":"Shelled Parasite and Fungi","floor":29,"turns":6},{"damage":0,"enemies":"Centurion and Healer","floor":30,"turns":5},{"damage":6,"enemies":"Sentry and Sphere","floor":31,"turns":7},{"damage":2,"enemies":"Automaton","floor":33,"turns":15},{"damage":11,"enemies":"3 Shapes","floor":35,"turns":8},{"damage":16,"enemies":"Mind Bloom Boss Battle","floor":37,"turns":8},{"damage":43,"enemies":"2 Orb Walkers","floor":38,"turns":3}],"seed_played":"6696972617174401234","potions_obtained":[{"floor":1.0,"key":"Swift Potion"},{"floor":5.0,"key":"Regen Potion"},{"floor":12.0,"key":"FearPotion"},{"floor":18,"key":"Ancient Potion"},{"floor":22,"key":"Fire Potion"},{"floor":24,"key":"PowerPotion"},{"floor":30,"key":"GhostInAJar"},{"floor":33,"key":"EssenceOfSteel"}],"is_trial":false,"path_per_floor":["M","?","?","$","M","E","R","$","T","R","E","M","?","M","R","B",null,"M","?","$","?","M","R","M","R","T","E","M","M","M","M","R","B",null,"M","$","?","?"],"character_chosen":"THE_SILENT","items_purchased":["Dramatic Entrance","Well Laid Plans","Leg Sweep","Footwork","Accuracy"],"campfire_rested":4,"item_purchase_floors":[4,8,20,20,36],"current_hp_per_floor":[59,59,52,52,51,1,19,19,19,37,29,29,29,31,31,19,59,40,34,34,34,29,29,27,48,48,29,16,5,7,3,25,23,63,54,54,38,0],"gold":224,"neow_bonus":"RANDOM_COMMON_RELIC","is_prod":false,"is_daily":false,"chose_seed":false,"campfire_upgraded":2,"win_rate":0,"timestamp":1548802765,"path_taken":["M","?","?","$","M","E","R","$","T","R","E","M","?","M","R","BOSS","M","?","$","?","M","R","?","R","T","E","M","?","M","M","R","BOSS","M","$","?","?"],"build_version":"2019-01-23","purchased_purges":2,"victory":false,"max_hp_per_floor":[66,61,61,61,61,61,61,61,61,61,70,70,70,72,72,72,72,72,72,72,72,72,72,72,72,72,72,72,72,74,76,76,76,76,78,78,78,78],"card_choices":[{"not_picked":["Outmaneuver","Dodge and Roll"],"picked":"Infinite Blades","floor":1.0},{"not_picked":["Prepared","Tactician"],"picked":"Escape Plan","floor":5.0},{"not_picked":["Blade Dance","Acrobatics"],"picked":"Flying Knee","floor":6.0},{"not_picked":["Dagger Spray","Bane","Eviscerate"],"picked":"Singing Bowl","floor":11.0},{"not_picked":["Flying Knee","Blade Dance"],"picked":"Cloak And Dagger","floor":12.0},{"not_picked":["Concentrate","Night Terror","Deflect"],"picked":"Singing Bowl","floor":14.0},{"not_picked":["Unload","Tools of the Trade"],"picked":"A Thousand Cuts","floor":16},{"not_picked":["Deflect","Infinite Blades"],"picked":"Footwork","floor":18},{"not_picked":["Acrobatics","Setup"],"picked":"Heel Hook","floor":22},{"not_picked":["Acrobatics","Backflip"],"picked":"Dodge and Roll","floor":24},{"not_picked":["All Out Attack","Cloak And Dagger"],"picked":"Terror","floor":27},{"not_picked":["Catalyst","Dagger Throw"],"picked":"Endless Agony","floor":28},{"not_picked":["All Out Attack","PiercingWail"],"picked":"Noxious Fumes","floor":29},{"not_picked":["Prepared","Backflip","Outmaneuver"],"picked":"Singing Bowl","floor":30},{"not_picked":["Underhanded Strike","Calculated Gamble","Tactician"],"picked":"Singing Bowl","floor":31},{"not_picked":["Die Die Die","Glass Knife"],"picked":"Envenom","floor":33},{"not_picked":["Deflect+1","Poisoned Stab+1","Underhanded Strike"],"picked":"Singing Bowl","floor":35},{"not_picked":["Bane","Predator"],"picked":"Blur","floor":37}],"player_experience":564634,"relics_obtained":[{"floor":6.0,"key":"Singing Bowl"},{"floor":9.0,"key":"Whetstone"},{"floor":11.0,"key":"Strawberry"},{"floor":26,"key":"Ninja Scroll"},{"floor":27,"key":"Bag of Marbles"},{"floor":37,"key":"FossilizedHelix"}],"event_choices":[{"damage_healed":0.0,"max_hp_gain":0.0,"max_hp_loss":5.0,"gold_gain":0.0,"event_name":"Golden Idol","player_choice":"Lose Max HP","floor":2.0,"gold_loss":0.0,"damage_taken":0.0,"relics_obtained":["Golden Idol"]},{"cards_removed":["Strike_G"],"damage_healed":0.0,"max_hp_gain":0.0,"max_hp_loss":0.0,"gold_gain":0.0,"event_name":"Golden Wing","player_choice":"Card Removal","floor":3.0,"gold_loss":0.0,"damage_taken":7.0},{"damage_healed":0.0,"max_hp_gain":0.0,"max_hp_loss":0.0,"gold_gain":0.0,"event_name":"Living Wall","player_choice":"Grow","floor":13.0,"gold_loss":0.0,"damage_taken":0.0,"cards_upgraded":["Neutralize"]},{"damage_healed":0,"gold_gain":0,"player_choice":"Joined the Cult","damage_taken":6,"max_hp_gain":0,"max_hp_loss":0,"event_name":"Nest","floor":19,"gold_loss":0,"cards_obtained":["RitualDagger"]},{"cards_removed":["Defend_G"],"damage_healed":0,"gold_gain":0,"player_choice":"Offered Basic","damage_taken":0,"max_hp_gain":0,"max_hp_loss":0,"event_name":"Bonfire Elementals","floor":21,"gold_loss":0},{"damage_healed":0,"gold_gain":0,"player_choice":"Fight","damage_taken":0,"max_hp_gain":0,"max_hp_loss":0,"event_name":"MindBloom","floor":37,"gold_loss":0},{"damage_healed":0,"gold_gain":0,"player_choice":"Fight","damage_taken":0,"max_hp_gain":0,"max_hp_loss":0,"event_name":"Mysterious Sphere","floor":38,"gold_loss":0}],"is_beta":false,"boss_relics":[{"not_picked":["Eternal Feather","Black Star"],"picked":"Ring of the Serpent"},{"not_picked":["Velvet Choker","Runic Dome","Snecko Eye"]}],"items_purged_floors":[20,36],"is_endless":false,"potions_floor_spawned":[1,5,12,18,22,24,30,33],"killed_by":"2 Orb Walkers","ascension_level":14}