{"gold_per_floor":[118,134,149,99,115,115,145,170,170,170,194,194,219,64,64,169,169,185,256,272,73,84,84,109,109,109,121,121,121,149,168,168,263,263,275,287,287,287,25,25,25,51,78,92,92,108,135,153,153,153],"floor_reached":50,"playtime":1984,"items_purged":["Regret","Strike_R"],"score":671,"play_id":"9106679a-72c7-4493-9d97-8978053783ab","local_time":"20180829231023","is_ascension_mode":true,"campfire_choices":[{"data":"Armaments","floor":6,"key":"SMITH"},{"data":"Bash","floor":12,"key":"SMITH"},{"data":"Anger","floor":15,"key":"SMITH"},{"data":"Searing Blow+1","floor":23,"key":"SMITH"},{"data":"Defend_R","floor":25,"key":"SMITH"},{"data":"Defend_R","floor":28,"key":"SMITH"},{"data":"Double Tap","floor":32,"key":"SMITH"},{"data":"Armaments","floor":40,"key":"SMITH"},{"data":"Disarm","floor":45,"key":"SMITH"},{"data":"Defend_R","floor":49,"key":"SMITH"}],"neow_cost":"TEN_PERCENT_HP_LOSS","seed_source_timestamp":699863716123494,"circlet_count":0,"master_deck":["Defend_R+1","Defend_R+1","Defend_R+1","Defend_R","Bash+1","Anger+1","Armaments+1","Dropkick","Searing Blow+2","Feed+1","Thunderclap+1","Dropkick+1","Flex+1","Double Tap+1","Disarm+1","Iron Wave+1","Immolate+1","Armaments+1","Shrug It Off+1","Thunderclap+1"],"relics":["Burning Blood","Tiny Chest","Vajra","Paper Frog","Orichalcum","Potion Belt","Molten Egg 2","Mark of Pain","Bottled Flame","Medical Kit","Self Forming Clay","Meat on the Bone","Bag of Preparation","Coffee Dripper","Smiling Mask","Centennial Puzzle","Oddly Smooth Stone","Happy Flower","Magic Flower"],"potions_floor_usage":[18,33,33,44,50,50,50,50,50],"damage_taken":[{"damage":7,"enemies":"Small Slimes","floor":1,"turns":4},{"damage":3,"enemies":"Jaw Worm","floor":2,"turns":4},{"damage":1,"enemies":"Cultist","floor":3,"turns":3},{"damage":6,"enemies":"Looter","floor":5,"turns":4},{"damage":10,"enemies":"Gremlin Nob","floor":13,"turns":3},{"damage":32,"enemies":"Hexaghost","floor":16,"turns":9},{"damage":6,"enemies":"Spheric Guardian","floor":18,"turns":3},{"damage":5,"enemies":"2 Thieves","floor":20,"turns":3},{"damage":18,"enemies":"Centurion and Healer","floor":22,"turns":4},{"damage":17,"enemies":"Slavers","floor":24,"turns":4},{"damage":14,"enemies":"Snecko","floor":27,"turns":5},{"damage":11,"enemies":"Book of Stabbing","floor":30,"turns":3},{"damage":2,"enemies":"3 Cultists","floor":31,"turns":5},{"damage":51,"enemies":"Automaton","floor":33,"turns":10},{"damage":2,"enemies":"3 Shapes","floor":35,"turns":2},{"damage":0,"enemies":"Flame Bruiser 1 Orb","floor":36,"turns":3},{"damage":47,"enemies":"Nemesis","floor":42,"turns":5},{"damage":0,"enemies":"4 Shapes","floor":44,"turns":1},{"damage":13,"enemies":"Flame Bruiser 2 Orb","floor":46,"turns":7},{"damage":7,"enemies":"2 Orb Walkers","floor":47,"turns":3},{"damage":0,"enemies":"Spire Growth","floor":48,"turns":2},{"damage":75,"enemies":"Donu and Deca","floor":50,"turns":7}],"seed_played":"-5086988462397473694","potions_obtained":[{"floor":1,"key":"Fire Potion"},{"floor":3,"key":"SpeedPotion"},{"floor":13,"key":"SkillPotion"},{"floor":20,"key":"Explosive Potion"},{"floor":30,"key":"Weak Potion"},{"floor":31,"key":"Fire Potion"},{"floor":42,"key":"Explosive Potion"},{"floor":44,"key":"Fruit Juice"},{"floor":46,"key":"PowerPotion"}],"is_trial":false,"path_per_floor":["M","M","M","?","M","R","?","T","T","?","T","R","E","$","R","B",null,"M","T","M","$","M","R","E","R","T","M","R","?","E","M","R","B",null,"M","M","T","?","$","R","?","E","T","M","R","M","E","M","R"],"character_chosen":"IRONCLAD","items_purchased":["Searing Blow+1","Medical Kit","Inflame","Centennial Puzzle"],"campfire_rested":0,"item_purchase_floors":[14,21,39,39],"current_hp_per_floor":[71,72,72,72,72,72,72,72,72,69,69,69,65,65,65,39,72,72,72,76,76,68,68,57,57,57,53,53,53,60,68,68,35,88,92,96,96,96,96,96,96,55,55,66,66,63,62,71,71,0],"gold":153,"neow_bonus":"REMOVE_TWO","is_prod":false,"is_daily":false,"chose_seed":false,"campfire_upgraded":10,"win_rate":0,"timestamp":1535580623,"path_taken":["M","M","M","?","M","R","?","?","T","?","?","R","E","$","R","BOSS","M","?","M","$","M","R","E","R","T","M","R","?","E","?","R","BOSS","M","M","?","?","$","R","?","E","T","M","R","?","E","M","R","BOSS"],"build_version":"2018-08-23v2","purchased_purges":2,"victory":false,"max_hp_per_floor":[72,72,72,72,72,72,72,72,72,72,72,72,72,72,72,72,72,72,72,76,76,80,80,80,80,80,84,84,84,84,88,88,88,88,92,96,96,96,96,96,96,96,96,101,101,105,105,105,105,105],"card_choices":[{"not_picked":["Feel No Pain","Reckless Charge"],"picked":"Anger","floor":1},{"not_picked":["Shrug It Off","Seeing Red"],"picked":"Armaments","floor":2},{"not_picked":["Intimidate","Sword Boomerang"],"picked":"Dropkick","floor":3},{"not_picked":["Disarm","True Grit","Reckless Charge"],"picked":"SKIP","floor":5},{"not_picked":["Havoc","Pummel","Sword Boomerang"],"picked":"SKIP","floor":13},{"not_picked":["Berserk","Double Tap"],"picked":"Feed+1","floor":16},{"not_picked":["Clothesline+1","Twin Strike+1"],"picked":"Thunderclap+1","floor":18},{"not_picked":["Rage","Entrench"],"picked":"Searing Blow+1","floor":20},{"not_picked":["Cleave+1","Perfected Strike+1","True Grit"],"picked":"SKIP","floor":22},{"not_picked":["Twin Strike+1","Spot Weakness"],"picked":"Dropkick+1","floor":24},{"not_picked":["Infernal Blade","Blood for Blood+1"],"picked":"Flex+1","floor":27},{"not_picked":["Pummel+1","Thunderclap+1"],"picked":"Disarm","floor":30},{"not_picked":["Body Slam+1","Carnage+1"],"picked":"Iron Wave+1","floor":31},{"not_picked":["Fiend Fire+1","Juggernaut"],"picked":"Immolate+1","floor":33},{"not_picked":["Carnage+1","Ghostly Armor","Rupture"],"picked":"SKIP","floor":35},{"not_picked":["Hemokinesis+1","Wild Strike+1"],"picked":"Armaments","floor":36},{"not_picked":["Feel No Pain+1","Evolve"],"picked":"Shrug It Off+1","floor":42},{"not_picked":["Rampage+1","Pommel Strike+1"],"picked":"Thunderclap+1","floor":44},{"not_picked":["Second Wind","Thunderclap+1","Heavy Blade+1"],"picked":"SKIP","floor":46},{"not_picked":["Sword Boomerang+1","Rampage+1","Exhume"],"picked":"SKIP","floor":47},{"not_picked":["Blood for Blood+1","Power Through","Pommel Strike+1"],"picked":"SKIP","floor":48}],"player_experience":278483,"relics_obtained":[{"floor":8,"key":"Vajra"},{"floor":9,"key":"Paper Frog"},{"floor":11,"key":"Potion Belt"},{"floor":13,"key":"Molten Egg 2"},{"floor":19,"key":"Bottled Flame"},{"floor":24,"key":"Self Forming Clay"},{"floor":26,"key":"Meat on the Bone"},{"floor":30,"key":"Bag of Preparation"},{"floor":37,"key":"Smiling Mask"},{"floor":42,"key":"Oddly Smooth Stone"},{"floor":43,"key":"Happy Flower"},{"floor":47,"key":"Magic Flower"}],"event_choices":[{"event_name":"The Cleric","player_choice":"Card Removal","floor":4,"damage_taken":0},{"event_name":"Big Fish","player_choice":"Box","floor":7,"damage_taken":0},{"event_name":"Scrap Ooze","player_choice":"success","floor":10,"damage_taken":3},{"event_name":"Transmorgrifier","player_choice":"Transform","floor":29,"damage_taken":0},{"event_name":"Purifier","player_choice":"One Purge","floor":38,"damage_taken":0},{"event_name":"Falling","player_choice":"Removed Power","floor":41,"damage_taken":0}],"is_beta":false,"boss_relics":[{"not_picked":["Runic Pyramid","Astrolabe"],"picked":"Mark of Pain"},{"not_picked":["Snecko Eye","Eternal Feather"],"picked":"Coffee Dripper"}],"items_purged_floors":[14,39],"is_endless":false,"potions_floor_spawned":[1,3,13,20,30,31,42,44,46,48],"killed_by":"Donu and Deca","ascension_level":4}