{"gold_per_floor":[117,267,267,283,295,295,330,330,353,353,123,123,142,154,154,229,229,247,25,25,36,46,46,76,76,101,101,118,33,33,66,66,145,145,156,169,169,169,182,211,161,161,184,26,37,37,37,49,49,49],"floor_reached":50,"playtime":2859,"items_purged":["Doubt"],"score":914,"play_id":"f4d89b1e-d97d-4cc1-9c6c-f93b3aae8639","local_time":"20190323175448","is_ascension_mode":true,"campfire_choices":[{"data":"Self Repair","floor":6,"key":"SMITH"},{"data":"Zap","floor":8,"key":"SMITH"},{"floor":10,"key":"REST"},{"data":"Loop","floor":12,"key":"SMITH"},{"data":"Defragment","floor":15,"key":"SMITH"},{"data":"Buffer","floor":23,"key":"SMITH"},{"floor":27,"key":"RECALL"},{"data":"Force Field","floor":30,"key":"SMITH"},{"data":"Coolheaded","floor":32,"key":"SMITH"},{"data":"Fission","floor":42,"key":"SMITH"},{"data":"Chaos","floor":47,"key":"SMITH"},{"data":"Defragment","floor":49,"key":"SMITH"}],"neow_cost":"NONE","seed_source_timestamp":249502442650100,"circlet_count":0,"master_deck":["AscendersBane","Strike_B","Strike_B+1","Strike_B+1","Defend_B","Defend_B","Defend_B","Defend_B","Zap+1","Dualcast+1","Sweeping Beam+1","Self Repair+1","Leap","Loop+1","Tempest","Coolheaded+1","Defragment+1","Buffer+1","Coolheaded+1","Cold Snap","Force Field+1","Electrodynamics","Redo+1","Fission+1","Chaos+1","Dark Shackles","Go for the Eyes+1","Chaos","FTL+1","Madness","Madness","Defragment+1"],"relics":["FrozenCore","Boot","Vajra","Philosopher\u0027s Stone","Chemical X","Whetstone","Juzu Bracelet","Molten Egg 2","Blood Vial","Ice Cream","Lantern"],"potions_floor_usage":[7,14,24,33,33,50],"damage_taken":[{"damage":0,"enemies":"Small Slimes","floor":1,"turns":2},{"damage":0,"enemies":"Cultist","floor":4,"turns":3},{"damage":6,"enemies":"Jaw Worm","floor":5,"turns":4},{"damage":37,"enemies":"3 Sentries","floor":7,"turns":8},{"damage":3,"enemies":"Lots of Slimes","floor":13,"turns":2},{"damage":24,"enemies":"Gremlin Gang","floor":14,"turns":4},{"damage":21,"enemies":"Hexaghost","floor":16,"turns":13},{"damage":14,"enemies":"Spheric Guardian","floor":18,"turns":4},{"damage":24,"enemies":"2 Thieves","floor":21,"turns":4},{"damage":0,"enemies":"Snecko","floor":22,"turns":4},{"damage":20,"enemies":"Book of Stabbing","floor":24,"turns":6},{"damage":0,"enemies":"Cultist and Chosen","floor":28,"turns":4},{"damage":14,"enemies":"Gremlin Leader","floor":31,"turns":5},{"damage":37,"enemies":"Collector","floor":33,"turns":15},{"damage":11,"enemies":"3 Darklings","floor":35,"turns":4},{"damage":2,"enemies":"Orb Walker","floor":36,"turns":5},{"damage":3,"enemies":"4 Shapes","floor":39,"turns":5},{"damage":23,"enemies":"Nemesis","floor":40,"turns":15},{"damage":2,"enemies":"Transient","floor":45,"turns":5},{"damage":23,"enemies":"3 Darklings","floor":48,"turns":4},{"damage":65,"enemies":"Donu and Deca","floor":50,"turns":8}],"seed_played":"5846977345104266714","potions_obtained":[{"floor":1,"key":"SpeedPotion"},{"floor":5,"key":"Dexterity Potion"},{"floor":7,"key":"PowerPotion"},{"floor":21,"key":"Ancient Potion"},{"floor":22,"key":"Weak Potion"},{"floor":24,"key":"FearPotion"},{"floor":40,"key":"Explosive Potion"}],"is_trial":false,"path_per_floor":["M","?","?","M","M","R","E","R","T","R","$","R","M","M","R","B",null,"M","$","?","M","M","R","E","$","T","R","M","?","R","E","R","B",null,"M","M","?","?","M","E","?","R","T","$","M","?","R","M","R","B"],"character_chosen":"DEFECT","items_purchased":["Loop","Tempest","Chemical X","Chaos","FTL+1"],"campfire_rested":1,"item_purchase_floors":[11,11,19,44,44],"current_hp_per_floor":[64,64,64,64,58,58,31,31,31,52,52,52,59,35,35,24,59,45,45,45,31,41,41,31,31,31,31,41,41,41,37,37,12,56,47,57,57,57,66,55,55,55,55,55,65,52,52,41,41,0],"gold":49,"neow_bonus":"RANDOM_COMMON_RELIC","is_prod":false,"is_daily":false,"chose_seed":false,"campfire_upgraded":10,"win_rate":0,"timestamp":1553363688,"path_taken":["M","?","?","?","M","R","E","R","T","R","$","R","M","?","R","BOSS","M","$","?","?","M","R","E","$","T","R","M","?","R","E","R","BOSS","M","M","?","?","M","E","?","R","T","$","M","?","R","M","R","BOSS"],"build_version":"2019-01-23","purchased_purges":1,"victory":false,"max_hp_per_floor":[71,71,71,71,71,71,71,71,71,71,71,71,71,71,71,71,71,71,71,71,71,71,71,71,71,71,71,71,71,71,71,71,71,71,71,71,71,71,71,71,71,71,71,71,71,71,71,71,71,71],"card_choices":[{"not_picked":["Storm","Skim"],"picked":"Sweeping Beam","floor":1},{"not_picked":["Gash","Reprogram","Darkness"],"picked":"SKIP","floor":4},{"not_picked":["Static Discharge","Streamline"],"picked":"Self Repair","floor":5},{"not_picked":["Doom and Gloom","Scrape"],"picked":"Leap","floor":7},{"not_picked":["Gash","Chill"],"picked":"Coolheaded","floor":13},{"not_picked":["Steam","BootSequence"],"picked":"Defragment","floor":14},{"not_picked":["Seek","Amplify"],"picked":"Buffer","floor":16},{"not_picked":["Barrage+1","Turbo"],"picked":"Coolheaded","floor":18},{"not_picked":["Auto Shields","Scrape"],"picked":"Cold Snap","floor":21},{"not_picked":["Stack","Consume"],"picked":"Force Field","floor":22},{"not_picked":["Streamline","Conserve Battery"],"picked":"Electrodynamics","floor":24},{"not_picked":["Gash","Hologram"],"picked":"Redo+1","floor":28},{"not_picked":["Gash+1","Barrage+1","Hyperbeam+1"],"picked":"SKIP","floor":31},{"not_picked":["Creative AI","Buffer"],"picked":"Fission","floor":33},{"not_picked":["Cold Snap+1","Sweeping Beam+1","Compile Driver+1"],"picked":"SKIP","floor":35},{"not_picked":["Stack","Hologram"],"picked":"Chaos","floor":36},{"not_picked":["Dramatic Entrance+1","Blind"],"picked":"Dark Shackles","floor":37},{"not_picked":["Gash+1","Heatsinks","Aggregate"],"picked":"SKIP","floor":39},{"not_picked":["Barrage+1","Reprogram"],"picked":"Go for the Eyes+1","floor":40},{"not_picked":["Coolheaded","Steam+1","Gash+1"],"picked":"SKIP","floor":45},{"not_picked":["Hologram","Genetic Algorithm"],"picked":"Defragment","floor":48}],"player_experience":627786,"relics_obtained":[{"floor":7,"key":"Vajra"},{"floor":24,"key":"Whetstone"},{"floor":26,"key":"Juzu Bracelet"},{"floor":31,"key":"Blood Vial"},{"floor":40,"key":"Ice Cream"},{"floor":43,"key":"Lantern"}],"event_choices":[{"damage_healed":0,"gold_gain":150,"player_choice":"AGREE","damage_taken":0,"max_hp_gain":0,"max_hp_loss":0,"event_name":"Liars Game","floor":2,"gold_loss":0,"cards_obtained":["Doubt"]},{"damage_healed":0,"gold_gain":0,"player_choice":"Upgraded","damage_taken":0,"max_hp_gain":0,"max_hp_loss":0,"event_name":"Upgrade Shrine","floor":3,"gold_loss":0,"cards_upgraded":["Dualcast"]},{"cards_removed":["Strike_B"],"damage_healed":0,"gold_gain":0,"player_choice":"Purged","damage_taken":0,"max_hp_gain":0,"max_hp_loss":0,"event_name":"Purifier","floor":20,"gold_loss":0},{"damage_healed":0,"gold_gain":0,"player_choice":"Obtained Relic","damage_taken":0,"relics_obtained":["Molten Egg 2"],"max_hp_gain":0,"max_hp_loss":0,"event_name":"Addict","floor":29,"gold_loss":85},{"damage_healed":0,"gold_gain":0,"player_choice":"Memory 1","damage_taken":0,"max_hp_gain":0,"max_hp_loss":0,"event_name":"SensoryStone","floor":37,"gold_loss":0},{"damage_healed":0,"gold_gain":0,"player_choice":"Ignored","damage_taken":0,"max_hp_gain":0,"max_hp_loss":0,"event_name":"Tomb of Lord Red Mask","floor":38,"gold_loss":0},{"damage_healed":0,"gold_gain":0,"player_choice":"Upgraded Two","damage_taken":0,"max_hp_gain":0,"max_hp_loss":0,"event_name":"Designer","floor":41,"gold_loss":50,"cards_upgraded":["Coolheaded","Strike_B"]},{"damage_healed":0,"gold_gain":0,"player_choice":"Embrace Madness","damage_taken":13,"max_hp_gain":0,"max_hp_loss":0,"event_name":"Winding Halls","floor":46,"gold_loss":0,"cards_obtained":["Madness","Madness"]}],"is_beta":false,"boss_relics":[{"not_picked":["Fusion Hammer","Eternal Feather"],"picked":"Philosopher\u0027s Stone"},{"not_picked":["Tiny House","Empty Cage"],"picked":"FrozenCore"}],"items_purged_floors":[11],"is_endless":false,"potions_floor_spawned":[1,5,7,21,22,24,40],"killed_by":"Donu and Deca","ascension_level":16}