{"gold_per_floor":[119,119,131,143,171,183,211,223,235,247,272,294,306,336,348,457,469,499,511,534,189,200,200,200,8,8,27,39,39,72,85,85,185,185,200,200,216,271,285,285,135,167,220,220,231,28,28,356,356,356],"floor_reached":51,"playtime":2388,"items_purged":["Strike_B"],"score":1155,"play_id":"7c91656c-b435-4138-8c1f-5cd6e7b242c1","local_time":"20180913195254","is_ascension_mode":true,"campfire_choices":[{"data":"Go for the Eyes","floor":6,"key":"SMITH"},{"data":"Rainbow","floor":8,"key":"SMITH"},{"data":"Chaos","floor":13,"key":"SMITH"},{"floor":15,"key":"REST"},{"data":"Fission","floor":23,"key":"SMITH"},{"data":"Loop","floor":29,"key":"SMITH"},{"data":"Redo","floor":32,"key":"SMITH"},{"data":"Loop","floor":40,"key":"SMITH"},{"data":"Biased Cognition","floor":49,"key":"SMITH"}],"neow_cost":"PERCENT_DAMAGE","seed_source_timestamp":103260040455769,"circlet_count":0,"master_deck":["Strike_B","Strike_B","Strike_B","Defend_B","Defend_B","Defend_B","Defend_B","Zap","Dualcast","Buffer+1","Coolheaded","Go for the Eyes+1","Rainbow+1","Chaos+1","Redo+1","Fission+1","Go for the Eyes+1","Ghostly","Ghostly","Ghostly","Ghostly","Ghostly","Self Repair","Loop+1","Buffer+1","Sweeping Beam","Multi-Cast","Dramatic Entrance","Loop+1","Biased Cognition+1","Conserve Battery+1"],"relics":["Cracked Core","MawBank","Symbiotic Virus","StoneCalendar","Busted Crown","Medical Kit","DollysMirror","Singing Bowl","Calipers","White Beast Statue","Shovel","Dream Catcher","Orichalcum","Strange Spoon","WingedGreaves","Old Coin"],"potions_floor_usage":[31,38,50,50,50],"damage_taken":[{"damage":0,"enemies":"Small Slimes","floor":1,"turns":3},{"damage":0,"enemies":"Cultist","floor":5,"turns":4},{"damage":0,"enemies":"Jaw Worm","floor":7,"turns":3},{"damage":4,"enemies":"3 Louse","floor":11,"turns":4},{"damage":0,"enemies":"Blue Slaver","floor":12,"turns":2},{"damage":0,"enemies":"Red Slaver","floor":14,"turns":3},{"damage":0,"enemies":"Slime Boss","floor":16,"turns":7},{"damage":19,"enemies":"2 Thieves","floor":18,"turns":4},{"damage":0,"enemies":"Shell Parasite","floor":20,"turns":6},{"damage":0,"enemies":"Snecko","floor":22,"turns":6},{"damage":0,"enemies":"Centurion and Healer","floor":27,"turns":8},{"damage":2,"enemies":"Shelled Parasite and Fungi","floor":28,"turns":7},{"damage":1,"enemies":"Book of Stabbing","floor":30,"turns":7},{"damage":0,"enemies":"Chosen and Byrds","floor":31,"turns":6},{"damage":2,"enemies":"Automaton","floor":33,"turns":11},{"damage":15,"enemies":"3 Shapes","floor":35,"turns":3},{"damage":1,"enemies":"3 Darklings","floor":37,"turns":7},{"damage":0,"enemies":"Mysterious Sphere","floor":38,"turns":5},{"damage":4,"enemies":"4 Shapes","floor":39,"turns":7},{"damage":0,"enemies":"Giant Head","floor":42,"turns":9},{"damage":0,"enemies":"Spire Growth","floor":45,"turns":7},{"damage":0,"enemies":"2 Orb Walkers","floor":48,"turns":5},{"damage":24,"enemies":"Time Eater","floor":50,"turns":7}],"seed_played":"1265071719710107982","potions_obtained":[{"floor":7,"key":"FocusPotion"},{"floor":14,"key":"GamblersBrew"},{"floor":20,"key":"GamblersBrew"},{"floor":27,"key":"Explosive Potion"},{"floor":35,"key":"GamblersBrew"},{"floor":37,"key":"SkillPotion"},{"floor":38,"key":"Weak Potion"},{"floor":45,"key":"EssenceOfSteel"}],"is_trial":false,"path_per_floor":["M","?","?","?","M","R","M","R","T","?","M","M","R","M","R","B",null,"M","?","M","$","M","R","?","$","T","M","M","R","E","M","R","B",null,"M","?","M","?","M","R","$","E","T","?","M","$","T","E","R","B"],"character_chosen":"DEFECT","items_purchased":["Medical Kit","Self Repair","DollysMirror","Biased Cognition","Strange Spoon"],"campfire_rested":1,"item_purchase_floors":[21,21,25,41,46],"current_hp_per_floor":[50,50,43,43,43,43,43,43,43,31,27,27,27,27,49,49,69,50,37,37,37,37,37,37,37,37,39,39,39,41,43,43,43,43,37,37,45,47,49,49,49,49,49,49,51,51,51,53,53,36],"gold":356,"neow_bonus":"THREE_RARE_CARDS","is_prod":false,"is_daily":false,"chose_seed":false,"campfire_upgraded":8,"win_rate":0,"timestamp":1536864774,"path_taken":["M","?","?","?","M","R","M","R","T","?","M","?","R","M","R","BOSS","M","?","M","$","?","R","?","$","T","?","M","R","E","M","R","BOSS","M","?","M","?","M","R","?","E","T","?","?","$","?","E","R","BOSS"],"build_version":"2018-09-06","purchased_purges":1,"victory":true,"max_hp_per_floor":[75,75,75,75,75,75,75,75,75,75,75,75,75,75,75,75,75,75,37,37,37,37,37,37,37,37,39,39,39,41,43,43,43,43,45,45,47,47,49,49,49,49,49,49,51,51,51,53,53,53],"card_choices":[{"not_picked":["Reboot","Seek"],"picked":"Buffer","floor":0},{"not_picked":["Compile Driver","Auto Shields"],"picked":"Coolheaded","floor":1},{"not_picked":["Rebound","Leap"],"picked":"Go for the Eyes","floor":5},{"not_picked":["Leap","Gash"],"picked":"Rainbow","floor":7},{"not_picked":["Streamline","Lockon","Compile Driver"],"picked":"SKIP","floor":11},{"not_picked":["Stack","Auto Shields"],"picked":"Chaos","floor":12},{"not_picked":["Gash","Hologram"],"picked":"Redo","floor":14},{"not_picked":["Meteor Strike","Reboot"],"picked":"Fission","floor":16},{"not_picked":[],"picked":"Go for the Eyes+1","floor":18},{"not_picked":["Double Energy"],"picked":"SKIP","floor":20},{"not_picked":["Beam Cell"],"picked":"SKIP","floor":22},{"not_picked":["Melter"],"picked":"Singing Bowl","floor":27},{"not_picked":[],"picked":"Sweeping Beam","floor":28},{"not_picked":["Barrage"],"picked":"Singing Bowl","floor":30},{"not_picked":["Tempest"],"picked":"Singing Bowl","floor":31},{"not_picked":[],"picked":"Multi-Cast","floor":33},{"not_picked":["Stack+1"],"picked":"Singing Bowl","floor":35},{"not_picked":[],"picked":"Dramatic Entrance","floor":36},{"not_picked":["Blizzard+1"],"picked":"Singing Bowl","floor":37},{"not_picked":[],"picked":"Loop","floor":38},{"not_picked":["Gash+1"],"picked":"Singing Bowl","floor":39},{"not_picked":[],"picked":"Conserve Battery+1","floor":42},{"not_picked":["Go for the Eyes"],"picked":"Singing Bowl","floor":45},{"not_picked":["Self Repair+1"],"picked":"Singing Bowl","floor":48}],"player_experience":365075,"relics_obtained":[{"floor":9,"key":"Symbiotic Virus"},{"floor":26,"key":"Singing Bowl"},{"floor":30,"key":"Calipers"},{"floor":38,"key":"Shovel"},{"floor":42,"key":"Dream Catcher"},{"floor":43,"key":"Orichalcum"},{"floor":47,"key":"WingedGreaves"},{"floor":48,"key":"Old Coin"}],"event_choices":[{"event_name":"Big Fish","player_choice":"Box","floor":2,"damage_taken":0},{"event_name":"Golden Wing","player_choice":"Card Removal","floor":3,"damage_taken":0},{"event_name":"Living Wall","player_choice":"Grow","floor":4,"damage_taken":0},{"event_name":"Scrap Ooze","player_choice":"success","floor":10,"damage_taken":12},{"event_name":"Ghosts","player_choice":"Became a Ghost","floor":19,"damage_taken":0},{"event_name":"The Library","player_choice":"Read","floor":24,"damage_taken":0},{"event_name":"SensoryStone","player_choice":"Memory 1","floor":36,"damage_taken":0},{"event_name":"Mysterious Sphere","player_choice":"Fight","floor":38,"damage_taken":0},{"event_name":"Tomb of Lord Red Mask","player_choice":"Ignored","floor":44,"damage_taken":0}],"is_beta":false,"boss_relics":[{"not_picked":["Fusion Hammer","Runic Dome"],"picked":"Busted Crown"},{"not_picked":["Philosopher\u0027s Stone","Pandora\u0027s Box"],"picked":"White Beast Statue"}],"items_purged_floors":[21],"is_endless":false,"potions_floor_spawned":[7,14,20,27,35,37,38,39,42,45,48],"ascension_level":6}