{"gold_per_floor":[116,129,28,38,38,38,49,49,49,49,49,49,61,81,81,158,158,168,185,30,44,44,77,77],"floor_reached":24,"playtime":879,"items_purged":["Writhe"],"score":364,"play_id":"628f7f84-3280-439b-b7ca-81bcf9157ced","local_time":"20190326202604","is_ascension_mode":true,"campfire_choices":[{"data":"Intimidate","floor":6,"key":"SMITH"},{"data":"Armaments","floor":8,"key":"SMITH"},{"data":"Bash","floor":10,"key":"SMITH"},{"data":"Flex","floor":12,"key":"SMITH"},{"data":"Inflame","floor":15,"key":"SMITH"}],"neow_cost":"CURSE","seed_source_timestamp":166466618905100,"circlet_count":0,"master_deck":["AscendersBane","Strike_R","Strike_R","Strike_R","Defend_R","Defend_R","Defend_R","Defend_R","Bash+1","Heavy Blade","Feel No Pain","Rampage","Cleave","Flex+1","Intimidate+1","Armaments+1","Iron Wave","Inflame+1","Barricade","Iron Wave","Evolve+1","Inflame"],"relics":["Burning Blood","Omamori","Pen Nib","Philosopher\u0027s Stone","Red Skull","Smiling Mask"],"potions_floor_usage":[14,18,21,24],"damage_taken":[{"damage":11,"enemies":"Cultist","floor":1,"turns":4},{"damage":9,"enemies":"Jaw Worm","floor":2,"turns":4},{"damage":5,"enemies":"Small Slimes","floor":4,"turns":3},{"damage":12,"enemies":"2 Fungi Beasts","floor":7,"turns":4},{"damage":0,"enemies":"Exordium Wildlife","floor":13,"turns":2},{"damage":5,"enemies":"Red Slaver","floor":14,"turns":4},{"damage":35,"enemies":"The Guardian","floor":16,"turns":10},{"damage":28,"enemies":"2 Thieves","floor":18,"turns":4},{"damage":25,"enemies":"Shell Parasite","floor":19,"turns":5},{"damage":14,"enemies":"Snecko","floor":21,"turns":5},{"damage":22,"enemies":"Gremlin Leader","floor":23,"turns":5},{"damage":15,"enemies":"3 Cultists","floor":24,"turns":4}],"seed_played":"-2010065653058949467","potions_obtained":[{"floor":4,"key":"Energy Potion"},{"floor":11,"key":"Block Potion"},{"floor":16,"key":"Ancient Potion"},{"floor":18,"key":"SpeedPotion"},{"floor":19,"key":"Block Potion"},{"floor":23,"key":"Dexterity Potion"}],"is_trial":false,"path_per_floor":["M","M","$","M","T","R","M","R","T","R","?","R","M","M","R","B",null,"M","M","$","M","?","E","M"],"character_chosen":"IRONCLAD","items_purchased":["Flex","Red Skull"],"campfire_rested":0,"item_purchase_floors":[3,20],"current_hp_per_floor":[63,60,60,61,61,61,55,55,55,55,55,55,61,62,62,33,65,43,24,24,16,31,15,0],"gold":77,"neow_bonus":"TRANSFORM_TWO_CARDS","is_prod":false,"is_daily":false,"chose_seed":false,"campfire_upgraded":5,"win_rate":0,"timestamp":1553631964,"path_taken":["M","M","$","M","?","R","M","R","T","R","?","R","M","M","R","BOSS","M","?","$","M","?","E","M"],"build_version":"2019-01-23","purchased_purges":1,"victory":false,"max_hp_per_floor":[75,75,75,75,75,75,75,75,75,75,75,75,75,75,75,75,75,75,75,75,75,75,75,75],"card_choices":[{"not_picked":["Warcry","Evolve"],"picked":"Rampage","floor":1},{"not_picked":["Entrench","Burning Pact"],"picked":"Cleave","floor":2},{"not_picked":["Seeing Red","Twin Strike"],"picked":"Intimidate","floor":4},{"not_picked":["Pommel Strike","Sword Boomerang"],"picked":"Armaments","floor":7},{"not_picked":["Wild Strike","Dark Embrace"],"picked":"Iron Wave","floor":13},{"not_picked":["Havoc","Pommel Strike"],"picked":"Inflame","floor":14},{"not_picked":["Limit Break","Exhume"],"picked":"Barricade","floor":16},{"not_picked":["Flex+1","Heavy Blade"],"picked":"Iron Wave","floor":18},{"not_picked":["Clash","Havoc"],"picked":"Evolve+1","floor":19},{"not_picked":["Heavy Blade+1","Cleave","Sentinel+1"],"picked":"SKIP","floor":21},{"not_picked":["Twin Strike","Clothesline"],"picked":"Inflame","floor":23}],"player_experience":633277,"relics_obtained":[{"floor":5,"key":"Omamori"},{"floor":9,"key":"Pen Nib"},{"floor":23,"key":"Smiling Mask"}],"event_choices":[{"damage_healed":0,"gold_gain":0,"player_choice":"Got Potions","damage_taken":0,"max_hp_gain":0,"max_hp_loss":0,"event_name":"Lab","floor":11,"gold_loss":0},{"damage_healed":15,"gold_gain":0,"player_choice":"Heal","damage_taken":0,"max_hp_gain":0,"max_hp_loss":0,"event_name":"The Library","floor":22,"gold_loss":0}],"is_beta":false,"boss_relics":[{"not_picked":["Velvet Choker","Runic Cube"],"picked":"Philosopher\u0027s Stone"}],"items_purged_floors":[3],"is_endless":false,"potions_floor_spawned":[4,13,16,18,19,23],"killed_by":"3 Cultists","ascension_level":15}