{"gold_per_floor":[366,25,25,38,53,53,84,84,132,147,147,185,209,209],"floor_reached":14,"playtime":641,"items_purged":["Strike_G"],"score":130,"play_id":"05b59def-3461-4a34-be2d-2fe4f80f9ed7","local_time":"20180906135250","is_ascension_mode":true,"campfire_choices":[{"data":"Terror","floor":6,"key":"SMITH"},{"data":"Neutralize","floor":11,"key":"SMITH"}],"neow_cost":"PERCENT_DAMAGE","seed_source_timestamp":3713601953093,"circlet_count":0,"master_deck":["Defend_G","Defend_G","Defend_G","Defend_G","Defend_G","Strike_G","Strike_G","Strike_G","Strike_G","Survivor","Neutralize+1","Flying Knee","Chrysalis","Well Laid Plans","Flying Knee","Terror+1"],"relics":["Ring of the Snake","Golden Idol","Art of War","Strawberry","Unceasing Top"],"potions_floor_usage":[12,12,14],"damage_taken":[{"damage":1,"enemies":"Cultist","floor":1,"turns":4},{"damage":3,"enemies":"Jaw Worm","floor":4,"turns":5},{"damage":0,"enemies":"Small Slimes","floor":5,"turns":3},{"damage":14,"enemies":"Gremlin Nob","floor":7,"turns":4},{"damage":1,"enemies":"Exordium Wildlife","floor":10,"turns":4},{"damage":33,"enemies":"3 Sentries","floor":12,"turns":14},{"damage":12,"enemies":"Exordium Thugs","floor":13,"turns":5},{"damage":9,"enemies":"Lots of Slimes","floor":14,"turns":2}],"seed_played":"8813076258301915104","potions_obtained":[{"floor":1,"key":"Swift Potion"},{"floor":5,"key":"Strength Potion"},{"floor":10,"key":"EssenceOfSteel"}],"is_trial":false,"path_per_floor":["M","$","?","M","M","R","E","?","T","M","R","E","M"],"character_chosen":"THE_SILENT","items_purchased":["Chrysalis","Well Laid Plans"],"campfire_rested":0,"item_purchase_floors":[2,2],"current_hp_per_floor":[44,44,44,41,41,41,27,48,55,54,54,21,9,0],"gold":209,"neow_bonus":"TWO_FIFTY_GOLD","is_prod":false,"is_daily":false,"chose_seed":false,"campfire_upgraded":2,"win_rate":0,"timestamp":1536238370,"path_taken":["M","$","?","?","M","R","E","?","T","M","R","E","?","M"],"build_version":"2018-08-30","purchased_purges":1,"victory":false,"max_hp_per_floor":[70,70,65,65,65,65,65,65,72,72,72,72,72,72],"card_choices":[{"not_picked":["Skewer","Crippling Poison"],"picked":"Flying Knee","floor":1},{"not_picked":["Slice","Sucker Punch"],"picked":"Flying Knee","floor":4},{"not_picked":["Accuracy","Eviscerate"],"picked":"Terror","floor":5},{"not_picked":["Quick Slash","Slice","Flechettes"],"picked":"SKIP","floor":7},{"not_picked":["Bane","Terror","Underhanded Strike"],"picked":"SKIP","floor":10},{"not_picked":["Flechettes","Crippling Poison","Bouncing Flask"],"picked":"SKIP","floor":12},{"not_picked":["Underhanded Strike","Blade Dance","Reflex"],"picked":"SKIP","floor":13}],"player_experience":327482,"relics_obtained":[{"floor":7,"key":"Art of War"},{"floor":9,"key":"Strawberry"},{"floor":12,"key":"Unceasing Top"}],"event_choices":[{"event_name":"Golden Idol","player_choice":"Lose Max HP","floor":3,"damage_taken":0},{"event_name":"Big Fish","player_choice":"Banana","floor":8,"damage_taken":0}],"is_beta":false,"boss_relics":[],"items_purged_floors":[2],"is_endless":false,"potions_floor_spawned":[1,5,10],"killed_by":"Lots of Slimes","ascension_level":6}