{"gold_per_floor":[114,114,129,144,159,159,174,7,32,47,47,47,77,92,92,192,192,207,207],"floor_reached":19,"playtime":897,"items_purged":["Strike_B"],"score":171,"play_id":"c4816e0e-68ad-488e-b719-51b36315d808","local_time":"20180928225736","daily_mods":["Heirloom","Green Cards","Terminal"],"is_ascension_mode":false,"campfire_choices":[{"data":"Loop","floor":6,"key":"SMITH"},{"data":"Darkness","floor":12,"key":"SMITH"},{"data":"Defragment","floor":15,"key":"SMITH"}],"neow_cost":"","seed_source_timestamp":0,"circlet_count":0,"master_deck":["Strike_B","Strike_B","Strike_B","Defend_B","Defend_B","Defend_B","Defend_B","Zap","Dualcast+1","Escape Plan","Escape Plan","Loop+1","Redo","Scrape","Madness","Darkness+1","Defragment+1","Go for the Eyes","Machine Learning","Well Laid Plans","Outmaneuver","Caltrops","Coolheaded"],"special_seed":17802,"relics":["Cracked Core","Nunchaku","Potion Belt","Lantern","Orrery"],"potions_floor_usage":[16,16,19],"damage_taken":[{"damage":0,"enemies":"Jaw Worm","floor":1,"turns":3},{"damage":0,"enemies":"Cultist","floor":3,"turns":3},{"damage":0,"enemies":"Small Slimes","floor":4,"turns":2},{"damage":0,"enemies":"Exordium Wildlife","floor":5,"turns":4},{"damage":0,"enemies":"2 Fungi Beasts","floor":7,"turns":3},{"damage":0,"enemies":"Red Slaver","floor":10,"turns":4},{"damage":11,"enemies":"Lagavulin","floor":13,"turns":5},{"damage":0,"enemies":"Exordium Wildlife","floor":14,"turns":4},{"damage":7,"enemies":"The Guardian","floor":16,"turns":10},{"damage":28,"enemies":"Spheric Guardian","floor":18,"turns":6},{"damage":35,"enemies":"Masked Bandits","floor":19,"turns":3}],"seed_played":"-59996080173849364","potions_obtained":[{"floor":1,"key":"Strength Potion"},{"floor":4,"key":"AttackPotion"},{"floor":7,"key":"Regen Potion"},{"floor":10,"key":"SkillPotion"},{"floor":13,"key":"LiquidBronze"}],"is_trial":false,"path_per_floor":["M","?","M","M","M","R","M","$","T","M","?","R","E","M","R","B",null,"M"],"character_chosen":"DEFECT","items_purchased":["Madness"],"campfire_rested":0,"item_purchase_floors":[8],"current_hp_per_floor":[73,72,71,70,69,68,67,66,65,64,68,67,56,56,56,63,62,34,0],"gold":207,"neow_bonus":"","is_prod":false,"is_daily":true,"chose_seed":false,"campfire_upgraded":3,"win_rate":0,"timestamp":1538171856,"path_taken":["M","?","?","M","M","R","?","?","T","M","?","R","E","?","R","BOSS","M","?"],"build_version":"2018-09-27","purchased_purges":1,"victory":false,"max_hp_per_floor":[73,72,71,70,69,68,67,66,65,64,68,67,66,65,64,63,62,61,61],"card_choices":[{"not_picked":["Heel Hook","Outmaneuver"],"picked":"Escape Plan","floor":1},{"not_picked":["Underhanded Strike","Stack"],"picked":"Escape Plan","floor":3},{"not_picked":["Masterful Stab","Cloak And Dagger"],"picked":"Loop","floor":4},{"not_picked":["Skewer","Flying Knee"],"picked":"Redo","floor":5},{"not_picked":["Streamline","Cloak And Dagger"],"picked":"Scrape","floor":7},{"not_picked":["Dodge and Roll","Self Repair"],"picked":"Darkness","floor":10},{"not_picked":["Underhanded Strike","Capacitor"],"picked":"Defragment","floor":13},{"not_picked":["Concentrate","Tactician"],"picked":"Go for the Eyes","floor":14},{"not_picked":["All For One","Electrodynamics"],"picked":"Machine Learning","floor":16},{"not_picked":["Setup","Prepared"],"picked":"Well Laid Plans","floor":17},{"not_picked":["Calculated Gamble","Go for the Eyes"],"picked":"Outmaneuver","floor":17},{"not_picked":["Predator","Setup"],"picked":"Caltrops","floor":17},{"not_picked":["Consume","Hologram"],"picked":"Coolheaded","floor":17},{"not_picked":["Storm+1","Predator+1","Sucker Punch"],"picked":"SKIP","floor":18}],"player_experience":429097,"relics_obtained":[{"floor":9,"key":"Potion Belt"},{"floor":13,"key":"Lantern"}],"event_choices":[{"event_name":"Living Wall","player_choice":"Grow","floor":2,"damage_taken":0},{"event_name":"Big Fish","player_choice":"Donut","floor":11,"damage_taken":0},{"event_name":"Masked Bandits","player_choice":"Fought Bandits","floor":19,"damage_taken":0}],"is_beta":false,"boss_relics":[{"not_picked":["Pandora\u0027s Box","Velvet Choker"],"picked":"Orrery"}],"items_purged_floors":[8],"is_endless":false,"potions_floor_spawned":[1,4,7,10,13],"killed_by":"Masked Bandits","ascension_level":0}