{"gold_per_floor":[113,124,49,60,60,70,70,70,96,116,116,11,11,41,41,140,140,126,139,13,13,37,55,55,21,21,34,34,54,70,80,80,178,228,244,48,61,0,10,10,10,10,10,23,23,39,53,53],"floor_reached":48,"playtime":3869,"items_purged":["Clumsy","Strike_R"],"score":570,"play_id":"65a80c06-0944-4198-b287-d402418b528f","local_time":"20180905194653","is_ascension_mode":true,"campfire_choices":[{"data":"Armaments","floor":8,"key":"SMITH"},{"data":"Shockwave","floor":11,"key":"SMITH"},{"data":"Panacea","floor":15,"key":"SMITH"},{"data":"Feed","floor":24,"key":"SMITH"},{"data":"Flex","floor":28,"key":"SMITH"},{"data":"Disarm","floor":32,"key":"SMITH"},{"floor":40,"key":"REST"},{"data":"Metallicize","floor":42,"key":"SMITH"}],"neow_cost":"CURSE","seed_source_timestamp":199522323458334,"circlet_count":0,"master_deck":["Strike_R","Strike_R","Strike_R","Defend_R","Defend_R","Defend_R","Defend_R","Bash+1","Metallicize+1","Flex+1","Armaments+1","Disarm+1","Shockwave+1","Panacea+1","Feed+1","Searing Blow+1","Iron Wave","Metallicize","Feel No Pain+1","Inflame+1","Thunderclap+1","Dark Embrace+1","Cleave","Madness","Madness","Havoc","Power Through","Flex+1"],"relics":["Burning Blood","Ginger","Anchor","Happy Flower","Busted Crown","Bag of Marbles","Mummified Hand","Tiny House","Medical Kit","Red Mask","Prayer Wheel"],"potions_floor_usage":[16,27,48],"damage_taken":[{"damage":1,"enemies":"Cultist","floor":1,"turns":4},{"damage":7,"enemies":"2 Louse","floor":2,"turns":3},{"damage":3,"enemies":"Small Slimes","floor":4,"turns":5},{"damage":16,"enemies":"Gremlin Gang","floor":6,"turns":6},{"damage":12,"enemies":"Exordium Wildlife","floor":10,"turns":7},{"damage":15,"enemies":"Gremlin Nob","floor":14,"turns":5},{"damage":9,"enemies":"Hexaghost","floor":16,"turns":9},{"damage":21,"enemies":"2 Thieves","floor":18,"turns":4},{"damage":11,"enemies":"Shell Parasite","floor":19,"turns":5},{"damage":0,"enemies":"Chosen and Byrds","floor":23,"turns":5},{"damage":0,"enemies":"3 Cultists","floor":27,"turns":6},{"damage":10,"enemies":"Cultist and Chosen","floor":29,"turns":5},{"damage":9,"enemies":"Centurion and Healer","floor":30,"turns":7},{"damage":4,"enemies":"Shelled Parasite and Fungi","floor":31,"turns":6},{"damage":54,"enemies":"Collector","floor":33,"turns":8},{"damage":1,"enemies":"Orb Walker","floor":35,"turns":4},{"damage":22,"enemies":"3 Darklings","floor":37,"turns":5},{"damage":43,"enemies":"Reptomancer","floor":39,"turns":6},{"damage":17,"enemies":"4 Shapes","floor":44,"turns":5},{"damage":0,"enemies":"Sphere and 2 Shapes","floor":46,"turns":7},{"damage":17,"enemies":"3 Darklings","floor":47,"turns":6},{"damage":51,"enemies":"Reptomancer","floor":48,"turns":3}],"seed_played":"8003822519850826813","potions_obtained":[{"floor":2,"key":"Explosive Potion"},{"floor":4,"key":"LiquidBronze"},{"floor":14,"key":"Strength Potion"},{"floor":18,"key":"Ancient Potion"},{"floor":30,"key":"SteroidPotion"},{"floor":31,"key":"SpeedPotion"},{"floor":34,"key":"Energy Potion"},{"floor":47,"key":"Regen Potion"}],"is_trial":false,"path_per_floor":["M","M","$","M","?","M","?","R","T","M","R","$","?","E","R","B",null,"M","M","$","?","T","M","R","$","T","M","R","M","M","M","R","B",null,"M","$","M","?","M","R","?","R","T","M","$","M","M"],"character_chosen":"IRONCLAD","items_purchased":["Panacea","Iron Wave","Metallicize","Medical Kit"],"campfire_rested":1,"item_purchase_floors":[12,20,25,36],"current_hp_per_floor":[80,79,79,80,80,70,70,70,70,64,64,64,64,55,55,52,73,58,56,56,56,56,65,65,65,65,71,71,67,68,74,74,26,82,87,87,71,71,34,63,51,51,51,44,44,54,43,0],"gold":53,"neow_bonus":"ONE_RARE_RELIC","is_prod":false,"is_daily":false,"chose_seed":false,"campfire_upgraded":7,"win_rate":0,"timestamp":1536173213,"path_taken":["M","M","$","M","?","M","?","R","T","M","R","$","?","E","R","BOSS","M","M","?","?","?","M","R","?","T","?","R","M","M","M","R","BOSS","M","?","M","?","M","R","?","R","T","?","?","M","M","?"],"build_version":"2018-08-30","purchased_purges":2,"victory":false,"max_hp_per_floor":[80,80,80,80,80,80,80,80,80,80,80,80,80,80,80,80,80,80,83,83,83,83,86,86,86,86,86,86,86,90,94,94,94,99,99,99,99,99,99,99,99,99,99,103,103,107,107,107],"card_choices":[{"not_picked":["Headbutt","Perfected Strike","Second Wind"],"picked":"SKIP","floor":1},{"not_picked":["Heavy Blade","Corruption"],"picked":"Metallicize","floor":2},{"not_picked":["Burning Pact","Clash"],"picked":"Flex","floor":4},{"not_picked":["Sentinel","Flame Barrier"],"picked":"Disarm","floor":6},{"not_picked":["Intimidate","Sever Soul"],"picked":"Shockwave","floor":10},{"not_picked":["Body Slam","Wild Strike","Entrench"],"picked":"SKIP","floor":14},{"not_picked":["Limit Break","Brutality"],"picked":"Feed","floor":16},{"not_picked":[],"picked":"Searing Blow+1","floor":18},{"not_picked":["Uppercut"],"picked":"SKIP","floor":19},{"not_picked":["Perfected Strike"],"picked":"SKIP","floor":23},{"not_picked":["Flex"],"picked":"SKIP","floor":27},{"not_picked":[],"picked":"Feel No Pain+1","floor":29},{"not_picked":[],"picked":"Inflame+1","floor":30},{"not_picked":[],"picked":"Thunderclap+1","floor":31},{"not_picked":[],"picked":"Dark Embrace","floor":33},{"not_picked":[],"picked":"Cleave","floor":35},{"not_picked":["Cleave+1"],"picked":"SKIP","floor":37},{"not_picked":["Pommel Strike"],"picked":"SKIP","floor":39},{"not_picked":["Dual Wield"],"picked":"SKIP","floor":44},{"not_picked":["Havoc"],"picked":"SKIP","floor":44},{"not_picked":[],"picked":"Havoc","floor":44},{"not_picked":["Dual Wield"],"picked":"SKIP","floor":44},{"not_picked":["Fire Breathing"],"picked":"SKIP","floor":46},{"not_picked":["Clothesline"],"picked":"SKIP","floor":46},{"not_picked":[],"picked":"Power Through","floor":47},{"not_picked":[],"picked":"Flex+1","floor":47}],"player_experience":321584,"relics_obtained":[{"floor":9,"key":"Anchor"},{"floor":14,"key":"Happy Flower"},{"floor":22,"key":"Bag of Marbles"},{"floor":26,"key":"Mummified Hand"},{"floor":43,"key":"Prayer Wheel"}],"event_choices":[{"event_name":"Transmorgrifier","player_choice":"Transform","floor":5,"damage_taken":0},{"event_name":"The Woman in Blue","player_choice":"Bought 0 Potions","floor":7,"damage_taken":0},{"event_name":"Accursed Blacksmith","player_choice":"Forge","floor":13,"damage_taken":0},{"event_name":"Beggar","player_choice":"Ignored","floor":21,"damage_taken":0},{"event_name":"Tomb of Lord Red Mask","player_choice":"Paid","floor":38,"damage_taken":0},{"event_name":"Winding Halls","player_choice":"Embrace Madness","floor":41,"damage_taken":0}],"is_beta":false,"boss_relics":[{"not_picked":["Black Blood","Runic Pyramid"],"picked":"Busted Crown"},{"not_picked":["Sozu","Philosopher\u0027s Stone"],"picked":"Tiny House"}],"items_purged_floors":[3,20],"is_endless":false,"potions_floor_spawned":[2,4,14,18,30,31,39,44,47],"killed_by":"Reptomancer","ascension_level":5}