{"gold_per_floor":[115,115,129,129,145,145,159,159,184,202,377,377,395,416,416,416],"floor_reached":16,"playtime":844,"items_purged":[],"score":103,"play_id":"f65e478d-095d-4620-896e-48618b644532","local_time":"20180726002740","is_ascension_mode":true,"campfire_choices":[{"data":"Defragment","floor":6,"key":"SMITH"},{"data":"FTL","floor":8,"key":"SMITH"},{"data":"Blizzard","floor":12,"key":"SMITH"},{"data":"Fusion","floor":15,"key":"SMITH"}],"neow_cost":"NONE","seed_source_timestamp":16265136930005,"circlet_count":0,"master_deck":["Strike_B","Strike_B","Strike_B","Strike_B","Defend_B","Defend_B","Defend_B","Defend_B","Zap","Dualcast","Defragment+1","Self Repair","FTL+1","Blizzard+1","Doubt","Amplify","Fusion+1"],"relics":["Cracked Core","Boot","Golden Idol","Happy Flower"],"potions_floor_usage":[16,16],"damage_taken":[{"damage":0,"enemies":"Small Slimes","floor":1,"turns":2},{"damage":2,"enemies":"Jaw Worm","floor":3,"turns":4},{"damage":1,"enemies":"Cultist","floor":5,"turns":4},{"damage":7,"enemies":"Looter","floor":7,"turns":3},{"damage":16,"enemies":"3 Louse","floor":10,"turns":4},{"damage":11,"enemies":"Blue Slaver","floor":13,"turns":3},{"damage":11,"enemies":"Large Slime","floor":14,"turns":6},{"damage":51,"enemies":"The Guardian","floor":16,"turns":12}],"seed_played":"6584350805900473861","potions_obtained":[{"floor":1,"key":"Weak Potion"},{"floor":5,"key":"FearPotion"},{"floor":13,"key":"PowerPotion"}],"is_trial":false,"path_per_floor":["M","?","M","?","M","R","M","R","T","M","?","R","M","M","R"],"character_chosen":"DEFECT","items_purchased":[],"campfire_rested":0,"item_purchase_floors":[],"current_hp_per_floor":[75,57,55,60,66,66,66,66,66,57,57,57,53,49,49,0],"gold":416,"neow_bonus":"RANDOM_COMMON_RELIC","is_prod":false,"is_daily":false,"chose_seed":false,"campfire_upgraded":4,"win_rate":0,"timestamp":1532561260,"path_taken":["M","?","?","?","M","R","M","R","T","M","?","R","M","M","R","BOSS"],"build_version":"2018-07-19v2","purchased_purges":0,"victory":false,"max_hp_per_floor":[75,75,75,80,80,80,80,80,80,80,80,80,80,80,80,80],"card_choices":[{"not_picked":["Doom and Gloom","Barrage"],"picked":"Defragment","floor":1},{"not_picked":["Capacitor","Darkness"],"picked":"Self Repair","floor":3},{"not_picked":["Steam","Aggregate","Rebound"],"picked":"SKIP","floor":5},{"not_picked":["Beam Cell","Go for the Eyes"],"picked":"FTL","floor":7},{"not_picked":["Coolheaded","Turbo"],"picked":"Blizzard","floor":10},{"not_picked":["Loop","Coolheaded"],"picked":"Amplify","floor":13},{"not_picked":["Leap","Stack"],"picked":"Fusion","floor":14}],"player_experience":220805,"relics_obtained":[{"floor":9,"key":"Happy Flower"}],"event_choices":[{"event_name":"Golden Idol","player_choice":"Take Damage","floor":2,"damage_taken":0},{"event_name":"Big Fish","player_choice":"Donut","floor":4,"damage_taken":0},{"event_name":"Liars Game","player_choice":"agreed","floor":11,"damage_taken":0}],"is_beta":false,"boss_relics":[],"items_purged_floors":[],"is_endless":false,"potions_floor_spawned":[1,5,13],"killed_by":"The Guardian","ascension_level":2}