{"path_per_floor":["M","M","?","$","?","R","E","R","T","R","M","M","M","?","R","B",null,"M","?","?","M","?","M","E","R","T","R","$","M","M","M","R","B",null,"M","M","M","M","$","E","R","M","T","R","?","E","$","M","R","B"],"character_chosen":"THE_SILENT","items_purchased":["Malaise","Flash of Steel","Acrobatics","Secret Technique","Footwork"],"gold_per_floor":[109,128,128,17,17,17,46,46,46,46,62,78,97,172,172,275,275,291,291,291,305,305,320,347,347,347,347,120,134,153,164,164,262,262,276,296,314,330,29,63,63,76,126,126,126,154,72,84,84,84],"floor_reached":51,"campfire_rested":0,"playtime":6671,"current_hp_per_floor":[70,70,37,37,37,37,34,34,48,48,47,45,45,34,34,26,84,77,61,45,42,42,46,41,41,41,41,41,52,60,48,48,45,72,70,72,69,71,71,62,62,64,64,64,64,39,39,47,47,45],"items_purged":["Strike_G","Bite","Bite"],"gold":84,"score":580,"play_id":"611b98dc-c3c9-4c8a-a6d0-a6062a11db27","is_prod":false,"is_daily":false,"is_ascension_mode":true,"campfire_upgraded":10,"path_taken":["M","M","?","$","?","R","E","R","T","R","M","?","M","?","R","BOSS","M","?","?","M","?","M","E","R","T","R","$","M","?","M","R","BOSS","M","M","M","M","$","E","R","M","T","R","?","E","$","M","R","BOSS"],"build_version":"2018-02-08-PROD1","purchased_purges":3,"victory":true,"master_deck":["Defend_G","Defend_G","Defend_G","Defend_G","Defend_G","Survivor","Noxious Fumes+1","Backflip+1","Noxious Fumes+1","Deflect","PiercingWail","PiercingWail","Malaise+1","Blur","Outmaneuver","Sucker Punch","Bullet Time+1","Well Laid Plans+1","Dark Shackles","Blur+1","Bite","Bite","Bite","Leg Sweep","Dodge and Roll+1","Flash of Steel","Acrobatics","Acrobatics+1","Bouncing Flask","Prepared+1","Doppelganger","Caltrops+1","Crippling Poison+1","Escape Plan","Secret Technique+1","Backflip+1","Deadly Poison+1","Footwork+1"],"max_hp_per_floor":[70,70,70,70,70,70,70,70,84,84,84,84,84,84,84,84,84,84,84,89,89,62,62,72,72,72,72,72,72,72,72,72,72,72,72,72,72,72,72,72,72,72,72,72,72,72,72,72,72,72],"relics":["Orrery","Lantern","Paper Crane","Mango","Black Star","Centennial Puzzle","Pear","Ancient Tea Set","Sozu","Thread and Needle","Gambling Chip","Bronze Scales","Tingsha","Peace Pipe"],"card_choices":[{"not_picked":["Underhanded Strike","Calculated Gamble"],"picked":"Noxious Fumes"},{"not_picked":["Choke","Quick Slash"],"picked":"Backflip"},{"not_picked":["Endless Agony","Flying Knee"],"picked":"Noxious Fumes"},{"not_picked":["Bane","All Out Attack"],"picked":"Deflect"},{"not_picked":["Deflect","Dagger Throw"],"picked":"PiercingWail"},{"not_picked":["Slice","Terror"],"picked":"PiercingWail"},{"not_picked":["Slice","Die Die Die"],"picked":"Blur"},{"not_picked":["Underhanded Strike","Acrobatics"],"picked":"Outmaneuver"},{"not_picked":["Flying Knee","Dagger Throw"],"picked":"Sucker Punch"},{"not_picked":["Corpse Explosion","Wraith Form"],"picked":"Bullet Time"},{"not_picked":["Quick Slash","Underhanded Strike"],"picked":"Well Laid Plans"},{"not_picked":["Flying Knee","Acrobatics"],"picked":"Blur"},{"not_picked":["Quick Slash","Underhanded Strike"],"picked":"Leg Sweep"},{"not_picked":["Dagger Throw","Blade Dance"],"picked":"Dodge and Roll"},{"not_picked":["Deflect","Heel Hook"],"picked":"Acrobatics"},{"not_picked":["Dagger Spray","Skewer"],"picked":"Bouncing Flask"},{"not_picked":["Quick Slash","Bouncing Flask"],"picked":"Prepared"},{"not_picked":["Glass Knife","Phantasmal Killer"],"picked":"Doppelganger"},{"not_picked":["Dagger Throw","Acrobatics"],"picked":"Caltrops"},{"not_picked":["Bouncing Flask","Flying Knee"],"picked":"Crippling Poison"},{"not_picked":["Well Laid Plans","Bouncing Flask"],"picked":"Escape Plan"},{"not_picked":["All Out Attack","Quick Slash"],"picked":"Backflip"},{"not_picked":["Finisher","Choke"],"picked":"Deadly Poison"}],"player_experience":102991,"potions_floor_usage":[31],"damage_taken":[{"damage":0,"enemies":"2 Louse","floor":1,"turns":4},{"damage":0,"enemies":"Jaw Worm","floor":2,"turns":6},{"damage":3,"enemies":"Lagavulin","floor":7,"turns":7},{"damage":1,"enemies":"Cultist","floor":11,"turns":5},{"damage":2,"enemies":"2 Fungi Beasts","floor":12,"turns":4},{"damage":0,"enemies":"Looter","floor":13,"turns":4},{"damage":8,"enemies":"Hexaghost","floor":16,"turns":10},{"damage":7,"enemies":"Chosen","floor":18,"turns":8},{"damage":3,"enemies":"3 Byrds","floor":21,"turns":7},{"damage":8,"enemies":"Snecko","floor":23,"turns":8},{"damage":19,"enemies":"Slavers","floor":24,"turns":8},{"damage":3,"enemies":"Slaver and Parasite","floor":29,"turns":10},{"damage":0,"enemies":"Snake Plant","floor":30,"turns":7},{"damage":24,"enemies":"Cultist and Chosen","floor":31,"turns":10},{"damage":17,"enemies":"Champ","floor":33,"turns":14},{"damage":2,"enemies":"Orb Walker","floor":35,"turns":7},{"damage":0,"enemies":"3 Shapes","floor":36,"turns":7},{"damage":3,"enemies":"3 Darklings","floor":37,"turns":7},{"damage":1,"enemies":"Maw","floor":38,"turns":10},{"damage":16,"enemies":"Nemesis","floor":40,"turns":13},{"damage":2,"enemies":"Sphere and 2 Shapes","floor":42,"turns":5},{"damage":31,"enemies":"2 Orb Walkers","floor":46,"turns":8},{"damage":0,"enemies":"3 Darklings","floor":48,"turns":6},{"damage":10,"enemies":"Donu and Deca","floor":50,"turns":10}],"event_choices":[{"event_name":"Scrap Ooze","player_choice":"success","floor":3,"damage_taken":33},{"event_name":"Living Wall","player_choice":"Grow","floor":5,"damage_taken":0},{"event_name":"World of Goop","player_choice":"Gather Gold","floor":14,"damage_taken":0},{"event_name":"Knowing Skull","player_choice":"CARD ","floor":19,"damage_taken":0},{"event_name":"Forgotten Altar","player_choice":"Shed Blood","floor":20,"damage_taken":0},{"event_name":"Vampires","player_choice":"Became a vampire","floor":22,"damage_taken":0}],"boss_relics":[{"not_picked":["Tiny House","Runic Dome"],"picked":"Black Star"},{"not_picked":["Snecko Eye","White Beast Statue"],"picked":"Sozu"}],"potions_floor_spawned":[7,16,18,23,29,30,33,36,38,40,46],"seed_played":"-5575731473371586816","ascension_level":1,"is_trial":false}