{"gold_per_floor":[110,285,298,298,311,311,145,145,145,163,197,161,161],"floor_reached":13,"playtime":457,"items_purged":["Doubt"],"score":137,"play_id":"da16732a-b4bb-4202-a993-756a4fa545e0","local_time":"20181207193225","is_ascension_mode":true,"campfire_choices":[{"data":"Bash","floor":6.0,"key":"SMITH"},{"data":"Twin Strike","floor":8.0,"key":"SMITH"}],"neow_cost":"TEN_PERCENT_HP_LOSS","seed_source_timestamp":0,"circlet_count":0,"master_deck":["AscendersBane","Strike_R","Strike_R","Strike_R","Strike_R","Strike_R","Defend_R","Defend_R","Defend_R","Defend_R","Bash+1","Impatience","Thinking Ahead","Iron Wave","Forethought","Twin Strike+1","Dramatic Entrance","Clash","Inflame","Dropkick"],"special_seed":0,"relics":["Burning Blood","Shovel","Juzu Bracelet"],"potions_floor_usage":[],"damage_taken":[{"damage":13.0,"enemies":"Small Slimes","floor":1.0,"turns":5.0},{"damage":16.0,"enemies":"Jaw Worm","floor":3.0,"turns":4.0},{"damage":1.0,"enemies":"Cultist","floor":5.0,"turns":4.0},{"damage":9.0,"enemies":"Red Slaver","floor":10.0,"turns":2.0},{"damage":48.0,"enemies":"Lagavulin","floor":11.0,"turns":7.0},{"damage":15,"enemies":"3 Louse","floor":13,"turns":1}],"seed_played":"5844824749773505942","potions_obtained":[{"floor":10.0,"key":"EssenceOfSteel"}],"is_trial":false,"path_per_floor":["M","?","M","?","M","R","$","R","T","M","E","E","$","M"],"character_chosen":"IRONCLAD","items_purchased":["Dramatic Entrance","Dropkick"],"campfire_rested":0,"item_purchase_floors":[7,12],"current_hp_per_floor":[65,65,55,55,60,60,60,60,60,57,15,15,0],"gold":161,"neow_bonus":"RANDOM_COLORLESS_2","is_prod":false,"is_daily":false,"chose_seed":false,"campfire_upgraded":2,"win_rate":0,"timestamp":1544211145,"path_taken":["M","?","M","?","?","R","?","R","T","M","E","$","M"],"build_version":"2018-12-06","purchased_purges":1,"victory":false,"max_hp_per_floor":[72,72,72,72,72,72,72,72,72,72,72,72,72],"card_choices":[{"not_picked":["Havoc","True Grit","Perfected Strike"],"picked":"SKIP","floor":1.0},{"not_picked":["Whirlwind","Evolve"],"picked":"Iron Wave","floor":3.0},{"not_picked":["Clothesline","True Grit"],"picked":"Twin Strike","floor":5.0},{"not_picked":["Twin Strike","Perfected Strike"],"picked":"Clash","floor":10.0},{"not_picked":["Metallicize","Hemokinesis"],"picked":"Inflame","floor":11}],"player_experience":530573,"relics_obtained":[{"floor":9.0,"key":"Shovel"},{"floor":11,"key":"Juzu Bracelet"}],"event_choices":[{"damage_healed":0.0,"max_hp_gain":0.0,"max_hp_loss":0.0,"gold_gain":175.0,"event_name":"Liars Game","player_choice":"AGREE","floor":2.0,"gold_loss":0.0,"damage_taken":0.0,"cards_obtained":["Doubt"]},{"damage_healed":0.0,"max_hp_gain":0.0,"max_hp_loss":0.0,"gold_gain":0.0,"event_name":"Match and Keep!","player_choice":"1 cards matched","floor":4.0,"gold_loss":0.0,"damage_taken":0.0,"cards_obtained":["Forethought"]}],"is_beta":false,"boss_relics":[],"items_purged_floors":[7],"is_endless":false,"potions_floor_spawned":[10],"killed_by":"3 Louse","ascension_level":13}