{"gold_per_floor":[115,65,82,98,108,125,139,139,139,139,151,169,169,183,183,284,284,296,307,136,136,150,150,175,194,265,14,29,0,0,0,0,101,101,111,111,111,111,125,125,144,144],"floor_reached":42,"playtime":1947,"items_purged":["Strike_R"],"score":522,"play_id":"acca7349-6b71-4faf-a3ca-cabeec8ac890","local_time":"20180901003508","is_ascension_mode":true,"campfire_choices":[{"data":"Evolve","floor":8,"key":"SMITH"},{"data":"Immolate","floor":10,"key":"SMITH"},{"data":"Inflame","floor":13,"key":"SMITH"},{"data":"Shrug It Off","floor":15,"key":"SMITH"},{"data":"Inflame","floor":23,"key":"SMITH"},{"data":"Double Tap","floor":30,"key":"SMITH"},{"floor":32,"key":"REST"},{"data":"Reaper","floor":40,"key":"SMITH"}],"neow_cost":"NONE","seed_source_timestamp":877793861664653,"circlet_count":0,"master_deck":["Defend_R","Defend_R","Defend_R","Defend_R","Bash+1","Shrug It Off+1","Evolve+1","Power Through","Immolate+1","Inflame+1","Battle Trance","Reaper+1","Iron Wave","Inflame+1","Enlightenment","Bite","Bite","Bite","Bite","Bite","Double Tap+1","Wild Strike+1","Wild Strike","Double Tap+1","Iron Wave","Enlightenment+1","Flex+1","Metallicize+1"],"relics":["Burning Blood","Letter Opener","Velvet Choker","Vajra","Question Card","Toxic Egg 2","Enchiridion","White Beast Statue"],"potions_floor_usage":[22,24,28,33,38,42,42],"damage_taken":[{"damage":2,"enemies":"Small Slimes","floor":1,"turns":4},{"damage":4,"enemies":"Jaw Worm","floor":3,"turns":3},{"damage":3,"enemies":"2 Louse","floor":4,"turns":4},{"damage":11,"enemies":"Blue Slaver","floor":5,"turns":4},{"damage":2,"enemies":"3 Louse","floor":6,"turns":6},{"damage":12,"enemies":"Lots of Slimes","floor":7,"turns":3},{"damage":6,"enemies":"Red Slaver","floor":11,"turns":3},{"damage":9,"enemies":"Looter","floor":12,"turns":4},{"damage":12,"enemies":"3 Louse","floor":14,"turns":2},{"damage":51,"enemies":"Hexaghost","floor":16,"turns":11},{"damage":6,"enemies":"Spheric Guardian","floor":18,"turns":3},{"damage":2,"enemies":"Chosen","floor":19,"turns":3},{"damage":4,"enemies":"Snake Plant","floor":22,"turns":3},{"damage":44,"enemies":"Book of Stabbing","floor":24,"turns":6},{"damage":10,"enemies":"Snecko","floor":25,"turns":5},{"damage":25,"enemies":"3 Cultists","floor":28,"turns":5},{"damage":70,"enemies":"Automaton","floor":33,"turns":9},{"damage":16,"enemies":"Orb Walker","floor":35,"turns":3},{"damage":3,"enemies":"3 Shapes","floor":39,"turns":2},{"damage":52,"enemies":"Transient","floor":41,"turns":5},{"damage":49,"enemies":"Maw","floor":42,"turns":7}],"seed_played":"3337497626309548404","potions_obtained":[{"floor":1,"key":"SmokeBomb"},{"floor":4,"key":"FairyPotion"},{"floor":6,"key":"Block Potion"},{"floor":16,"key":"Energy Potion"},{"floor":24,"key":"Weak Potion"},{"floor":25,"key":"SkillPotion"},{"floor":33,"key":"Ancient Potion"},{"floor":35,"key":"SteroidPotion"},{"floor":38,"key":"Fruit Juice"},{"floor":38,"key":"SkillPotion"},{"floor":41,"key":"Block Potion"}],"is_trial":false,"path_per_floor":["M","?","M","M","M","M","M","R","T","R","M","M","R","M","R","B",null,"M","M","$","?","M","R","E","M","T","$","M","?","R","?","R","B",null,"M","?","?","?","M","R","M"],"character_chosen":"IRONCLAD","items_purchased":["Enlightenment","Toxic Egg 2"],"campfire_rested":1,"item_purchase_floors":[20,27],"current_hp_per_floor":[80,80,80,80,75,79,73,73,73,73,73,70,70,64,64,19,80,80,80,80,56,56,56,37,51,51,51,41,41,41,25,41,11,56,52,52,52,57,60,60,19,0],"gold":144,"neow_bonus":"UPGRADE_CARD","is_prod":false,"is_daily":false,"chose_seed":false,"campfire_upgraded":7,"win_rate":0,"timestamp":1535758508,"path_taken":["M","?","M","M","M","M","M","R","T","R","M","M","R","M","R","BOSS","M","M","$","?","?","R","E","M","T","?","M","?","R","?","R","BOSS","M","?","?","?","M","R","M","M"],"build_version":"2018-08-30","purchased_purges":1,"victory":false,"max_hp_per_floor":[80,80,80,80,80,80,80,80,80,80,80,80,80,80,80,80,80,80,80,80,56,56,56,56,56,56,56,56,56,56,56,56,56,56,56,56,56,61,61,61,61,61],"card_choices":[{"not_picked":["Heavy Blade","Clash"],"picked":"Shrug It Off","floor":1},{"not_picked":["Clothesline","Wild Strike"],"picked":"Evolve","floor":3},{"not_picked":["Sword Boomerang","Thunderclap","Bloodletting"],"picked":"SKIP","floor":4},{"not_picked":["Wild Strike","Dual Wield"],"picked":"Power Through","floor":5},{"not_picked":["Twin Strike","Combust"],"picked":"Immolate","floor":6},{"not_picked":["Uppercut","Rupture","Warcry"],"picked":"SKIP","floor":7},{"not_picked":["Wild Strike","Pommel Strike"],"picked":"Inflame","floor":11},{"not_picked":["Headbutt","Rage","Flame Barrier"],"picked":"SKIP","floor":12},{"not_picked":["Shrug It Off","Corruption"],"picked":"Battle Trance","floor":14},{"not_picked":["Berserk","Juggernaut"],"picked":"Reaper","floor":16},{"not_picked":["Twin Strike","Wild Strike"],"picked":"Iron Wave","floor":18},{"not_picked":["Spot Weakness","Heavy Blade"],"picked":"Inflame","floor":19},{"not_picked":["Thunderclap","Havoc+1","Anger+1"],"picked":"SKIP","floor":22},{"not_picked":["Entrench","Bloodletting+1"],"picked":"Double Tap","floor":24},{"not_picked":["Ghostly Armor","Body Slam"],"picked":"Wild Strike+1","floor":25},{"not_picked":["Blood for Blood","Anger","True Grit+1"],"picked":"Wild Strike","floor":28},{"not_picked":["Berserk","Bludgeon","Exhume+1"],"picked":"Double Tap+1","floor":33},{"not_picked":["Headbutt+1","Pommel Strike+1","Flame Barrier+1"],"picked":"Iron Wave","floor":35},{"not_picked":["Mind Blast","Thinking Ahead+1","Discovery+1"],"picked":"Enlightenment+1","floor":36},{"not_picked":["True Grit+1","Reckless Charge+1","Shrug It Off+1"],"picked":"Flex+1","floor":39},{"not_picked":["Thunderclap","Rampage","Clothesline+1"],"picked":"Metallicize+1","floor":41}],"player_experience":291096,"relics_obtained":[{"floor":9,"key":"Letter Opener"},{"floor":24,"key":"Vajra"},{"floor":26,"key":"Question Card"},{"floor":31,"key":"Enchiridion"}],"event_choices":[{"event_name":"The Cleric","player_choice":"Card Removal","floor":2,"damage_taken":0},{"event_name":"Vampires","player_choice":"Became a vampire","floor":21,"damage_taken":0},{"event_name":"Masked Bandits","player_choice":"Paid Fearfully","floor":29,"damage_taken":0},{"event_name":"Cursed Tome","player_choice":"Obtained Book","floor":31,"damage_taken":0},{"event_name":"SensoryStone","player_choice":"Memory 1","floor":36,"damage_taken":0},{"event_name":"The Woman in Blue","player_choice":"Bought 0 Potions","floor":37,"damage_taken":0},{"event_name":"The Lab","player_choice":"Got Potions","floor":38,"damage_taken":0}],"is_beta":false,"boss_relics":[{"not_picked":["Orrery","Fusion Hammer"],"picked":"Velvet Choker"},{"not_picked":["Black Star","Runic Cube"],"picked":"White Beast Statue"}],"items_purged_floors":[20],"is_endless":false,"potions_floor_spawned":[1,4,6,16,24,25,33,35,39,41],"killed_by":"Maw","ascension_level":4}