{"path_per_floor":["M","?","M","?","M","M","M","M","T","E","R","E","R","E","R","B",null,"M","?","?","M","$","E","M","M","T","M","E","M","$","M","R","B",null,"M","$","M","M","T","E","M","R","T","M","R","$","?","?","R","B"],"character_chosen":"IRONCLAD","items_purchased":["Flash of Steel","Oddly Smooth Stone","Heavy Blade","Purity","Twin Strike","Poison Potion"],"gold_per_floor":[119,69,83,83,94,105,115,131,131,160,160,191,191,217,217,321,321,336,336,336,346,9,44,64,83,110,122,152,162,10,28,28,126,126,137,137,156,166,193,225,236,236,316,326,326,2,55,55,55,55],"floor_reached":51,"campfire_rested":3,"playtime":7580,"current_hp_per_floor":[78,78,78,78,75,73,69,63,63,25,53,26,54,29,57,3,94,82,104,104,103,103,98,97,93,93,89,82,76,76,67,67,40,104,87,87,96,98,98,83,74,74,74,94,94,94,96,86,86,45],"items_purged":["Regret","Decay","Doubt"],"gold":55,"play_id":"f554c4ec-8a30-46ff-a2f6-a2f5d8ef2307","is_prod":false,"is_daily":false,"is_ascension_mode":false,"campfire_upgraded":4,"path_taken":["M","?","M","?","M","M","M","?","T","E","R","E","R","E","R","BOSS","M","?","?","M","$","E","?","M","T","M","E","M","$","M","R","BOSS","M","?","M","M","?","E","M","R","T","?","R","$","?","?","R","BOSS"],"build_version":"2018-01-25-PROD3","purchased_purges":3,"victory":true,"master_deck":["Strike_R+1","Strike_R+1","Strike_R+1","Strike_R+1","Defend_R+1","Defend_R+1","Defend_R+1","Defend_R+1","Bash+1","Iron Wave+1","Shrug It Off","Cleave","Shrug It Off","Reckless Charge","Shrug It Off","Offering","Pommel Strike","Metallicize+1","Metallicize+1","Disarm+1","Flash of Steel","Cleave+1","Demon Form","Sword Boomerang+1","Heavy Blade+1","Heavy Blade+1","Reaper","Metallicize+1","Spot Weakness","Shrug It Off+1","Seeing Red+1","Injury","Disarm+1","Purity","Twin Strike","Thunderclap","Madness","Madness"],"max_hp_per_floor":[80,80,80,80,80,80,80,80,80,94,94,94,94,94,94,94,94,94,104,104,104,104,104,104,104,104,104,104,104,104,104,104,104,104,104,104,104,104,104,104,104,104,104,104,104,104,104,104,104,104],"relics":["Runic Pyramid","Bag of Marbles","Torii","Mango","Anchor","Shuriken","Cursed Key","Oddly Smooth Stone","Bottled Tornado","Pen Nib","Whetstone","Mark of Pain","Molten Egg","Bronze Scales","Paper Frog","Magic Flower"],"card_choices":[{"not_picked":["Blood for Blood","Hemokinesis"],"picked":"Iron Wave"},{"not_picked":["Body Slam","Seeing Red"],"picked":"Shrug It Off"},{"not_picked":["Body Slam","Feel No Pain"],"picked":"Cleave"},{"not_picked":["Anger","Body Slam"],"picked":"Shrug It Off"},{"not_picked":["Combust","Rage"],"picked":"Reckless Charge"},{"not_picked":["Clash","Flex"],"picked":"Shrug It Off"},{"not_picked":["Shrug It Off","Corruption"],"picked":"Offering"},{"not_picked":["Perfected Strike","Inflame"],"picked":"Pommel Strike"},{"not_picked":["Sword Boomerang","Seeing Red"],"picked":"Metallicize"},{"not_picked":["Brutality","Dark Embrace"],"picked":"Double Tap"},{"not_picked":["Power Through","Body Slam"],"picked":"Metallicize"},{"not_picked":["Twin Strike","Heavy Blade"],"picked":"Disarm"},{"not_picked":["Blood for Blood","Armaments"],"picked":"Cleave"},{"not_picked":["Anger","Intimidate"],"picked":"Demon Form"},{"not_picked":["Thunderclap","Combust"],"picked":"Sword Boomerang"},{"not_picked":["Anger","Disarm"],"picked":"Heavy Blade"},{"not_picked":["Demon Form","Double Tap"],"picked":"Reaper"},{"not_picked":["Feel No Pain","Heavy Blade"],"picked":"Metallicize"},{"not_picked":["Reckless Charge","True Grit"],"picked":"Spot Weakness"},{"not_picked":["Whirlwind","Rage"],"picked":"Shrug It Off"},{"not_picked":["Armaments","Rampage"],"picked":"Seeing Red"},{"not_picked":["Inflame","Sever Soul"],"picked":"Disarm"},{"not_picked":["Perfected Strike","Corruption"],"picked":"Thunderclap"}],"player_experience":15735,"potions_floor_usage":[8,10,12,16,33,37,40,44,44,50,50],"damage_taken":[{"damage":2,"enemies":"Small Slimes","floor":1,"turns":4},{"damage":0,"enemies":"2 Louse","floor":3,"turns":2},{"damage":3,"enemies":"Cultist","floor":5,"turns":4},{"damage":2,"enemies":"2 Fungi Beasts","floor":6,"turns":3},{"damage":4,"enemies":"3 Louse","floor":7,"turns":4},{"damage":6,"enemies":"Gremlin Gang","floor":8,"turns":2},{"damage":52,"enemies":"3 Sentries","floor":10,"turns":6},{"damage":27,"enemies":"Lagavulin","floor":12,"turns":7},{"damage":25,"enemies":"3 Sentries","floor":14,"turns":6},{"damage":54,"enemies":"The Guardian","floor":16,"turns":12},{"damage":12,"enemies":"3 Byrds","floor":18,"turns":5},{"damage":1,"enemies":"2 Thieves","floor":21,"turns":5},{"damage":5,"enemies":"Slavers","floor":23,"turns":6},{"damage":1,"enemies":"Snake Plant","floor":24,"turns":6},{"damage":4,"enemies":"3 Cultists","floor":25,"turns":5},{"damage":4,"enemies":"Snecko","floor":27,"turns":5},{"damage":7,"enemies":"Gremlin Leader","floor":28,"turns":5},{"damage":6,"enemies":"Snake Plant","floor":29,"turns":5},{"damage":9,"enemies":"Centurion and Healer","floor":31,"turns":5},{"damage":27,"enemies":"Collector","floor":33,"turns":7},{"damage":26,"enemies":"3 Shapes","floor":35,"turns":5},{"damage":13,"enemies":"3 Darklings","floor":37,"turns":7},{"damage":4,"enemies":"Maw","floor":38,"turns":8},{"damage":15,"enemies":"Giant Head","floor":40,"turns":7},{"damage":31,"enemies":"4 Shapes","floor":41,"turns":11},{"damage":15,"enemies":"3 Darklings","floor":44,"turns":10},{"damage":24,"enemies":"Mysterious Sphere","floor":47,"turns":6},{"damage":74,"enemies":"Donu and Deca","floor":50,"turns":9}],"event_choices":[{"event_name":"The Cleric","player_choice":"Card Removal","floor":2,"damage_taken":0},{"event_name":"Big Fish","player_choice":"Box","floor":4,"damage_taken":0},{"event_name":"Bonfire Elementals","player_choice":"RARE","floor":19,"damage_taken":0},{"event_name":"Back to Basics","player_choice":"Simplicity","floor":20,"damage_taken":0},{"event_name":"Mysterious Sphere","player_choice":"Fight","floor":47,"damage_taken":0},{"event_name":"Winding Halls","player_choice":"Embrace Madness","floor":48,"damage_taken":0}],"boss_relics":[{"not_picked":["Philosopher\u0027s Stone","Lizard Tail"],"picked":"Cursed Key"},{"not_picked":["Tiny House","Velvet Choker"],"picked":"Mark of Pain"}],"potions_floor_spawned":[5,6,8,12,18,24,33,38,40,41],"seed_played":"7081835070014980350","ascension_level":0,"is_trial":false}