{"path_per_floor":["M","M","?","M","?","R","E","M","T","R","M","M","E","M","R","B",null,"M","M","T","?","M","R","M","E","T","E","?","M","R","M","R"],"character_chosen":"THE_SILENT","items_purchased":[],"gold_per_floor":[99,99,99,99,99,99,99,99,99,99,84,84,84,84,84,84,84,84,9,9,9,9,9,9,9,9,9,9,9,9,9,9],"floor_reached":33,"campfire_rested":0,"playtime":4466,"current_hp_per_floor":[70,69,66,66,66,66,58,52,52,52,52,49,43,43,43,51,70,70,67,67,67,56,64,62,56,56,57,44,48,58,52,62],"items_purged":[],"gold":9,"score":301,"play_id":"911a2d10-c28a-43cb-954f-59c4f0dc6695","is_prod":false,"is_daily":false,"is_ascension_mode":false,"campfire_upgraded":6,"path_taken":["M","M","?","M","?","R","E","M","T","R","M","M","E","M","R","BOSS","M","M","?","?","M","R","M","E","T","E","?","M","R","M","R","BOSS"],"build_version":"2018-02-08-PROD1","purchased_purges":0,"victory":false,"master_deck":["Defend_G","Defend_G","Defend_G","Defend_G","Defend_G","Strike_G","Strike_G","Strike_G","Strike_G","Survivor","Neutralize+1","Finisher","Masterful Stab","Venomology","Dodge and Roll+1","PiercingWail","Acrobatics","Well Laid Plans+1","Escape Plan+1","Acrobatics","Wraith Form+1","Deflect","Sucker Punch","Leg Sweep+1","Dodge and Roll+1","Dagger Spray+1","Outmaneuver+1","Backstab"],"max_hp_per_floor":[70,70,70,70,70,70,70,70,70,70,70,70,70,70,70,70,70,70,70,70,70,70,70,70,70,70,70,75,75,75,75,75],"relics":["Ectoplasm","Happy Flower","Prayer Wheel","Bronze Scales","Bag of Marbles","Eternal Feather","Bird Faced Urn","Ninja Scroll","Bottled Lightning","Frozen Eye"],"card_choices":[{"not_picked":["Quick Slash","Flying Knee"],"picked":"Finisher"},{"not_picked":["Slice","Choke"],"picked":"Masterful Stab"},{"not_picked":["Dodge and Roll","Dagger Spray"],"picked":"Venomology"},{"not_picked":["Bane","Acrobatics"],"picked":"Dodge and Roll"},{"not_picked":["Caltrops","Acrobatics"],"picked":"PiercingWail"},{"not_picked":["Crippling Poison","Bane"],"picked":"Acrobatics"},{"not_picked":["Choke","Night Terror"],"picked":"Well Laid Plans"},{"not_picked":["Bane","Flying Knee"],"picked":"Escape Plan"},{"not_picked":["Choke","Venomology"],"picked":"Acrobatics"},{"not_picked":["Night Terror","Bullet Time"],"picked":"Wraith Form"},{"not_picked":["Slice","Backflip"],"picked":"Deflect"},{"not_picked":["Acrobatics","Bane"],"picked":"Sucker Punch"},{"not_picked":["Doppelganger","Dodge and Roll"],"picked":"Leg Sweep"},{"not_picked":["Dagger Spray","Well Laid Plans"],"picked":"Dodge and Roll"},{"not_picked":["Eviscerate","Acrobatics"],"picked":"Dagger Spray"},{"not_picked":["Night Terror","Dodge and Roll"],"picked":"Outmaneuver"},{"not_picked":["Sucker Punch","Flying Knee"],"picked":"Backstab"}],"player_experience":56429,"potions_floor_usage":[7,12,14,14,16,16,18,19,24,25,27,29,31,33],"damage_taken":[{"damage":0,"enemies":"Small Slimes","floor":1,"turns":6},{"damage":1,"enemies":"Jaw Worm","floor":2,"turns":3},{"damage":0,"enemies":"2 Louse","floor":4,"turns":2},{"damage":23,"enemies":"Lagavulin","floor":7,"turns":10},{"damage":6,"enemies":"Lots of Slimes","floor":8,"turns":5},{"damage":0,"enemies":"Looter","floor":11,"turns":2},{"damage":3,"enemies":"Large Slime","floor":12,"turns":7},{"damage":6,"enemies":"3 Sentries","floor":13,"turns":9},{"damage":0,"enemies":"Gremlin Gang","floor":14,"turns":2},{"damage":7,"enemies":"Hexaghost","floor":16,"turns":14},{"damage":0,"enemies":"3 Byrds","floor":18,"turns":4},{"damage":3,"enemies":"2 Thieves","floor":19,"turns":5},{"damage":15,"enemies":"Snake Plant","floor":22,"turns":5},{"damage":6,"enemies":"3 Cultists","floor":24,"turns":6},{"damage":10,"enemies":"Gremlin Leader","floor":25,"turns":9},{"damage":3,"enemies":"Book of Stabbing","floor":27,"turns":5},{"damage":0,"enemies":"Centurion and Healer","floor":29,"turns":5},{"damage":6,"enemies":"Snecko","floor":31,"turns":7},{"damage":66,"enemies":"Collector","floor":33,"turns":12}],"event_choices":[{"event_name":"Scrap Ooze","player_choice":"success","floor":3,"damage_taken":3},{"event_name":"Bonfire Elementals","player_choice":"BASIC","floor":5,"damage_taken":0},{"event_name":"The Lab","player_choice":"Got Potions","floor":21,"damage_taken":0},{"event_name":"Forgotten Altar","player_choice":"Shed Blood","floor":28,"damage_taken":0}],"boss_relics":[{"not_picked":["Philosopher\u0027s Stone","Cursed Key"],"picked":"Eternal Feather"}],"potions_floor_spawned":[1,7,12,13,14,16,18,19],"seed_played":"1965532218443344770","killed_by":"Collector","ascension_level":0,"is_trial":false}