{"gold_per_floor":[419,433,433,451,451,451,471,546,546,116,151,151,169,181,181,284,284,304,319,369,369],"floor_reached":21,"playtime":1585,"items_purged":["Strike_B"],"score":217,"play_id":"bf515e91-036b-4760-89e2-9093e521cba3","local_time":"20180816222207","is_ascension_mode":true,"campfire_choices":[{"data":"White Noise","floor":6,"key":"SMITH"},{"data":"Rainbow","floor":12,"key":"SMITH"},{"floor":15,"key":"REST"}],"neow_cost":"PERCENT_DAMAGE","seed_source_timestamp":106790928531200,"circlet_count":0,"master_deck":["Strike_B","Strike_B","Defend_B","Defend_B","Defend_B","Defend_B","Zap","Dualcast","Go for the Eyes","White Noise+1","Melter","Redo","Compile Driver","Rainbow+1","Electrodynamics","Capacitor","Aggregate"],"relics":["Cracked Core","Old Coin","Letter Opener","Sundial","Gremlin Horn","Philosopher\u0027s Stone"],"potions_floor_usage":[16,19],"damage_taken":[{"damage":15,"enemies":"Small Slimes","floor":1,"turns":4},{"damage":2,"enemies":"Jaw Worm","floor":2,"turns":2},{"damage":3,"enemies":"2 Louse","floor":4,"turns":2},{"damage":6,"enemies":"Exordium Thugs","floor":7,"turns":4},{"damage":10,"enemies":"Lagavulin","floor":11,"turns":5},{"damage":0,"enemies":"Large Slime","floor":13,"turns":4},{"damage":13,"enemies":"3 Louse","floor":14,"turns":2},{"damage":8,"enemies":"Hexaghost","floor":16,"turns":8},{"damage":15,"enemies":"2 Thieves","floor":18,"turns":3},{"damage":31,"enemies":"3 Byrds","floor":19,"turns":2},{"damage":31,"enemies":"3 Cultists","floor":21,"turns":3}],"seed_played":"160846014686565960","potions_obtained":[{"floor":2,"key":"Block Potion"},{"floor":14,"key":"Explosive Potion"}],"is_trial":false,"path_per_floor":["M","M","?","M","?","R","M","?","T","$","E","R","M","M","R","B",null,"M","M","?"],"character_chosen":"DEFECT","items_purchased":["Sundial","Compile Driver"],"campfire_rested":1,"item_purchase_floors":[10,10],"current_hp_per_floor":[39,37,62,59,59,59,53,42,42,42,32,32,32,19,41,33,75,60,29,29,0],"gold":369,"neow_bonus":"ONE_RARE_RELIC","is_prod":false,"is_daily":false,"chose_seed":false,"campfire_upgraded":2,"win_rate":0,"timestamp":1534454527,"path_taken":["M","M","?","M","?","R","M","?","T","?","E","R","?","M","R","BOSS","M","M","?","M"],"build_version":"2018-08-09","purchased_purges":1,"victory":false,"max_hp_per_floor":[75,75,75,75,75,75,75,75,75,75,75,75,75,75,75,75,75,75,75,75,75],"card_choices":[{"not_picked":["Ball Lightning","Streamline"],"picked":"Go for the Eyes","floor":1},{"not_picked":["Turbo","Go for the Eyes","Compile Driver"],"picked":"SKIP","floor":2},{"not_picked":["BootSequence","Double Energy"],"picked":"White Noise","floor":4},{"not_picked":["Melter","Compile Driver"],"picked":"Redo","floor":7},{"not_picked":["Rebound","Sweeping Beam"],"picked":"Rainbow","floor":11},{"not_picked":["Rebound","Hologram","Darkness"],"picked":"SKIP","floor":13},{"not_picked":["Turbo","Storm","Stack"],"picked":"SKIP","floor":14},{"not_picked":["Machine Learning","Seek"],"picked":"Electrodynamics","floor":16},{"not_picked":["Reinforced Body","Rebound+1"],"picked":"Capacitor","floor":18},{"not_picked":["Streamline+1","Blizzard"],"picked":"Aggregate","floor":19}],"player_experience":263996,"relics_obtained":[{"floor":9,"key":"Letter Opener"},{"floor":11,"key":"Gremlin Horn"}],"event_choices":[{"event_name":"Big Fish","player_choice":"Banana","floor":3,"damage_taken":0},{"event_name":"Transmorgrifier","player_choice":"Transform","floor":5,"damage_taken":0},{"event_name":"World of Goop","player_choice":"Gather Gold","floor":8,"damage_taken":0},{"event_name":"The Joust","player_choice":"Bet on Murderer","floor":20,"damage_taken":0}],"is_beta":false,"boss_relics":[{"not_picked":["Snecko Eye","Orrery"],"picked":"Philosopher\u0027s Stone"}],"items_purged_floors":[10],"is_endless":false,"potions_floor_spawned":[2,14],"killed_by":"3 Cultists","ascension_level":4}