{"gold_per_floor":[113,16,16,35,53,53,91,1,1,1,1,22,36,52,52,172,172,185,209,209],"floor_reached":20,"playtime":1634,"items_purged":[],"score":176,"play_id":"6b132e2c-b7fd-47a0-a3a1-113c8ebe9d4f","local_time":"20190322234607","is_ascension_mode":false,"campfire_choices":[{"data":"Leg Sweep","floor":6,"key":"SMITH"},{"floor":11,"key":"REST"},{"data":"Endless Agony","floor":15,"key":"SMITH"}],"neow_cost":"NONE","seed_source_timestamp":531227227126800,"circlet_count":0,"master_deck":["Defend_G","Defend_G","Defend_G","Defend_G","Defend_G","Strike_G","Strike_G","Strike_G","Strike_G","Strike_G","Survivor","Neutralize","Crippling Poison","Dagger Spray","Leg Sweep+1","Injury","Dodge and Roll","Endless Agony+1","Endless Agony","Backflip","Expertise","PiercingWail","A Thousand Cuts","Parasite","Clumsy","Normality","Bouncing Flask","Blade Dance+1"],"relics":["Ring of the Snake","Golden Idol","Paper Crane","Shuriken","Calling Bell","PreservedInsect","The Courier","Torii"],"potions_floor_usage":[7,16,16,18,20],"damage_taken":[{"damage":8,"enemies":"Small Slimes","floor":1,"turns":3},{"damage":0,"enemies":"2 Louse","floor":4,"turns":2},{"damage":0,"enemies":"Jaw Worm","floor":5,"turns":5},{"damage":37,"enemies":"Lagavulin","floor":7,"turns":9},{"damage":6,"enemies":"Exordium Wildlife","floor":12,"turns":6},{"damage":0,"enemies":"2 Fungi Beasts","floor":13,"turns":5},{"damage":0,"enemies":"Lots of Slimes","floor":14,"turns":3},{"damage":46,"enemies":"The Guardian","floor":16,"turns":13},{"damage":10,"enemies":"Spheric Guardian","floor":18,"turns":10},{"damage":36,"enemies":"3 Byrds","floor":19,"turns":6},{"damage":34,"enemies":"Sentry and Sphere","floor":20,"turns":11}],"seed_played":"9048448238415937282","potions_obtained":[{"floor":1,"key":"Poison Potion"},{"floor":12,"key":"Dexterity Potion"},{"floor":14,"key":"Swift Potion"},{"floor":16,"key":"Dexterity Potion"},{"floor":19,"key":"Fire Potion"}],"is_trial":false,"path_per_floor":["M","$","?","M","M","R","E","$","T","$","R","M","M","M","R","B",null,"M","M","M"],"character_chosen":"THE_SILENT","items_purchased":["Dagger Spray","Leg Sweep","Endless Agony","Backflip"],"campfire_rested":1,"item_purchase_floors":[2,2,8,8],"current_hp_per_floor":[69,69,69,69,69,69,32,32,32,32,55,49,49,49,49,3,77,67,31,0],"gold":209,"neow_bonus":"TEN_PERCENT_HP_BONUS","is_prod":false,"is_daily":false,"chose_seed":false,"campfire_upgraded":2,"win_rate":0.0,"timestamp":1553312767,"path_taken":["M","$","?","M","M","R","E","$","T","$","R","M","M","M","R","BOSS","M","M","M"],"build_version":"2019-01-23","purchased_purges":0,"victory":false,"max_hp_per_floor":[77,77,77,77,77,77,77,77,77,77,77,77,77,77,77,77,77,77,77,77],"card_choices":[{"not_picked":["Eviscerate","Blade Dance"],"picked":"Crippling Poison","floor":1},{"not_picked":["Blade Dance","Deflect"],"picked":"Dodge and Roll","floor":4},{"not_picked":["Well Laid Plans","Poisoned Stab"],"picked":"Endless Agony","floor":5},{"not_picked":["Deflect","Well Laid Plans","Outmaneuver"],"picked":"SKIP","floor":7},{"not_picked":["Sucker Punch","Deflect"],"picked":"Expertise","floor":12},{"not_picked":["Backflip","Burst"],"picked":"PiercingWail","floor":13},{"not_picked":["Outmaneuver","Flying Knee","Dagger Spray"],"picked":"SKIP","floor":14},{"not_picked":["Doppelganger","Die Die Die"],"picked":"A Thousand Cuts","floor":16},{"not_picked":["Flying Knee","Reflex"],"picked":"Bouncing Flask","floor":18},{"not_picked":["Acrobatics","Dodge and Roll"],"picked":"Blade Dance+1","floor":19}],"player_experience":49296,"relics_obtained":[{"floor":7,"key":"Paper Crane"},{"floor":9,"key":"Shuriken"},{"floor":17,"key":"PreservedInsect"},{"floor":17,"key":"The Courier"},{"floor":17,"key":"Torii"}],"event_choices":[{"damage_healed":0,"gold_gain":0,"player_choice":"Take Wound","damage_taken":0,"relics_obtained":["Golden Idol"],"max_hp_gain":0,"max_hp_loss":0,"event_name":"Golden Idol","floor":3,"gold_loss":0,"cards_obtained":["Injury"]}],"is_beta":false,"boss_relics":[{"not_picked":["Lizard Tail","Fusion Hammer"],"picked":"Calling Bell"}],"items_purged_floors":[],"is_endless":false,"potions_floor_spawned":[1,12,14,16,19],"killed_by":"Sentry and Sphere","ascension_level":0}