{"gold_per_floor":[112,112,112,35,49,83,107,140,186,186],"floor_reached":10,"playtime":358,"items_purged":[],"score":114,"play_id":"c393b501-d3a0-4bb3-b4db-f32f243b9a84","local_time":"20190303155849","is_ascension_mode":true,"campfire_choices":[],"neow_cost":"NONE","seed_source_timestamp":225590300142222,"circlet_count":0,"master_deck":["AscendersBane","Strike_R","Strike_R+1","Strike_R","Strike_R","Strike_R","Defend_R+1","Defend_R","Defend_R","Defend_R","Bash","Headbutt","Inflame","Flame Barrier","Barricade","Iron Wave","Rage"],"relics":["Burning Blood","Happy Flower","Golden Idol","Bottled Lightning","Orichalcum","Regal Pillow"],"potions_floor_usage":[],"damage_taken":[{"damage":8,"enemies":"2 Louse","floor":1,"turns":2},{"damage":7,"enemies":"Jaw Worm","floor":5,"turns":3},{"damage":30,"enemies":"3 Sentries","floor":6,"turns":12},{"damage":2,"enemies":"Small Slimes","floor":7,"turns":4},{"damage":32,"enemies":"Gremlin Nob","floor":8,"turns":5},{"damage":10,"enemies":"2 Fungi Beasts","floor":10,"turns":2}],"seed_played":"8544284335059893392","potions_obtained":[{"floor":7,"key":"LiquidBronze"},{"floor":8,"key":"Ancient Potion"}],"is_trial":false,"path_per_floor":["M","?","?","$","M","E","M","E","T","M"],"character_chosen":"IRONCLAD","items_purchased":["Inflame"],"campfire_rested":0,"item_purchase_floors":[4],"current_hp_per_floor":[70,70,55,55,54,30,34,8,8,0],"gold":186,"neow_bonus":"RANDOM_COMMON_RELIC","is_prod":false,"is_daily":false,"chose_seed":false,"campfire_upgraded":0,"win_rate":0,"timestamp":1551646729,"path_taken":["M","?","?","$","M","E","M","E","T","?"],"build_version":"2019-01-23","purchased_purges":0,"victory":false,"max_hp_per_floor":[80,74,74,74,74,74,74,74,74,74],"card_choices":[{"not_picked":["Twin Strike","Sword Boomerang"],"picked":"Headbutt","floor":1},{"not_picked":["Armaments","Sword Boomerang"],"picked":"Flame Barrier","floor":5},{"not_picked":["Fire Breathing","Bloodletting"],"picked":"Barricade","floor":6},{"not_picked":["Flex","Blood for Blood"],"picked":"Iron Wave","floor":7},{"not_picked":["Disarm","Sword Boomerang"],"picked":"Rage","floor":8}],"player_experience":267855,"relics_obtained":[{"floor":6,"key":"Bottled Lightning"},{"floor":8,"key":"Orichalcum"},{"floor":9,"key":"Regal Pillow"}],"event_choices":[{"damage_healed":0,"gold_gain":0,"player_choice":"Lose Max HP","damage_taken":0,"relics_obtained":["Golden Idol"],"max_hp_gain":0,"max_hp_loss":6,"event_name":"Golden Idol","floor":2,"gold_loss":0},{"damage_healed":0,"gold_gain":0,"player_choice":"Entered Light","damage_taken":15,"max_hp_gain":0,"max_hp_loss":0,"event_name":"Shining Light","floor":3,"gold_loss":0,"cards_upgraded":["Defend_R","Strike_R"]}],"is_beta":false,"boss_relics":[],"items_purged_floors":[],"is_endless":false,"potions_floor_spawned":[7,8],"killed_by":"2 Fungi Beasts","ascension_level":10}