{"gold_per_floor":[212,177,187,198,198,231,231,231,231,247,278,278,296,312,312,441,441,464,464,510,30,51,51,91,91,116,159,159,159,13,29,29,155,155,176,176,301,320,320,320,320,320,320,355,151,172,172,196,196,196],"floor_reached":51,"playtime":1487,"items_purged":["Defend_R"],"score":1204,"play_id":"9b4c11b9-c037-413d-a9a8-09583398040e","local_time":"20190315234742","is_ascension_mode":true,"campfire_choices":[{"data":"Armaments","floor":7,"key":"SMITH"},{"floor":12,"key":"REST"},{"data":"Inflame","floor":15,"key":"SMITH"},{"data":"Limit Break","floor":23,"key":"SMITH"},{"floor":25,"key":"REST"},{"floor":32,"key":"REST"},{"data":"Heavy Blade","floor":40,"key":"SMITH"},{"data":"Heavy Blade","floor":47,"key":"SMITH"},{"data":"Anger","floor":49,"key":"SMITH"}],"neow_cost":"NONE","seed_source_timestamp":173779364540695,"circlet_count":0,"master_deck":["AscendersBane","Strike_R","Strike_R","Strike_R","Defend_R","Defend_R","Bash","Armaments+1","Cleave","Immolate","Shrug It Off","Inflame+1","Anger","Limit Break+1","Shrug It Off","Heavy Blade+1","Dropkick+1","Feed","Anger+1","Finesse","Heavy Blade+1","Uppercut+1","Parasite"],"relics":["Burning Blood","Ornamental Fan","Du-Vu Doll","Golden Idol","Bag of Marbles","Red Skull","Empty Cage","Orichalcum","Shuriken","Brimstone","Gremlin Horn","Smiling Mask","Mercury Hourglass","Anchor","Busted Crown","WingedGreaves","Dodecahedron","Pantograph","Bag of Preparation"],"potions_floor_usage":[11,16,33,50,50],"damage_taken":[{"damage":19,"enemies":"Jaw Worm","floor":1,"turns":5},{"damage":5,"enemies":"2 Louse","floor":3,"turns":4},{"damage":11,"enemies":"Small Slimes","floor":4,"turns":4},{"damage":40,"enemies":"3 Sentries","floor":6,"turns":10},{"damage":0,"enemies":"3 Louse","floor":10,"turns":2},{"damage":20,"enemies":"Gremlin Nob","floor":11,"turns":4},{"damage":8,"enemies":"Exordium Thugs","floor":13,"turns":3},{"damage":0,"enemies":"2 Fungi Beasts","floor":14,"turns":1},{"damage":29,"enemies":"Hexaghost","floor":16,"turns":6},{"damage":7,"enemies":"Chosen","floor":18,"turns":4},{"damage":7,"enemies":"Spheric Guardian","floor":22,"turns":3},{"damage":46,"enemies":"Book of Stabbing","floor":24,"turns":4},{"damage":31,"enemies":"Slavers","floor":27,"turns":2},{"damage":0,"enemies":"Colosseum Slavers","floor":29,"turns":1},{"damage":12,"enemies":"Snake Plant","floor":31,"turns":2},{"damage":34,"enemies":"Automaton","floor":33,"turns":5},{"damage":0,"enemies":"3 Darklings","floor":35,"turns":3},{"damage":0,"enemies":"Mind Bloom Boss Battle","floor":37,"turns":2},{"damage":0,"enemies":"Orb Walker","floor":38,"turns":2},{"damage":0,"enemies":"Reptomancer","floor":44,"turns":2},{"damage":0,"enemies":"Sphere and 2 Shapes","floor":46,"turns":2},{"damage":0,"enemies":"Writhing Mass","floor":48,"turns":3},{"damage":19,"enemies":"Awakened One","floor":50,"turns":4}],"seed_played":"336384233118632045","potions_obtained":[{"floor":3,"key":"Weak Potion"},{"floor":10,"key":"Ancient Potion"},{"floor":13,"key":"Strength Potion"},{"floor":24,"key":"SpeedPotion"},{"floor":33,"key":"Regen Potion"},{"floor":37,"key":"FearPotion"}],"is_trial":false,"path_per_floor":["M","?","M","M","T","E","R","?","T","M","E","R","M","M","R","B",null,"M","?","T","$","M","R","E","R","T","E","?","?","$","M","R","B",null,"M","?","?","M","?","R","?","?","T","E","$","M","R","M","R","B",null],"character_chosen":"IRONCLAD","items_purchased":["Shuriken","Brimstone","Heavy Blade","Anchor","Bag of Preparation"],"campfire_rested":3,"item_purchase_floors":[21,21,21,30,45],"current_hp_per_floor":[59,79,80,75,75,41,41,41,41,47,33,55,53,59,59,36,65,64,64,64,64,63,63,23,45,45,20,20,26,26,20,42,14,59,65,65,71,74,74,74,74,74,74,77,77,77,77,80,80,72],"gold":196,"neow_bonus":"HUNDRED_GOLD","is_prod":false,"is_daily":false,"chose_seed":false,"campfire_upgraded":6,"win_rate":0,"timestamp":1552708062,"path_taken":["M","?","M","M","?","E","R","?","T","M","E","R","M","M","R","BOSS","M","?","?","$","M","R","E","R","T","E","?","?","$","M","R","BOSS","M","?","?","?","?","R","?","?","T","E","$","?","R","M","R","BOSS"],"build_version":"2019-01-23","purchased_purges":1,"victory":true,"max_hp_per_floor":[80,80,80,80,80,80,80,74,74,74,74,74,74,74,74,74,74,74,74,74,74,74,74,74,74,74,74,74,74,74,74,74,74,74,74,74,74,74,74,74,74,74,74,77,77,77,77,80,80,80],"card_choices":[{"not_picked":["Sword Boomerang","Flex","Havoc"],"picked":"SKIP","floor":1},{"not_picked":["Headbutt","Thunderclap"],"picked":"Armaments","floor":3},{"not_picked":["Ghostly Armor","Anger"],"picked":"Cleave","floor":4},{"not_picked":["Armaments","Clash"],"picked":"Immolate","floor":6},{"not_picked":["Armaments","Heavy Blade"],"picked":"Shrug It Off","floor":10},{"not_picked":["Rupture","Metallicize"],"picked":"Inflame","floor":11},{"not_picked":["Heavy Blade","Body Slam"],"picked":"Anger","floor":13},{"not_picked":["Burning Pact","Sword Boomerang","Feel No Pain"],"picked":"SKIP","floor":14},{"not_picked":["Immolate","Berserk"],"picked":"Limit Break","floor":16},{"not_picked":["Sentinel","Perfected Strike"],"picked":"Shrug It Off","floor":18},{"not_picked":["Flex","Reckless Charge"],"picked":"Dropkick+1","floor":22},{"not_picked":["Clash","Armaments","Juggernaut"],"picked":"SKIP","floor":24},{"not_picked":["Iron Wave","Clothesline","Warcry"],"picked":"SKIP","floor":27},{"not_picked":["Clash","Flex","Rage"],"picked":"SKIP","floor":31},{"not_picked":["Barricade","Bludgeon"],"picked":"Feed","floor":33},{"not_picked":[],"picked":"Anger","floor":35},{"not_picked":[],"picked":"Finesse","floor":36},{"not_picked":[],"picked":"Heavy Blade","floor":37},{"not_picked":["Rampage"],"picked":"SKIP","floor":38},{"not_picked":[],"picked":"Uppercut+1","floor":44},{"not_picked":["Evolve"],"picked":"SKIP","floor":46},{"not_picked":["Iron Wave"],"picked":"SKIP","floor":48}],"player_experience":305596,"relics_obtained":[{"floor":5,"key":"Ornamental Fan"},{"floor":6,"key":"Du-Vu Doll"},{"floor":9,"key":"Bag of Marbles"},{"floor":11,"key":"Red Skull"},{"floor":20,"key":"Orichalcum"},{"floor":24,"key":"Gremlin Horn"},{"floor":26,"key":"Smiling Mask"},{"floor":27,"key":"Mercury Hourglass"},{"floor":37,"key":"WingedGreaves"},{"floor":43,"key":"Dodecahedron"},{"floor":44,"key":"Pantograph"}],"event_choices":[{"damage_healed":20,"gold_gain":0,"player_choice":"Healed","damage_taken":0,"max_hp_gain":0,"max_hp_loss":0,"event_name":"The Cleric","floor":2,"gold_loss":35},{"damage_healed":0,"gold_gain":0,"player_choice":"Lose Max HP","damage_taken":0,"relics_obtained":["Golden Idol"],"max_hp_gain":0,"max_hp_loss":6,"event_name":"Golden Idol","floor":8,"gold_loss":0},{"damage_healed":0,"gold_gain":0,"player_choice":"Ignored","damage_taken":0,"max_hp_gain":0,"max_hp_loss":0,"event_name":"Vampires","floor":19,"gold_loss":0},{"damage_healed":0,"gold_gain":0,"player_choice":"Ignored","damage_taken":0,"max_hp_gain":0,"max_hp_loss":0,"event_name":"Ghosts","floor":28,"gold_loss":0},{"damage_healed":0,"gold_gain":0,"player_choice":"Fight","damage_taken":0,"max_hp_gain":0,"max_hp_loss":0,"event_name":"Colosseum","floor":29,"gold_loss":0},{"damage_healed":0,"gold_gain":0,"player_choice":"Fled From Nobs","damage_taken":0,"max_hp_gain":0,"max_hp_loss":0,"event_name":"Colosseum","floor":29,"gold_loss":0},{"damage_healed":0,"gold_gain":0,"player_choice":"Memory 1","damage_taken":0,"max_hp_gain":0,"max_hp_loss":0,"event_name":"SensoryStone","floor":36,"gold_loss":0},{"damage_healed":0,"gold_gain":0,"player_choice":"Fight","damage_taken":0,"max_hp_gain":0,"max_hp_loss":0,"event_name":"MindBloom","floor":37,"gold_loss":0},{"damage_healed":0,"gold_gain":0,"player_choice":"Ignored","damage_taken":0,"max_hp_gain":0,"max_hp_loss":0,"event_name":"Tomb of Lord Red Mask","floor":39,"gold_loss":0},{"cards_removed":["Defend_R"],"damage_healed":0,"gold_gain":0,"player_choice":"Removed Skill","damage_taken":0,"max_hp_gain":0,"max_hp_loss":0,"event_name":"Falling","floor":41,"gold_loss":0},{"damage_healed":0,"gold_gain":0,"player_choice":"Bought 0 Potions","damage_taken":0,"max_hp_gain":0,"max_hp_loss":0,"event_name":"The Woman in Blue","floor":42,"gold_loss":0}],"is_beta":false,"boss_relics":[{"not_picked":["Runic Dome","Runic Cube"],"picked":"Empty Cage"},{"not_picked":["Sozu","Black Star"],"picked":"Busted Crown"}],"items_purged_floors":[45],"is_endless":false,"potions_floor_spawned":[3,10,13,14,24,29,33,37,38],"ascension_level":12}