{"gold_per_floor":[109,132,132,151,165,165,500,511,511,525,125,125,125,143,143,243,243,210,222,222,222,322,322,25,25,75,140,140,154,154,29,29,133,133,150,150,150,150,150,150,150],"floor_reached":41,"playtime":2597,"items_purged":["Underhanded Strike","Strike_G","Dagger Throw"],"score":430,"play_id":"f9889271-3c7d-413c-bdf7-06a024df03b2","local_time":"20190330140344","is_ascension_mode":false,"campfire_choices":[{"data":"Deadly Poison","floor":6.0,"key":"SMITH"},{"floor":15.0,"key":"REST"},{"floor":23.0,"key":"REST"},{"floor":28.0,"key":"REST"},{"floor":30.0,"key":"REST"},{"floor":32.0,"key":"REST"},{"floor":40,"key":"REST"}],"neow_cost":"NONE","seed_source_timestamp":588498804167677,"circlet_count":0,"master_deck":["Defend_G","Defend_G","Defend_G","Defend_G","Defend_G","Strike_G","Strike_G","Strike_G","Survivor","Poisoned Stab","Deadly Poison+1","Quick Slash","Deadly Poison","Infinite Blades+1","Accuracy","Dagger Spray","Envenom","Bane+1","Backflip","Noxious Fumes","Dagger Spray","Cloak And Dagger","Dodge and Roll","Writhe","Magnetism"],"special_seed":0,"relics":["Ring of the Snake","Lantern","CultistMask","Old Coin","Juzu Bracelet","Sundial","Fusion Hammer","Happy Flower","Boot","Tiny Chest","HoveringKite","PreservedInsect"],"potions_floor_usage":[],"damage_taken":[{"damage":5.0,"enemies":"Cultist","floor":1.0,"turns":7.0},{"damage":0.0,"enemies":"2 Louse","floor":4.0,"turns":3.0},{"damage":0.0,"enemies":"Jaw Worm","floor":5.0,"turns":4.0},{"damage":35.0,"enemies":"3 Sentries","floor":7.0,"turns":12.0},{"damage":4.0,"enemies":"Blue Slaver","floor":8.0,"turns":4.0},{"damage":0.0,"enemies":"Large Slime","floor":10.0,"turns":7.0},{"damage":11.0,"enemies":"Exordium Wildlife","floor":14.0,"turns":4.0},{"damage":26.0,"enemies":"Hexaghost","floor":16.0,"turns":8.0},{"damage":20.0,"enemies":"2 Thieves","floor":18.0,"turns":5.0},{"damage":18.0,"enemies":"Shell Parasite","floor":19.0,"turns":4.0},{"damage":38.0,"enemies":"Slavers","floor":27.0,"turns":4.0},{"damage":27.0,"enemies":"Sentry and Sphere","floor":29.0,"turns":5.0},{"damage":51.0,"enemies":"Automaton","floor":33.0,"turns":7.0},{"damage":49,"enemies":"3 Shapes","floor":35,"turns":6},{"damage":76,"enemies":"3 Darklings","floor":41,"turns":5}],"seed_played":"-671330027095134159","potions_obtained":[{"floor":4.0,"key":"Poison Potion"},{"floor":7.0,"key":"FearPotion"},{"floor":10.0,"key":"SmokeBomb"},{"floor":14.0,"key":"Weak Potion"},{"floor":18.0,"key":"FearPotion"},{"floor":27.0,"key":"LiquidBronze"},{"floor":29.0,"key":"Swift Potion"},{"floor":33.0,"key":"PowerPotion"}],"is_trial":false,"path_per_floor":["M","T","?","M","M","R","E","M","T","M","$","?","?","M","R","B",null,"M","M","?","?","?","R","$","?","T","E","R","M","R","$","R","B",null,"M","?","?","?","?","R","M"],"character_chosen":"THE_SILENT","items_purchased":["Sundial","Accuracy","Happy Flower","Dagger Spray"],"campfire_rested":6,"item_purchase_floors":[11,11,24,24],"current_hp_per_floor":[72,72,72,72,72,72,37,33,33,33,33,33,33,22,45,19,77,57,39,39,39,39,62,62,62,62,24,47,20,43,43,66,15,77,28,28,47,47,47,70,0],"gold":150,"neow_bonus":"TEN_PERCENT_HP_BONUS","is_prod":false,"is_daily":false,"chose_seed":false,"campfire_upgraded":1,"win_rate":0.0,"timestamp":1553969024,"path_taken":["M","?","?","?","M","R","E","M","T","M","?","?","?","M","R","BOSS","M","M","?","?","?","R","?","?","T","E","R","M","R","$","R","BOSS","M","?","?","?","?","R","M"],"build_version":"2019-01-23","purchased_purges":3,"victory":false,"max_hp_per_floor":[77,77,77,77,77,77,77,77,77,77,77,77,77,77,77,77,77,77,77,77,77,77,77,77,77,77,77,77,77,77,77,77,77,77,77,77,77,77,77,77,77],"card_choices":[{"not_picked":["Masterful Stab","Prepared"],"picked":"Poisoned Stab","floor":1.0},{"not_picked":["Deflect","PiercingWail"],"picked":"Deadly Poison","floor":4.0},{"not_picked":["Prepared","Distraction"],"picked":"Underhanded Strike","floor":5.0},{"not_picked":["Outmaneuver","Tactician"],"picked":"Quick Slash","floor":7.0},{"not_picked":["Eviscerate","Infinite Blades"],"picked":"Deadly Poison","floor":8.0},{"not_picked":["Expertise","Reflex"],"picked":"Infinite Blades","floor":10.0},{"not_picked":["Cloak And Dagger","Deadly Poison"],"picked":"Dagger Spray","floor":14.0},{"not_picked":["Corpse Explosion","Unload"],"picked":"Envenom","floor":16.0},{"not_picked":["Slice","Blur"],"picked":"Bane+1","floor":18.0},{"not_picked":["Choke+1","Deadly Poison"],"picked":"Backflip","floor":19.0},{"not_picked":["Outmaneuver+1","Flying Knee"],"picked":"Dagger Throw","floor":27.0},{"not_picked":["A Thousand Cuts","Catalyst+1"],"picked":"Cloak And Dagger","floor":29.0},{"not_picked":["Choke","Sucker Punch"],"picked":"Dodge and Roll","floor":35},{"not_picked":["Violence","Jack Of All Trades"],"picked":"Magnetism","floor":38}],"player_experience":90499,"relics_obtained":[{"floor":2.0,"key":"Lantern"},{"floor":7.0,"key":"Old Coin"},{"floor":9.0,"key":"Juzu Bracelet"},{"floor":26.0,"key":"Boot"},{"floor":27.0,"key":"Tiny Chest"}],"event_choices":[{"damage_healed":0.0,"max_hp_gain":0.0,"max_hp_loss":0.0,"gold_gain":0.0,"event_name":"FaceTrader","player_choice":"Trade","floor":3.0,"gold_loss":0.0,"damage_taken":0.0,"relics_obtained":["CultistMask"]},{"damage_healed":0.0,"max_hp_gain":0.0,"max_hp_loss":0.0,"gold_gain":0.0,"event_name":"Shining Light","player_choice":"Ignored","floor":12.0,"gold_loss":0.0,"damage_taken":0.0},{"damage_healed":0.0,"max_hp_gain":0.0,"max_hp_loss":0.0,"gold_gain":0.0,"event_name":"Living Wall","player_choice":"Grow","floor":13.0,"gold_loss":0.0,"damage_taken":0.0,"cards_upgraded":["Infinite Blades"]},{"damage_healed":0.0,"max_hp_gain":0.0,"max_hp_loss":0.0,"gold_gain":0.0,"event_name":"The Library","player_choice":"Read","floor":20.0,"gold_loss":0.0,"damage_taken":0.0,"cards_obtained":["Noxious Fumes"]},{"cards_removed":["Strike_G"],"damage_healed":0.0,"max_hp_gain":0.0,"max_hp_loss":0.0,"gold_gain":0.0,"event_name":"Purifier","player_choice":"Purged","floor":21.0,"gold_loss":0.0,"damage_taken":0.0},{"damage_healed":0.0,"max_hp_gain":0.0,"max_hp_loss":0.0,"gold_gain":100.0,"event_name":"Golden Shrine","player_choice":"Pray","floor":22.0,"gold_loss":0.0,"damage_taken":0.0},{"damage_healed":0.0,"max_hp_gain":0.0,"max_hp_loss":0.0,"gold_gain":0.0,"event_name":"Beggar","player_choice":"Ignored","floor":25.0,"gold_loss":0.0,"damage_taken":0.0},{"cards_removed":["Neutralize"],"damage_healed":0,"gold_gain":0,"player_choice":"Removed Attack","damage_taken":0,"max_hp_gain":0,"max_hp_loss":0,"event_name":"Falling","floor":36,"gold_loss":0},{"damage_healed":19,"gold_gain":0,"player_choice":"Writhe","damage_taken":0,"max_hp_gain":0,"max_hp_loss":0,"event_name":"Winding Halls","floor":37,"gold_loss":0,"cards_obtained":["Writhe"]},{"damage_healed":0,"gold_gain":0,"player_choice":"Memory 1","damage_taken":0,"max_hp_gain":0,"max_hp_loss":0,"event_name":"SensoryStone","floor":38,"gold_loss":0},{"damage_healed":0,"gold_gain":0,"player_choice":"Gave Potion","damage_taken":0,"relics_obtained":["PreservedInsect"],"max_hp_gain":0,"max_hp_loss":0,"event_name":"WeMeetAgain","floor":39,"gold_loss":0}],"is_beta":false,"boss_relics":[{"not_picked":["Snecko Eye","Runic Pyramid"],"picked":"Fusion Hammer"},{"not_picked":["Calling Bell","Empty Cage"],"picked":"HoveringKite"}],"items_purged_floors":[11,24,31],"is_endless":false,"potions_floor_spawned":[4,7,10,14,18,27,29,33],"killed_by":"3 Darklings","ascension_level":0}