{"gold_per_floor":[113,113,130,143,163,163,193,211,211,211,211,231,256,33,33,157,157,157,157,97,97,97,97,97,97,97,97,15,15,15,15,15,15,15,15,15,15,15,15,15,15,15,15,15,15,15,15,15,15,15],"floor_reached":51,"playtime":2600,"items_purged":[],"score":957,"play_id":"3184e799-f140-4a69-b711-bdcd4741b790","local_time":"20180919183644","is_ascension_mode":true,"campfire_choices":[{"floor":6.0,"key":"REST"},{"floor":11.0,"key":"REST"},{"data":"Defragment","floor":15.0,"key":"SMITH"},{"data":"Fission","floor":23.0,"key":"SMITH"},{"floor":25.0,"key":"REST"},{"data":"Chaos","floor":32,"key":"SMITH"},{"data":"Redo","floor":40,"key":"SMITH"},{"data":"Dualcast","floor":44,"key":"SMITH"},{"data":"Zap","floor":46,"key":"SMITH"},{"data":"Hello World","floor":49,"key":"SMITH"}],"neow_cost":"","seed_source_timestamp":0,"circlet_count":0,"master_deck":["Defend_B","Defend_B","Defend_B","Defend_B","Zap+1","Dualcast+1","Redo+1","Hello World+1","Ball Lightning","Conserve Battery","Conserve Battery","Undo","Defragment+1","Fission+1","Capacitor+1","Self Repair","Chill","Chaos+1","Bite","Bite","Bite","Bite","Bite","Go for the Eyes","FTL+1","Go for the Eyes","Scrape+1","Madness","Madness","Go for the Eyes+1"],"special_seed":0,"relics":["Cracked Core","Bronze Scales","Bird Faced Urn","Golden Idol","Art of War","Ectoplasm","Pen Nib","Unceasing Top","Busted Crown","Smiling Mask"],"potions_floor_usage":[41,50,50,50,50,50],"damage_taken":[{"damage":9.0,"enemies":"Jaw Worm","floor":1.0,"turns":3.0},{"damage":0.0,"enemies":"2 Louse","floor":3.0,"turns":3.0},{"damage":9.0,"enemies":"Small Slimes","floor":4.0,"turns":3.0},{"damage":6.0,"enemies":"Blue Slaver","floor":5.0,"turns":4.0},{"damage":23.0,"enemies":"3 Sentries","floor":7.0,"turns":7.0},{"damage":8.0,"enemies":"3 Louse","floor":8.0,"turns":3.0},{"damage":3.0,"enemies":"2 Fungi Beasts","floor":12.0,"turns":3.0},{"damage":0.0,"enemies":"Looter","floor":13.0,"turns":3.0},{"damage":10.0,"enemies":"Hexaghost","floor":16.0,"turns":9.0},{"damage":12.0,"enemies":"Shell Parasite","floor":18.0,"turns":6.0},{"damage":17.0,"enemies":"2 Thieves","floor":20.0,"turns":4.0},{"damage":20.0,"enemies":"Snecko","floor":22.0,"turns":6.0},{"damage":34.0,"enemies":"Cultist and Chosen","floor":24.0,"turns":6.0},{"damage":32.0,"enemies":"Shelled Parasite and Fungi","floor":27.0,"turns":4.0},{"damage":7.0,"enemies":"Centurion and Healer","floor":31.0,"turns":10.0},{"damage":36,"enemies":"Collector","floor":33,"turns":10},{"damage":17,"enemies":"Orb Walker","floor":35,"turns":3},{"damage":4,"enemies":"3 Shapes","floor":37,"turns":5},{"damage":7,"enemies":"3 Darklings","floor":39,"turns":6},{"damage":0,"enemies":"4 Shapes","floor":41,"turns":7},{"damage":15,"enemies":"Maw","floor":42,"turns":8},{"damage":7,"enemies":"Reptomancer","floor":47,"turns":6},{"damage":17,"enemies":"4 Shapes","floor":48,"turns":5},{"damage":11,"enemies":"Awakened One","floor":50,"turns":12}],"seed_played":"7653421156473720242","potions_obtained":[{"floor":1.0,"key":"SteroidPotion"},{"floor":4.0,"key":"GamblersBrew"},{"floor":8.0,"key":"Ancient Potion"},{"floor":12.0,"key":"Weak Potion"},{"floor":22.0,"key":"EntropicBrew"},{"floor":24.0,"key":"Fire Potion"},{"floor":27.0,"key":"Regen Potion"},{"floor":41,"key":"Regen Potion"},{"floor":47,"key":"EssenceOfSteel"}],"is_trial":false,"path_per_floor":["M","?","M","M","M","R","E","M","T","?","R","M","M","$","R","B",null,"M","?","M","T","M","R","M","R","T","M","$","?","$","M","R","B",null,"M","?","M","$","M","R","M","M","T","R","?","R","M","M","R","B"],"character_chosen":"DEFECT","items_purchased":["Art of War","Defragment","Chaos"],"campfire_rested":3,"item_purchase_floors":[14,14,28],"current_hp_per_floor":[59,52,52,43,37,59,36,28,28,28,48,45,47,47,47,41,62,54,54,52,52,45,45,26,46,46,29,29,29,29,48,48,48,48,39,39,48,48,48,48,48,48,48,48,42,42,45,48,48,48],"gold":15,"neow_bonus":"","is_prod":false,"is_daily":false,"chose_seed":false,"campfire_upgraded":7,"win_rate":0,"timestamp":1537378604,"path_taken":["M","?","M","?","M","R","E","M","T","?","R","M","M","$","R","BOSS","M","?","?","?","M","R","M","R","T","M","$","?","$","M","R","BOSS","M","?","M","?","M","R","M","M","T","R","?","R","M","M","R","BOSS"],"build_version":"2018-09-06","purchased_purges":0,"victory":true,"max_hp_per_floor":[75,75,75,75,75,75,75,75,75,69,69,69,69,69,69,69,69,69,69,69,69,69,69,69,69,69,69,69,48,48,48,48,48,48,48,48,48,48,48,48,48,48,48,48,48,48,48,48,48,48],"card_choices":[{"not_picked":["Leap","Gash"],"picked":"Redo","floor":1.0},{"not_picked":["Compile Driver","Go for the Eyes"],"picked":"Hello World","floor":3.0},{"not_picked":["Leap","Amplify"],"picked":"Ball Lightning","floor":4.0},{"not_picked":["Force Field","Steam","Coolheaded"],"picked":"SKIP","floor":5.0},{"not_picked":["Go for the Eyes","Sunder","Darkness"],"picked":"SKIP","floor":7.0},{"not_picked":["Beam Cell","Lockon"],"picked":"Conserve Battery","floor":8.0},{"not_picked":["Streamline","Barrage"],"picked":"Conserve Battery","floor":12.0},{"not_picked":["Rip and Tear","Chill"],"picked":"Undo","floor":13.0},{"not_picked":["Seek","All For One"],"picked":"Fission","floor":16.0},{"not_picked":["Steam+1","Darkness"],"picked":"Capacitor+1","floor":18.0},{"not_picked":["Tempest","Beam Cell+1","Recycle+1"],"picked":"SKIP","floor":20.0},{"not_picked":["Static Discharge","Force Field","Lockon"],"picked":"SKIP","floor":22.0},{"not_picked":["Double Energy","Hologram","Steam+1"],"picked":"SKIP","floor":24.0},{"not_picked":["Storm+1","Double Energy"],"picked":"Chill","floor":27.0},{"not_picked":["Coolheaded+1","Steam","Compile Driver"],"picked":"SKIP","floor":31.0},{"not_picked":[],"picked":"Go for the Eyes","floor":35},{"not_picked":[],"picked":"FTL+1","floor":37},{"not_picked":[],"picked":"Go for the Eyes","floor":39},{"not_picked":["Turbo+1"],"picked":"SKIP","floor":41},{"not_picked":[],"picked":"Scrape+1","floor":42},{"not_picked":["Steam Power"],"picked":"SKIP","floor":47},{"not_picked":[],"picked":"Go for the Eyes+1","floor":48}],"player_experience":395894,"relics_obtained":[{"floor":7.0,"key":"Bronze Scales"},{"floor":9.0,"key":"Bird Faced Urn"},{"floor":21.0,"key":"Pen Nib"},{"floor":26.0,"key":"Unceasing Top"},{"floor":43,"key":"Smiling Mask"}],"event_choices":[{"event_name":"Golden Wing","player_choice":"Card Removal","floor":2.0,"damage_taken":0.0},{"event_name":"Golden Idol","player_choice":"Lose Max HP","floor":10.0,"damage_taken":0.0},{"event_name":"The Library","player_choice":"Read","floor":19.0,"damage_taken":0.0},{"event_name":"Vampires","player_choice":"Became a vampire","floor":29.0,"damage_taken":0.0},{"event_name":"The Moai Head","player_choice":"Ignored","floor":36,"damage_taken":0},{"event_name":"Winding Halls","player_choice":"Embrace Madness","floor":45,"damage_taken":0}],"is_beta":false,"boss_relics":[{"not_picked":["Velvet Choker","Calling Bell"],"picked":"Ectoplasm"},{"not_picked":["White Beast Statue","Philosopher\u0027s Stone"],"picked":"Busted Crown"}],"items_purged_floors":[],"is_endless":false,"potions_floor_spawned":[1,4,8,12,22,24,27,31,41,47,48],"ascension_level":8}