{"gold_per_floor":[217,167,342,94,169,169,195,195,195,211,224,224,251,42,42,147,147,161,260,285,299,309,309,101,201,201,201,211,245,245,261,261,357,357,367,367,49,59,75,75,87,87,87,107,107,107,118,118,118,118],"floor_reached":51,"playtime":3050,"items_purged":["Doubt","Defend_B","Normality"],"score":828,"play_id":"3701281a-b558-443f-a1b9-b947c3a49c18","local_time":"20180902004833","is_ascension_mode":true,"campfire_choices":[{"data":"Discovery","floor":6,"key":"SMITH"},{"data":"White Noise","floor":8,"key":"SMITH"},{"data":"Dualcast","floor":12,"key":"SMITH"},{"floor":15,"key":"REST"},{"data":"Chrysalis","floor":23,"key":"SMITH"},{"data":"Capacitor","floor":27,"key":"SMITH"},{"floor":30,"key":"REST"},{"data":"Biased Cognition","floor":32,"key":"SMITH"},{"data":"Seek","floor":40,"key":"SMITH"},{"data":"Blizzard","floor":42,"key":"SMITH"},{"floor":49,"key":"REST"}],"neow_cost":"NONE","seed_source_timestamp":963887527342804,"circlet_count":0,"master_deck":["Strike_B","Defend_B","Defend_B","Defend_B","Zap","Dualcast+1","Discovery+1","White Noise+1","Cold Snap","Chill","Capacitor+1","Chrysalis+1","Biased Cognition+1","FTL","Blizzard+1","Loop","Cold Snap+1","Steam","Conserve Battery","Seek+1","Cold Snap","Conserve Battery","Turbo+1","Aggregate+1","Scrape","BootSequence+1","Conserve Battery"],"relics":["Cracked Core","StoneCalendar","Symbiotic Virus","Mercury Hourglass","Empty Cage","Red Mask","Calipers","Letter Opener","Centennial Puzzle","Question Card","Lizard Tail","Pantograph","Oddly Smooth Stone","Dream Catcher"],"potions_floor_usage":[25,29,50,50,50],"damage_taken":[{"damage":4,"enemies":"2 Louse","floor":1,"turns":2},{"damage":10,"enemies":"Lagavulin","floor":7,"turns":5},{"damage":8,"enemies":"Small Slimes","floor":10,"turns":3},{"damage":0,"enemies":"Jaw Worm","floor":11,"turns":2},{"damage":15,"enemies":"Gremlin Nob","floor":13,"turns":3},{"damage":34,"enemies":"Slime Boss","floor":16,"turns":6},{"damage":0,"enemies":"Spheric Guardian","floor":18,"turns":6},{"damage":0,"enemies":"Masked Bandits","floor":20,"turns":4},{"damage":3,"enemies":"Chosen","floor":21,"turns":3},{"damage":7,"enemies":"Sentry and Sphere","floor":22,"turns":4},{"damage":5,"enemies":"Colosseum Slavers","floor":25,"turns":5},{"damage":5,"enemies":"Colosseum Nobs","floor":25,"turns":4},{"damage":8,"enemies":"Shelled Parasite and Fungi","floor":28,"turns":5},{"damage":16,"enemies":"Slavers","floor":29,"turns":5},{"damage":16,"enemies":"Snake Plant","floor":31,"turns":6},{"damage":18,"enemies":"Collector","floor":33,"turns":11},{"damage":0,"enemies":"3 Shapes","floor":35,"turns":3},{"damage":6,"enemies":"Orb Walker","floor":38,"turns":4},{"damage":9,"enemies":"3 Darklings","floor":39,"turns":4},{"damage":17,"enemies":"Transient","floor":41,"turns":5},{"damage":16,"enemies":"Reptomancer","floor":44,"turns":7},{"damage":4,"enemies":"Sphere and 2 Shapes","floor":47,"turns":5},{"damage":24,"enemies":"Donu and Deca","floor":50,"turns":11}],"seed_played":"3245953455823594163","potions_obtained":[{"floor":1,"key":"SteroidPotion"},{"floor":11,"key":"Dexterity Potion"},{"floor":21,"key":"Weak Potion"},{"floor":28,"key":"Fire Potion"},{"floor":33,"key":"SpeedPotion"},{"floor":41,"key":"Fire Potion"},{"floor":44,"key":"Dexterity Potion"}],"is_trial":false,"path_per_floor":["M","?","?","$","?","R","E","R","T","M","M","R","E","$","R","B",null,"M","?","?","M","M","R","$","?","T","R","M","E","R","M","R","B",null,"M","?","$","M","M","R","M","R","T","M","$","?","M","$","R","B"],"character_chosen":"DEFECT","items_purchased":["Discovery","White Noise","Chrysalis","Blizzard","Loop","Oddly Smooth Stone","Conserve Battery"],"campfire_rested":3,"item_purchase_floors":[4,4,14,24,24,37,37],"current_hp_per_floor":[71,71,71,71,60,60,50,50,50,42,42,42,27,27,49,15,75,75,75,75,72,65,65,65,55,55,55,47,38,60,44,44,26,75,75,75,75,75,66,66,56,56,56,47,47,47,43,43,65,51],"gold":118,"neow_bonus":"HUNDRED_GOLD","is_prod":false,"is_daily":false,"chose_seed":false,"campfire_upgraded":8,"win_rate":0,"timestamp":1535845713,"path_taken":["M","?","?","$","?","R","E","R","T","M","?","R","E","$","R","BOSS","M","?","?","?","M","R","$","?","T","R","?","E","R","M","R","BOSS","M","?","$","M","M","R","M","R","T","M","?","?","M","$","R","BOSS"],"build_version":"2018-08-30","purchased_purges":3,"victory":true,"max_hp_per_floor":[75,75,75,75,75,75,75,75,75,75,75,75,75,75,75,75,75,75,75,75,75,75,75,75,75,75,75,75,75,75,75,75,75,75,75,75,75,75,75,75,75,75,75,75,75,75,75,75,75,75],"card_choices":[{"not_picked":["Aggregate","Turbo","Force Field"],"picked":"SKIP","floor":1},{"not_picked":["Seek","Beam Cell"],"picked":"Cold Snap","floor":7},{"not_picked":["Double Energy","Coolheaded"],"picked":"Chill","floor":10},{"not_picked":["Barrage","Reprogram","Leap"],"picked":"SKIP","floor":11},{"not_picked":["Thunder Strike","Cold Snap"],"picked":"Capacitor","floor":13},{"not_picked":["Amplify","Reboot"],"picked":"Biased Cognition","floor":16},{"not_picked":["Melter","Turbo","Rebound+1"],"picked":"SKIP","floor":18},{"not_picked":["Sweeping Beam","Reinforced Body"],"picked":"FTL","floor":20},{"not_picked":["Leap","Beam Cell","Streamline"],"picked":"SKIP","floor":21},{"not_picked":["Hello World","Compile Driver","Skim"],"picked":"SKIP","floor":22},{"not_picked":["Chaos","Redo"],"picked":"Cold Snap+1","floor":25},{"not_picked":["Streamline","Hologram"],"picked":"Steam","floor":28},{"not_picked":["Capacitor","Leap","Darkness"],"picked":"SKIP","floor":29},{"not_picked":["Beam Cell","Core Surge","Barrage"],"picked":"Conserve Battery","floor":31},{"not_picked":["Biased Cognition","Echo Form","Amplify"],"picked":"Seek","floor":33},{"not_picked":["Rebound+1","Leap+1","Aggregate"],"picked":"Cold Snap","floor":35},{"not_picked":["Rebound","Steam+1","Biased Cognition"],"picked":"Turbo+1","floor":38},{"not_picked":["Chaos","Hello World","Cold Snap","Rip and Tear+1"],"picked":"SKIP","floor":39},{"not_picked":["Consume","Doom and Gloom","Sweeping Beam"],"picked":"Aggregate+1","floor":41},{"not_picked":["Reinforced Body+1","Lockon+1","Barrage+1"],"picked":"Scrape","floor":44},{"not_picked":["Melter","Double Energy+1","Redo"],"picked":"BootSequence+1","floor":47},{"not_picked":["Leap","Steam","Sunder"],"picked":"Conserve Battery","floor":49}],"player_experience":296863,"relics_obtained":[{"floor":7,"key":"StoneCalendar"},{"floor":9,"key":"Symbiotic Virus"},{"floor":13,"key":"Mercury Hourglass"},{"floor":20,"key":"Red Mask"},{"floor":25,"key":"Calipers"},{"floor":25,"key":"Letter Opener"},{"floor":26,"key":"Centennial Puzzle"},{"floor":29,"key":"Question Card"},{"floor":43,"key":"Dream Catcher"}],"event_choices":[{"event_name":"The Cleric","player_choice":"Card Removal","floor":2,"damage_taken":0},{"event_name":"Liars Game","player_choice":"agreed","floor":3,"damage_taken":0},{"event_name":"World of Goop","player_choice":"Gather Gold","floor":5,"damage_taken":0},{"event_name":"Nest","player_choice":"Stole From Cult","floor":19,"damage_taken":0},{"event_name":"Masked Bandits","player_choice":"Fought Bandits","floor":20,"damage_taken":0},{"event_name":"Colosseum","player_choice":"Fight","floor":25,"damage_taken":0},{"event_name":"Colosseum","player_choice":"Fought Nobs","floor":25,"damage_taken":0},{"event_name":"Accursed Blacksmith","player_choice":"Rummage","floor":36,"damage_taken":0},{"event_name":"Mysterious Sphere","player_choice":"Ignore","floor":46,"damage_taken":0}],"is_beta":false,"boss_relics":[{"not_picked":["Runic Dome","Philosopher\u0027s Stone"],"picked":"Empty Cage"},{"not_picked":["Coffee Dripper","Snecko Eye"],"picked":"Lizard Tail"}],"items_purged_floors":[4,24,37],"is_endless":false,"potions_floor_spawned":[1,11,21,25,28,33,41,44,47],"ascension_level":4}