{"gold_per_floor":[17,30,44,62,75,75,108,120,159,171,203,215,227,414,426,535,547,579,123,136,136],"floor_reached":21,"playtime":893,"items_purged":["Strike_R"],"score":251,"play_id":"3a414529-2485-461a-be7e-70356a16d084","local_time":"20180904204641","is_ascension_mode":true,"campfire_choices":[{"data":"Bash","floor":6,"key":"SMITH"},{"data":"Iron Wave","floor":10,"key":"SMITH"},{"data":"Spot Weakness","floor":12,"key":"SMITH"},{"floor":15,"key":"REST"}],"neow_cost":"NO_GOLD","seed_source_timestamp":119682076941456,"circlet_count":0,"master_deck":["Strike_R","Strike_R","Strike_R","Defend_R","Defend_R","Defend_R","Defend_R","Bash+1","Iron Wave+1","Pommel Strike","Spot Weakness+1","Doubt","Demon Form","Enlightenment","Reaper","Heavy Blade"],"relics":["Burning Blood","MawBank","Lantern","Runic Pyramid","Happy Flower"],"potions_floor_usage":[7,7,11,21],"damage_taken":[{"damage":7,"enemies":"Jaw Worm","floor":1,"turns":3},{"damage":1,"enemies":"Cultist","floor":2,"turns":3},{"damage":8,"enemies":"Small Slimes","floor":3,"turns":5},{"damage":10,"enemies":"3 Louse","floor":4,"turns":5},{"damage":12,"enemies":"Blue Slaver","floor":5,"turns":5},{"damage":23,"enemies":"Lagavulin","floor":7,"turns":7},{"damage":2,"enemies":"Large Slime","floor":11,"turns":5},{"damage":57,"enemies":"Slime Boss","floor":16,"turns":12},{"damage":32,"enemies":"2 Thieves","floor":18,"turns":5},{"damage":32,"enemies":"Chosen","floor":20,"turns":5},{"damage":53,"enemies":"Masked Bandits","floor":21,"turns":3}],"seed_played":"4201886247973842069","potions_obtained":[{"floor":3,"key":"Block Potion"},{"floor":4,"key":"SteroidPotion"},{"floor":5,"key":"Energy Potion"},{"floor":16,"key":"Regen Potion"}],"is_trial":false,"path_per_floor":["M","M","M","M","M","R","E","?","T","R","M","R","?","?","R","B",null,"M","$","M"],"character_chosen":"IRONCLAD","items_purchased":["Happy Flower","Enlightenment","Reaper"],"campfire_rested":1,"item_purchase_floors":[19,19,19],"current_hp_per_floor":[95,96,94,90,84,84,67,58,58,58,62,62,55,55,83,32,80,54,54,40,0],"gold":136,"neow_bonus":"TWENTY_PERCENT_HP_BONUS","is_prod":false,"is_daily":false,"chose_seed":false,"campfire_upgraded":3,"win_rate":0,"timestamp":1536090401,"path_taken":["M","M","M","M","M","R","E","?","T","R","?","R","?","?","R","BOSS","M","$","M","?"],"build_version":"2018-08-30","purchased_purges":1,"victory":false,"max_hp_per_floor":[96,96,96,96,96,96,96,96,96,96,96,96,96,96,96,96,96,96,96,96,96],"card_choices":[{"not_picked":["Body Slam","Corruption","Sever Soul"],"picked":"SKIP","floor":1},{"not_picked":["Body Slam","Headbutt","Fire Breathing"],"picked":"SKIP","floor":2},{"not_picked":["Entrench","Juggernaut","Headbutt"],"picked":"SKIP","floor":3},{"not_picked":["Anger","True Grit"],"picked":"Iron Wave","floor":4},{"not_picked":["Anger","Searing Blow"],"picked":"Pommel Strike","floor":5},{"not_picked":["Warcry","Second Wind"],"picked":"Spot Weakness","floor":7},{"not_picked":["Feel No Pain","Havoc","Blood for Blood"],"picked":"SKIP","floor":11},{"not_picked":["Bludgeon","Juggernaut"],"picked":"Demon Form","floor":16},{"not_picked":["Wild Strike+1","Uppercut","Perfected Strike"],"picked":"SKIP","floor":18},{"not_picked":["Sever Soul","Clothesline"],"picked":"Heavy Blade","floor":20}],"player_experience":314583,"relics_obtained":[{"floor":7,"key":"MawBank"},{"floor":9,"key":"Lantern"}],"event_choices":[{"event_name":"Wheel of Change","player_choice":"Damage","floor":8,"damage_taken":0},{"event_name":"Golden Wing","player_choice":"Card Removal","floor":13,"damage_taken":0},{"event_name":"Liars Game","player_choice":"agreed","floor":14,"damage_taken":0},{"event_name":"Masked Bandits","player_choice":"Fought Bandits","floor":21,"damage_taken":0}],"is_beta":false,"boss_relics":[{"not_picked":["Runic Cube","Black Star"],"picked":"Runic Pyramid"}],"items_purged_floors":[19],"is_endless":false,"potions_floor_spawned":[3,4,5,16],"killed_by":"Masked Bandits","ascension_level":5}