{"gold_per_floor":[116,76,1,176,187,222,222,255,255,266,266,266,266,282,282,378,378,390,305,317,150,166,166,19,19,44,71,71,96,96,110,110,209,209,225,1224,1224,1224,1446,1479,991,991,991,1011,1011,1038,318,338,338,338],"floor_reached":51,"playtime":1123,"items_purged":["Strike_R","Doubt","Strike_R","Normality","Normality"],"score":795,"play_id":"a4324c24-a58c-422f-b787-45662423bdb7","local_time":"20190329162615","is_ascension_mode":false,"campfire_choices":[{"data":"Uppercut","floor":7.0,"key":"SMITH"},{"data":"Flex","floor":11.0,"key":"SMITH"},{"data":"Armaments","floor":13.0,"key":"SMITH"},{"data":"Flex","floor":15.0,"key":"SMITH"},{"floor":23.0,"key":"REST"},{"floor":25.0,"key":"REST"},{"floor":28.0,"key":"REST"},{"floor":32.0,"key":"REST"},{"floor":42,"key":"REST"},{"floor":45,"key":"REST"},{"floor":49,"key":"REST"}],"neow_cost":"NONE","seed_source_timestamp":2937603186970,"circlet_count":0,"master_deck":["Strike_R","Strike_R+1","Strike_R","Defend_R","Defend_R","Defend_R","Defend_R","Bash","Cleave+1","Flex+1","Uppercut+1","Armaments+1","Sword Boomerang","Flex+1","Offering","Flex","Inflame","Headbutt","Thunderclap+1","Heavy Blade","Spot Weakness","Juggernaut","Discovery","Heavy Blade","Reaper","Flex","The Bomb","Shockwave+1"],"special_seed":0,"relics":["Burning Blood","NeowsBlessing","Dodecahedron","Whetstone","Anchor","Sundial","Fusion Hammer","MawBank","Happy Flower","Pocketwatch","Red Mask","Busted Crown","Blood Vial","Brimstone","Letter Opener","Oddly Smooth Stone","Membership Card","Frozen Egg 2","Bronze Scales"],"potions_floor_usage":[50,50,50],"damage_taken":[{"damage":0.0,"enemies":"Cultist","floor":1.0,"turns":1.0},{"damage":0.0,"enemies":"Small Slimes","floor":5.0,"turns":1.0},{"damage":0.0,"enemies":"Gremlin Nob","floor":6.0,"turns":1.0},{"damage":4.0,"enemies":"3 Sentries","floor":8.0,"turns":5.0},{"damage":0.0,"enemies":"2 Louse","floor":10.0,"turns":2.0},{"damage":7.0,"enemies":"Exordium Wildlife","floor":14.0,"turns":5.0},{"damage":39.0,"enemies":"The Guardian","floor":16.0,"turns":16.0},{"damage":8.0,"enemies":"3 Byrds","floor":18.0,"turns":6.0},{"damage":0.0,"enemies":"Chosen","floor":22.0,"turns":3.0},{"damage":11.0,"enemies":"Book of Stabbing","floor":27.0,"turns":3.0},{"damage":6.0,"enemies":"Masked Bandits","floor":29.0,"turns":2.0},{"damage":6.0,"enemies":"Snake Plant","floor":31.0,"turns":2.0},{"damage":81.0,"enemies":"Collector","floor":33.0,"turns":9.0},{"damage":0.0,"enemies":"3 Shapes","floor":35.0,"turns":7.0},{"damage":42,"enemies":"Reptomancer","floor":40,"turns":5},{"damage":6,"enemies":"3 Darklings","floor":44,"turns":3},{"damage":12,"enemies":"Sphere and 2 Shapes","floor":48,"turns":3},{"damage":64,"enemies":"Awakened One","floor":50,"turns":6}],"seed_played":"-2005327740976674704","potions_obtained":[{"floor":2.0,"key":"SteroidPotion"},{"floor":2.0,"key":"AttackPotion"},{"floor":2.0,"key":"Explosive Potion"},{"floor":8.0,"key":"PowerPotion"},{"floor":16.0,"key":"Energy Potion"},{"floor":18.0,"key":"Fruit Juice"},{"floor":22.0,"key":"Energy Potion"},{"floor":44,"key":"Swift Potion"}],"is_trial":false,"path_per_floor":["M","?","$","?","M","E","R","E","T","M","R","T","R","M","R","B",null,"M","?","?","$","M","R","$","R","T","E","R","?","?","M","R","B",null,"M","?","?","?","?","E","$","R","T","M","R","T","$","M","R","B",null],"character_chosen":"IRONCLAD","items_purchased":["Inflame","Headbutt","Heavy Blade","Brimstone","Block Potion","Discovery","Membership Card","Frozen Egg 2","Bronze Scales","Heavy Blade","Reaper","Flex","Strength Potion","The Bomb"],"campfire_rested":7,"item_purchase_floors":[21,21,24,41,41,41,47,47,47,47,47,47,47,47],"current_hp_per_floor":[80,80,80,80,80,80,80,80,80,80,80,80,80,79,79,46,80,78,78,78,78,85,85,85,85,85,80,85,85,85,85,85,10,85,85,85,85,85,85,49,49,74,74,76,85,85,85,85,85,61],"gold":338,"neow_bonus":"THREE_ENEMY_KILL","is_prod":false,"is_daily":false,"chose_seed":false,"campfire_upgraded":4,"win_rate":0,"timestamp":1553898375,"path_taken":["M","?","?","?","M","E","R","E","T","M","R","?","R","M","R","BOSS","M","?","?","$","M","R","$","R","T","E","R","?","?","M","R","BOSS","M","?","?","?","?","E","$","R","T","M","R","?","$","?","R","BOSS"],"build_version":"2019-01-23","purchased_purges":5,"victory":true,"max_hp_per_floor":[80,80,80,80,80,80,80,80,80,80,80,80,80,80,80,80,80,80,80,80,80,85,85,85,85,85,85,85,85,85,85,85,85,85,85,85,85,85,85,85,85,85,85,85,85,85,85,85,85,85],"card_choices":[{"not_picked":["Perfected Strike","Anger"],"picked":"Cleave","floor":1.0},{"not_picked":["Disarm","True Grit"],"picked":"Flex","floor":5.0},{"not_picked":["Anger","Ghostly Armor"],"picked":"Uppercut","floor":6.0},{"not_picked":["Intimidate","Reckless Charge"],"picked":"Armaments","floor":8.0},{"not_picked":["True Grit","Sever Soul"],"picked":"Sword Boomerang","floor":10.0},{"not_picked":["Entrench","Fiend Fire"],"picked":"Flex","floor":14.0},{"not_picked":["Exhume","Fiend Fire"],"picked":"Offering","floor":16.0},{"not_picked":["Pommel Strike","Anger+1","True Grit"],"picked":"SKIP","floor":18.0},{"not_picked":["Feel No Pain","Seeing Red+1"],"picked":"Thunderclap+1","floor":22.0},{"not_picked":["Perfected Strike","Clash","Carnage"],"picked":"SKIP","floor":27.0},{"not_picked":["Dual Wield","Flex+1"],"picked":"Spot Weakness","floor":29.0},{"not_picked":["Wild Strike","Shrug It Off+1","Pommel Strike"],"picked":"SKIP","floor":31.0},{"not_picked":["Berserk","Brutality"],"picked":"Juggernaut","floor":33.0},{"not_picked":["Seeing Red"],"picked":"SKIP","floor":35.0},{"not_picked":["Dual Wield+1"],"picked":"SKIP","floor":40},{"not_picked":["Rage+1"],"picked":"SKIP","floor":44},{"not_picked":[],"picked":"Shockwave+1","floor":48}],"player_experience":1142787,"relics_obtained":[{"floor":6.0,"key":"Dodecahedron"},{"floor":8.0,"key":"Whetstone"},{"floor":9.0,"key":"Anchor"},{"floor":12.0,"key":"Sundial"},{"floor":26.0,"key":"Happy Flower"},{"floor":27.0,"key":"Pocketwatch"},{"floor":29.0,"key":"Red Mask"},{"floor":40,"key":"Blood Vial"},{"floor":43,"key":"Letter Opener"},{"floor":46,"key":"Oddly Smooth Stone"}],"event_choices":[{"damage_healed":0.0,"max_hp_gain":0.0,"max_hp_loss":0.0,"gold_gain":0.0,"event_name":"The Woman in Blue","player_choice":"Bought 3 Potions","floor":2.0,"gold_loss":0.0,"damage_taken":0.0},{"damage_healed":0.0,"max_hp_gain":0.0,"max_hp_loss":0.0,"gold_gain":175.0,"event_name":"Liars Game","player_choice":"AGREE","floor":4.0,"gold_loss":0.0,"damage_taken":0.0,"cards_obtained":["Doubt"]},{"damage_healed":0.0,"max_hp_gain":0.0,"max_hp_loss":0.0,"gold_gain":0.0,"event_name":"Addict","player_choice":"Obtained Relic","floor":19.0,"gold_loss":85.0,"damage_taken":0.0,"relics_obtained":["MawBank"]},{"damage_healed":0.0,"max_hp_gain":0.0,"max_hp_loss":0.0,"gold_gain":0.0,"event_name":"The Library","player_choice":"Read","floor":20.0,"gold_loss":0.0,"damage_taken":0.0,"cards_obtained":["Flex"]},{"damage_healed":0.0,"max_hp_gain":0.0,"max_hp_loss":0.0,"gold_gain":0.0,"event_name":"Masked Bandits","player_choice":"Fought Bandits","floor":29.0,"gold_loss":0.0,"damage_taken":0.0},{"damage_healed":0.0,"max_hp_gain":0.0,"max_hp_loss":0.0,"gold_gain":0.0,"event_name":"Vampires","player_choice":"Ignored","floor":30.0,"gold_loss":0.0,"damage_taken":0.0},{"damage_healed":0.0,"max_hp_gain":0.0,"max_hp_loss":0.0,"gold_gain":999.0,"event_name":"MindBloom","player_choice":"Gold","floor":36.0,"gold_loss":0.0,"damage_taken":0.0,"cards_obtained":["Normality","Normality"]},{"damage_healed":0.0,"max_hp_gain":0.0,"max_hp_loss":0.0,"gold_gain":0.0,"event_name":"SensoryStone","player_choice":"Memory 1","floor":37.0,"gold_loss":0.0,"damage_taken":0.0},{"damage_healed":0.0,"max_hp_gain":0.0,"max_hp_loss":0.0,"gold_gain":0.0,"event_name":"Mysterious Sphere","player_choice":"Ignored","floor":38.0,"gold_loss":0.0,"damage_taken":0.0},{"damage_healed":0.0,"max_hp_gain":0.0,"max_hp_loss":0.0,"gold_gain":222.0,"event_name":"Tomb of Lord Red Mask","player_choice":"Wore Mask","floor":39.0,"gold_loss":0.0,"damage_taken":0.0}],"is_beta":false,"boss_relics":[{"not_picked":["Black Blood","Orrery"],"picked":"Fusion Hammer"},{"not_picked":["Pandora\u0027s Box","Tiny House"],"picked":"Busted Crown"}],"items_purged_floors":[3,21,24,41,47],"is_endless":false,"potions_floor_spawned":[5,6,8,16,18,22,44],"ascension_level":0}