{"gold_per_floor":[117,130,130,80,80,80,80,80,80,40,58,99,123,137,137,267,267,290,304,304,23,23,23,54,54,54,70,94,94,128,142,142,142],"floor_reached":33,"playtime":1117,"items_purged":[],"score":310,"play_id":"8ed7f185-922f-49b9-838f-f717619310bc","local_time":"20181103012915","is_ascension_mode":false,"campfire_choices":[{"data":"Bash","floor":6,"key":"SMITH"},{"data":"Flex","floor":8,"key":"SMITH"},{"data":"Flame Barrier","floor":15,"key":"SMITH"},{"data":"RitualDagger","floor":23,"key":"SMITH"},{"data":"Shockwave","floor":29,"key":"SMITH"},{"data":"Thinking Ahead","floor":32,"key":"SMITH"}],"neow_cost":"NONE","seed_source_timestamp":558463264972695,"circlet_count":0,"master_deck":["Defend_R","Defend_R","Defend_R","Defend_R","Bash+1","Flex+1","Pommel Strike","Flame Barrier+1","Shrug It Off","Cleave","Twin Strike","Anger","Impervious","Anger+1","RitualDagger+1","Offering","Bite","Bite","Bite","Bite","Cleave+1","Thinking Ahead+1","Shockwave+1","Battle Trance+1"],"relics":["Burning Blood","NeowsBlessing","Golden Idol","Happy Flower","Frozen Egg 2","Kunai","Busted Crown","Membership Card","Boot","Darkstone Periapt","Red Skull"],"potions_floor_usage":[12,16,30,33,33],"damage_taken":[{"damage":0,"enemies":"2 Louse","floor":1,"turns":1},{"damage":0,"enemies":"Small Slimes","floor":2,"turns":1},{"damage":0,"enemies":"Jaw Worm","floor":11,"turns":1},{"damage":22,"enemies":"Gremlin Nob","floor":12,"turns":5},{"damage":6,"enemies":"Exordium Wildlife","floor":13,"turns":3},{"damage":10,"enemies":"Looter","floor":14,"turns":3},{"damage":22,"enemies":"Hexaghost","floor":16,"turns":8},{"damage":11,"enemies":"3 Byrds","floor":18,"turns":5},{"damage":4,"enemies":"Spheric Guardian","floor":19,"turns":4},{"damage":23,"enemies":"Book of Stabbing","floor":24,"turns":6},{"damage":5,"enemies":"Snecko","floor":27,"turns":6},{"damage":14,"enemies":"Shelled Parasite and Fungi","floor":28,"turns":4},{"damage":4,"enemies":"Gremlin Leader","floor":30,"turns":5},{"damage":6,"enemies":"Snake Plant","floor":31,"turns":1},{"damage":79,"enemies":"Champ","floor":33,"turns":9}],"seed_played":"1774553461288141763","potions_obtained":[{"floor":2,"key":"Ancient Potion"},{"floor":11,"key":"Ancient Potion"},{"floor":12,"key":"Regen Potion"},{"floor":13,"key":"Explosive Potion"},{"floor":24,"key":"BloodPotion"}],"is_trial":false,"path_per_floor":["M","M","?","?","?","R","?","R","T","$","M","E","M","M","R","B",null,"M","M","?","$","?","R","E","?","T","M","M","R","E","M","R","B"],"character_chosen":"IRONCLAD","items_purchased":["Flame Barrier","Membership Card","Offering"],"campfire_rested":0,"item_purchase_floors":[10,21,21],"current_hp_per_floor":[80,80,74,74,71,71,64,64,64,64,70,54,54,50,50,34,74,69,71,65,65,51,51,42,42,42,51,45,45,51,51,51,0],"gold":142,"neow_bonus":"THREE_ENEMY_KILL","is_prod":false,"is_daily":false,"chose_seed":false,"campfire_upgraded":6,"win_rate":0.0,"timestamp":1541208555,"path_taken":["M","M","?","?","?","R","?","R","T","?","M","E","M","M","R","BOSS","M","M","?","$","?","R","E","?","T","?","M","R","E","M","R","BOSS"],"build_version":"2018-11-01v2","purchased_purges":0,"victory":false,"max_hp_per_floor":[80,80,74,74,74,74,74,74,74,74,74,74,74,74,74,74,74,74,74,74,74,51,51,51,51,51,51,51,51,51,51,51,51],"card_choices":[{"not_picked":["Perfected Strike","Feel No Pain"],"picked":"Flex","floor":1},{"not_picked":["Twin Strike","Searing Blow"],"picked":"Pommel Strike","floor":2},{"not_picked":["Clash","Intimidate"],"picked":"Shrug It Off","floor":11},{"not_picked":["Warcry","Corruption+1"],"picked":"Cleave","floor":12},{"not_picked":["Carnage","True Grit"],"picked":"Twin Strike","floor":13},{"not_picked":["Corruption+1","Thunderclap"],"picked":"Anger","floor":14},{"not_picked":["Brutality+1","Double Tap"],"picked":"Impervious","floor":16},{"not_picked":["Power Through+1"],"picked":"SKIP","floor":18},{"not_picked":[],"picked":"Anger+1","floor":19},{"not_picked":[],"picked":"Cleave+1","floor":24},{"not_picked":[],"picked":"Shockwave","floor":27},{"not_picked":[],"picked":"Battle Trance+1","floor":28},{"not_picked":["Perfected Strike+1"],"picked":"SKIP","floor":30},{"not_picked":["Body Slam+1"],"picked":"SKIP","floor":31}],"player_experience":472,"relics_obtained":[{"floor":9,"key":"Frozen Egg 2"},{"floor":12,"key":"Kunai"},{"floor":24,"key":"Boot"},{"floor":26,"key":"Darkstone Periapt"},{"floor":30,"key":"Red Skull"}],"event_choices":[{"damage_healed":0,"gold_gain":0,"player_choice":"Lose Max HP","damage_taken":0,"relics_obtained":["Golden Idol"],"max_hp_gain":0,"max_hp_loss":6,"event_name":"Golden Idol","floor":3,"gold_loss":0},{"cards_removed":["Strike_R"],"damage_healed":0,"gold_gain":0,"player_choice":"Card Removal","damage_taken":0,"max_hp_gain":0,"max_hp_loss":0,"event_name":"The Cleric","floor":4,"gold_loss":50},{"damage_healed":0,"gold_gain":0,"player_choice":"Success","damage_taken":3,"relics_obtained":["Happy Flower"],"max_hp_gain":0,"max_hp_loss":0,"event_name":"Scrap Ooze","floor":5,"gold_loss":0},{"cards_removed":["Strike_R"],"damage_healed":0,"gold_gain":0,"player_choice":"Card Removal","damage_taken":7,"max_hp_gain":0,"max_hp_loss":0,"event_name":"Golden Wing","floor":7,"gold_loss":0},{"damage_healed":0,"gold_gain":0,"player_choice":"Joined the Cult","damage_taken":6,"max_hp_gain":0,"max_hp_loss":0,"event_name":"Nest","floor":20,"gold_loss":0,"cards_obtained":["RitualDagger"]},{"damage_healed":0,"gold_gain":0,"player_choice":"Became a vampire","damage_taken":0,"max_hp_gain":0,"max_hp_loss":23,"event_name":"Vampires","floor":22,"gold_loss":0,"cards_obtained":["Bite","Bite","Bite","Bite","Bite"]},{"damage_healed":0,"gold_gain":0,"cards_transformed":["Bite"],"player_choice":"Transformed","damage_taken":0,"max_hp_gain":0,"max_hp_loss":0,"event_name":"Transmorgrifier","floor":25,"gold_loss":0,"cards_obtained":["Thinking Ahead"]}],"is_beta":true,"boss_relics":[{"not_picked":["Black Blood","Calling Bell"],"picked":"Busted Crown"}],"items_purged_floors":[],"is_endless":false,"potions_floor_spawned":[2,11,12,13,24,27],"killed_by":"Champ","ascension_level":0}