{"path_per_floor":["M","M","?","M","M","R","M","?","T","M","R","$","M","?","R","B",null,"M","?","M","?","M","R","M","R","T","R","?","R","$","M","R","B",null,"M","?","M","$","M","R","E","R","T","M","R","M","R","M","R"],"character_chosen":"THE_SILENT","items_purchased":["Apotheosis","Footwork","Acrobatics"],"gold_per_floor":[110,123,123,143,155,155,165,115,192,205,205,14,33,33,33,137,137,156,156,171,96,115,115,127,127,127,127,127,127,52,68,68,170,170,187,187,201,80,98,98,124,124,124,134,134,153,183,194,194],"floor_reached":50,"campfire_rested":2,"playtime":3855,"current_hp_per_floor":[64,64,64,64,63,63,59,59,59,55,55,55,51,44,44,40,70,70,70,43,43,41,41,29,50,57,57,53,53,53,53,53,53,53,53,46,44,44,35,35,53,53,53,53,53,36,36,33,48],"items_purged":["Injury"],"gold":194,"score":529,"play_id":"feef9b0d-767f-4658-aac8-70a852d07bf1","local_time":"20180308013134","is_prod":false,"is_daily":false,"is_ascension_mode":true,"campfire_upgraded":9,"timestamp":1520472694,"path_taken":["M","M","?","M","M","R","M","?","T","M","R","?","M","?","R","BOSS","M","?","M","?","M","R","M","R","T","R","?","R","$","M","R","BOSS","M","?","M","$","M","R","E","R","T","M","R","M","R","M","R","BOSS"],"build_version":"2018-03-01-PROD1","purchased_purges":1,"victory":false,"master_deck":["Defend_G","Defend_G","Defend_G","Defend_G","Defend_G","Survivor","Neutralize+1","Flying Knee","Noxious Fumes+1","Blur","Concentrate+1","Dodge and Roll+1","Infinite Blades+1","Apotheosis+1","Outmaneuver","Burst+1","Noxious Fumes+1","Acrobatics","Poisoned Stab","Backflip+1","Bite","Bite","Bite","Bite","Bite","Backflip","Bullet Time+1","Riddle With Holes+1","Madness","Madness","Backflip","Footwork+1","Acrobatics","Predator","Acrobatics","Writhe","Well Laid Plans","Riddle With Holes"],"max_hp_per_floor":[70,70,70,70,70,70,70,70,70,70,70,70,70,70,70,70,70,70,70,70,70,70,70,70,70,77,77,53,53,53,53,53,53,53,53,53,53,53,53,53,53,53,53,53,53,53,53,53,53],"relics":["Ring of the Snake","Tough Bandages","Cursed Key","Ginger","Strawberry","Sozu","Ancient Tea Set","Shovel","Peace Pipe","Tiny Chest"],"card_choices":[{"not_picked":["Acrobatics","Reflex"],"picked":"Flying Knee"},{"not_picked":["PiercingWail","Leg Sweep"],"picked":"Noxious Fumes"},{"not_picked":["Backflip","Cloak And Dagger"],"picked":"Blur"},{"not_picked":["PiercingWail","Skewer"],"picked":"Concentrate"},{"not_picked":["Deflect","All Out Attack"],"picked":"Dodge and Roll"},{"not_picked":["All Out Attack","Venomology"],"picked":"Infinite Blades"},{"not_picked":["Underhanded Strike","Cloak And Dagger"],"picked":"Outmaneuver"},{"not_picked":["Tools of the Trade","Glass Knife"],"picked":"Burst"},{"not_picked":["Deflect","Dagger Spray"],"picked":"Noxious Fumes"},{"not_picked":["Sucker Punch","Prepared"],"picked":"Acrobatics"},{"not_picked":["Prepared","Dodge and Roll"],"picked":"Poisoned Stab"},{"not_picked":["Infinite Blades","Acrobatics"],"picked":"Backflip"},{"not_picked":["Sucker Punch","Infinite Blades"],"picked":"Backflip"},{"not_picked":["Night Terror","Tools of the Trade"],"picked":"Bullet Time"},{"not_picked":["Caltrops","Underhanded Strike"],"picked":"Riddle With Holes"},{"not_picked":["Deflect","Bane"],"picked":"Backflip"},{"not_picked":["Prepared","Slice"],"picked":"Predator"},{"not_picked":["Setup","Finisher"],"picked":"Acrobatics"},{"not_picked":["Prepared","Skewer"],"picked":"Well Laid Plans"},{"not_picked":["Venomology","Dagger Throw"],"picked":"Riddle With Holes"}],"player_experience":162486,"potions_floor_usage":[16,24,50,50],"damage_taken":[{"damage":6,"enemies":"Jaw Worm","floor":1,"turns":5},{"damage":0,"enemies":"Small Slimes","floor":2,"turns":3},{"damage":0,"enemies":"Cultist","floor":4,"turns":4},{"damage":1,"enemies":"Blue Slaver","floor":5,"turns":5},{"damage":4,"enemies":"3 Louse","floor":7,"turns":4},{"damage":4,"enemies":"Lots of Slimes","floor":10,"turns":5},{"damage":4,"enemies":"Looter","floor":13,"turns":4},{"damage":4,"enemies":"Slime Boss","floor":16,"turns":14},{"damage":0,"enemies":"3 Byrds","floor":18,"turns":5},{"damage":27,"enemies":"Spheric Guardian","floor":20,"turns":7},{"damage":2,"enemies":"Centurion and Healer","floor":22,"turns":8},{"damage":12,"enemies":"Cultist and Chosen","floor":24,"turns":7},{"damage":2,"enemies":"Sentry and Sphere","floor":31,"turns":6},{"damage":21,"enemies":"Collector","floor":33,"turns":11},{"damage":0,"enemies":"3 Shapes","floor":35,"turns":6},{"damage":11,"enemies":"Orb Walker","floor":37,"turns":5},{"damage":27,"enemies":"4 Shapes","floor":39,"turns":6},{"damage":3,"enemies":"Nemesis","floor":41,"turns":7},{"damage":4,"enemies":"Sphere and 2 Shapes","floor":44,"turns":7},{"damage":29,"enemies":"3 Darklings","floor":46,"turns":5},{"damage":18,"enemies":"4 Shapes","floor":48,"turns":7},{"damage":77,"enemies":"Time Eater","floor":50,"turns":12}],"event_choices":[{"event_name":"Living Wall","player_choice":"Forget","floor":3,"damage_taken":0},{"event_name":"The Cleric","player_choice":"Card Removal","floor":8,"damage_taken":0},{"event_name":"Golden Wing","player_choice":"Card Removal","floor":14,"damage_taken":0},{"event_name":"The Mausoleum","player_choice":"Yes","floor":19,"damage_taken":0},{"event_name":"Beggar","player_choice":"Gave Gold","floor":21,"damage_taken":0},{"event_name":"Vampires","player_choice":"Became a vampire","floor":28,"damage_taken":0},{"event_name":"Winding Halls","player_choice":"Embrace Madness","floor":36,"damage_taken":0}],"boss_relics":[{"not_picked":["Snecko Eye","Eternal Feather"],"picked":"Cursed Key"},{"not_picked":["Pandora\u0027s Box","Philosopher\u0027s Stone"],"picked":"Sozu"}],"potions_floor_spawned":[2,10,13,16,18,31,33,39,41],"seed_played":"7788556461383829260","killed_by":"Time Eater","ascension_level":3,"is_trial":false}