{"gold_per_floor":[118,136,136,152,30,30,63,63,63,82,97,127,52,52,52,155,155,175,90,90,90,19,48,48,68,95,110,124,43,43,74,74,74],"floor_reached":33,"playtime":1600,"items_purged":["Pain"],"score":494,"play_id":"efe3f7fa-b730-4216-9b42-f73dee36a017","local_time":"20181111022503","is_ascension_mode":true,"campfire_choices":[{"data":"Inflame","floor":6,"key":"SMITH"},{"data":"Bash","floor":8,"key":"SMITH"},{"data":"Shockwave","floor":15,"key":"SMITH"},{"data":"Limit Break","floor":24,"key":"SMITH"},{"data":"1","floor":30,"key":"LIFT"},{"data":"2","floor":32,"key":"LIFT"}],"neow_cost":"NONE","seed_source_timestamp":1252544698824240,"circlet_count":0,"master_deck":["AscendersBane","Defend_R","Defend_R","Defend_R","Defend_R","Bash+1","Purity","Thunderclap","Twin Strike","Shrug It Off","Inflame+1","Dropkick+1","Cleave","Iron Wave","Shockwave+1","Limit Break+1","Bite","Bite","Bite","Bite","Bite","Inflame+1","Infernal Blade","Pommel Strike+1","Shrug It Off","Metallicize+1","Fire Breathing+1"],"relics":["Black Blood","WarpedTongs","Girya","Meat on the Bone","Darkstone Periapt","Paper Frog","Champion Belt","Frozen Egg 2","StoneCalendar","Whetstone","Sundial"],"potions_floor_usage":[23,25,28,33],"damage_taken":[{"damage":4,"enemies":"Small Slimes","floor":1,"turns":4},{"damage":1,"enemies":"Cultist","floor":2,"turns":3},{"damage":13,"enemies":"Jaw Worm","floor":4,"turns":5},{"damage":21,"enemies":"Gremlin Nob","floor":7,"turns":4},{"damage":11,"enemies":"Large Slime","floor":10,"turns":5},{"damage":6,"enemies":"Exordium Wildlife","floor":11,"turns":2},{"damage":30,"enemies":"3 Sentries","floor":12,"turns":5},{"damage":22,"enemies":"Hexaghost","floor":16,"turns":9},{"damage":16,"enemies":"3 Byrds","floor":18,"turns":5},{"damage":32,"enemies":"Gremlin Leader","floor":23,"turns":7},{"damage":35,"enemies":"2 Thieves","floor":25,"turns":4},{"damage":26,"enemies":"Snecko","floor":27,"turns":4},{"damage":41,"enemies":"Shelled Parasite and Fungi","floor":28,"turns":6},{"damage":27,"enemies":"Book of Stabbing","floor":31,"turns":4},{"damage":81,"enemies":"Automaton","floor":33,"turns":6}],"seed_played":"-8786733229238312988","potions_obtained":[{"floor":1,"key":"Energy Potion"},{"floor":10,"key":"Explosive Potion"},{"floor":11,"key":"BloodPotion"},{"floor":12,"key":"BloodPotion"},{"floor":23,"key":"BloodPotion"},{"floor":31,"key":"SkillPotion"}],"is_trial":false,"path_per_floor":["M","M","?","M","$","R","E","R","T","M","M","E","$","?","R","B",null,"M","?","T","?","$","E","R","M","T","M","M","$","R","E","R","B"],"character_chosen":"IRONCLAD","items_purchased":["Shrug It Off","Inflame","Inflame+1","Metallicize+1"],"campfire_rested":0,"item_purchase_floors":[5,5,22,29],"current_hp_per_floor":[74,79,79,72,72,72,57,57,57,52,52,40,40,40,40,36,69,63,63,63,56,56,40,40,37,37,43,37,37,37,39,39,0],"gold":74,"neow_bonus":"RANDOM_COLORLESS","is_prod":false,"is_daily":false,"chose_seed":false,"campfire_upgraded":4,"win_rate":0,"timestamp":1541903103,"path_taken":["M","M","?","M","$","R","E","R","T","M","?","E","?","?","R","BOSS","M","?","?","?","?","E","R","M","T","M","M","$","R","E","R","BOSS"],"build_version":"2018-11-08","purchased_purges":1,"victory":false,"max_hp_per_floor":[80,80,80,80,80,80,80,80,80,80,80,80,80,80,80,80,80,80,80,80,56,56,56,56,56,56,56,56,56,56,56,56,56],"card_choices":[{"not_picked":["Hemokinesis","Clothesline"],"picked":"Thunderclap","floor":1},{"not_picked":["Perfected Strike","Sword Boomerang","Blood for Blood"],"picked":"SKIP","floor":2},{"not_picked":["Body Slam","True Grit"],"picked":"Twin Strike","floor":4},{"not_picked":["Uppercut","Headbutt"],"picked":"Dropkick","floor":7},{"not_picked":["Juggernaut","Perfected Strike"],"picked":"Cleave","floor":10},{"not_picked":["Perfected Strike","Heavy Blade"],"picked":"Iron Wave","floor":11},{"not_picked":["Pommel Strike","Iron Wave"],"picked":"Shockwave","floor":12},{"not_picked":["Offering","Feed"],"picked":"Limit Break","floor":16},{"not_picked":["Hemokinesis","Dropkick","Bloodletting"],"picked":"SKIP","floor":18},{"not_picked":["Warcry","Carnage"],"picked":"Infernal Blade","floor":23},{"not_picked":["Flex","Anger"],"picked":"Pommel Strike","floor":25},{"not_picked":["Cleave+1","Perfected Strike","Thunderclap"],"picked":"SKIP","floor":27},{"not_picked":["Infernal Blade","Metallicize+1"],"picked":"Shrug It Off","floor":28},{"not_picked":["Metallicize+1","Body Slam"],"picked":"Fire Breathing+1","floor":31}],"player_experience":495383,"relics_obtained":[{"floor":7,"key":"Girya"},{"floor":9,"key":"Meat on the Bone"},{"floor":12,"key":"Darkstone Periapt"},{"floor":20,"key":"Frozen Egg 2"},{"floor":23,"key":"StoneCalendar"},{"floor":26,"key":"Whetstone"},{"floor":31,"key":"Sundial"}],"event_choices":[{"damage_healed":0,"gold_gain":0,"player_choice":"Rummage","damage_taken":0,"relics_obtained":["WarpedTongs"],"max_hp_gain":0,"max_hp_loss":0,"event_name":"Accursed Blacksmith","floor":3,"gold_loss":0,"cards_obtained":["Pain"]},{"damage_healed":0,"gold_gain":0,"player_choice":"Searched \u00271\u0027 times","damage_taken":0,"relics_obtained":["Paper Frog"],"max_hp_gain":0,"max_hp_loss":0,"event_name":"Dead Adventurer","floor":14,"gold_loss":0},{"damage_healed":0,"gold_gain":0,"player_choice":"Obtained Relic","damage_taken":0,"relics_obtained":["Champion Belt"],"max_hp_gain":0,"max_hp_loss":0,"event_name":"Addict","floor":19,"gold_loss":85},{"damage_healed":0,"gold_gain":0,"player_choice":"Became a vampire","damage_taken":0,"max_hp_gain":0,"max_hp_loss":24,"event_name":"Vampires","floor":21,"gold_loss":0,"cards_obtained":["Bite","Bite","Bite","Bite","Bite"]}],"is_beta":false,"boss_relics":[{"not_picked":["Calling Bell","Runic Dome"],"picked":"Black Blood"}],"items_purged_floors":[13],"is_endless":false,"potions_floor_spawned":[1,10,11,12,16,23,31],"killed_by":"Automaton","ascension_level":12}