{"path_per_floor":["M","?","M","$","M","R","?","R","T","E","$","R","E","?","R","B",null,"M","?","M","M","$","E","T","R","T","R","M","M","R","M","R","B",null,"M","M","T","?","M","E","T","R","T","M","$","M","R","M","R","B"],"character_chosen":"THE_SILENT","items_purchased":["Footwork","Dagger Spray","Backflip","Lantern","Vajra"],"gold_per_floor":[116,116,129,3,17,17,17,17,17,51,1,1,31,31,31,109,109,126,126,139,159,8,73,73,73,73,73,88,101,101,120,120,194,194,205,224,224,224,238,271,297,297,297,310,78,88,88,102,102,102],"floor_reached":51,"campfire_rested":2,"playtime":3277,"current_hp_per_floor":[56,56,56,56,56,56,61,61,61,57,57,57,42,42,42,15,50,50,29,29,29,29,27,27,27,27,27,15,15,33,33,33,14,50,50,50,50,62,53,60,60,60,60,47,47,42,42,42,62,34],"items_purged":["Writhe"],"gold":102,"score":953,"play_id":"cde62159-c1ff-4b4d-964d-65ef0eb83ed9","local_time":"20180310230948","is_prod":false,"is_daily":false,"is_ascension_mode":true,"campfire_upgraded":9,"timestamp":1520748588,"path_taken":["M","?","M","$","M","R","?","R","T","E","$","R","E","?","R","BOSS","M","?","M","M","$","E","?","R","T","R","M","?","R","M","R","BOSS","M","M","?","?","M","E","?","R","T","M","$","M","R","M","R","BOSS"],"build_version":"2018-03-01-PROD1","purchased_purges":1,"victory":true,"master_deck":["Defend_G","Defend_G","Defend_G","Defend_G","Defend_G","Strike_G","Strike_G+1","Strike_G","Strike_G","Survivor","Neutralize+1","Dash+1","Predator+1","Footwork+1","Dagger Spray+1","Leg Sweep","Backflip","Glass Knife+1","Adrenaline+1","PiercingWail","Necronomicurse","Terror+1","Backflip","Outmaneuver+1","Blur","Phantasmal Killer+1","Blur","Concentrate","Footwork+1","Malaise"],"max_hp_per_floor":[57,57,57,57,57,57,62,62,62,62,62,62,62,62,62,62,62,62,62,62,62,62,62,62,62,62,62,62,62,62,62,62,62,62,62,62,62,62,62,69,69,69,69,69,69,69,69,69,69,69],"relics":["Ring of the Snake","Unceasing Top","Ninja Scroll","Centennial Puzzle","Philosopher\u0027s Stone","Necronomicon","Lantern","Tiny Chest","Ice Cream","Whetstone","Runic Dome","Bottled Lightning","Strawberry","Bag of Preparation","Calipers","Vajra"],"card_choices":[{"not_picked":["PiercingWail","Leg Sweep"],"picked":"Dash"},{"not_picked":["Slice","Caltrops"],"picked":"Predator"},{"not_picked":["Flying Knee","Quick Slash"],"picked":"Leg Sweep"},{"not_picked":["Deadly Poison","Flying Knee"],"picked":"Glass Knife"},{"not_picked":["After Image","Unload"],"picked":"Adrenaline"},{"not_picked":["Prepared","Poisoned Stab"],"picked":"PiercingWail"},{"not_picked":["Escape Plan","Leg Sweep"],"picked":"Terror"},{"not_picked":["Catalyst","Eviscerate"],"picked":"Backflip"},{"not_picked":["Acrobatics","Bullet Time"],"picked":"Outmaneuver"},{"not_picked":["Skewer","Accuracy"],"picked":"Blur"},{"not_picked":["Corpse Explosion","Bullet Time"],"picked":"Phantasmal Killer"},{"not_picked":["Terror","Backflip"],"picked":"Blur"},{"not_picked":["Bane","Prepared"],"picked":"Concentrate"},{"not_picked":["Distraction","Concentrate"],"picked":"Footwork"},{"not_picked":["Deflect","Endless Agony"],"picked":"Malaise"}],"player_experience":559912,"potions_floor_usage":[33,35,50,50],"damage_taken":[{"damage":1,"enemies":"Small Slimes","floor":1,"turns":4},{"damage":0,"enemies":"Cultist","floor":3,"turns":3},{"damage":0,"enemies":"2 Louse","floor":5,"turns":3},{"damage":4,"enemies":"3 Sentries","floor":10,"turns":10},{"damage":15,"enemies":"Lagavulin","floor":13,"turns":8},{"damage":27,"enemies":"Slime Boss","floor":16,"turns":11},{"damage":0,"enemies":"Shell Parasite","floor":18,"turns":4},{"damage":0,"enemies":"2 Thieves","floor":20,"turns":2},{"damage":0,"enemies":"Snecko","floor":21,"turns":3},{"damage":2,"enemies":"Gremlin Leader","floor":23,"turns":4},{"damage":12,"enemies":"Centurion and Healer","floor":28,"turns":4},{"damage":0,"enemies":"Snake Plant","floor":29,"turns":2},{"damage":0,"enemies":"Slaver and Parasite","floor":31,"turns":4},{"damage":19,"enemies":"Collector","floor":33,"turns":8},{"damage":0,"enemies":"3 Darklings","floor":35,"turns":4},{"damage":0,"enemies":"Orb Walker","floor":36,"turns":2},{"damage":9,"enemies":"4 Shapes","floor":39,"turns":6},{"damage":0,"enemies":"Giant Head","floor":40,"turns":4},{"damage":13,"enemies":"3 Darklings","floor":44,"turns":4},{"damage":5,"enemies":"Sphere and 2 Shapes","floor":46,"turns":3},{"damage":0,"enemies":"Maw","floor":48,"turns":5},{"damage":28,"enemies":"Time Eater","floor":50,"turns":17}],"event_choices":[{"event_name":"Upgrade Shrine","player_choice":"Upgraded","floor":2,"damage_taken":0},{"event_name":"Big Fish","player_choice":"Donut","floor":7,"damage_taken":0},{"event_name":"The Cleric","player_choice":"Leave","floor":14,"damage_taken":0},{"event_name":"Cursed Tome","player_choice":"Obtained Book","floor":19,"damage_taken":0},{"event_name":"Winding Halls","player_choice":"Writhe","floor":38,"damage_taken":0}],"boss_relics":[{"not_picked":["Astrolabe","The Specimen"],"picked":"Philosopher\u0027s Stone"},{"not_picked":["Orrery","Black Star"],"picked":"Runic Dome"}],"potions_floor_spawned":[10,18,21,29,35,44,46,48],"seed_played":"7885504062127058271","ascension_level":15,"is_trial":false}