{"path_per_floor":["M","M","$","?","M","R","?","R","T","M","R","?","?","?","R","B",null,"M","?","M","?","M","R","?","R","T","M","?","M"],"character_chosen":"THE_SILENT","items_purchased":["Noxious Fumes"],"gold_per_floor":[118,134,56,56,69,69,69,69,69,79,79,79,29,104,104,204,204,215,215,235,235,245,245,170,170,170,187,187,200],"floor_reached":30,"campfire_rested":3,"playtime":1758,"current_hp_per_floor":[70,70,70,70,66,66,52,52,52,52,52,45,45,34,55,34,70,44,31,22,22,13,35,35,57,57,31,31,9],"items_purged":[],"gold":200,"score":218,"play_id":"1b0ef166-d9ff-4380-b87d-0ea7ee68d9b8","is_prod":false,"is_daily":false,"is_ascension_mode":false,"campfire_upgraded":3,"path_taken":["M","M","$","?","?","R","?","R","T","M","R","?","?","?","R","BOSS","M","?","M","?","M","R","?","R","T","M","?","M","M"],"build_version":"2018-02-15-PROD1","purchased_purges":0,"victory":false,"master_deck":["Defend_G","Defend_G","Defend_G","Defend_G","Defend_G","Strike_G+1","Strike_G+1","Survivor","Neutralize+1","Dagger Throw+1","Noxious Fumes+1","Dagger Spray+1","Die Die Die","Bane+1","Malaise"],"max_hp_per_floor":[70,70,70,70,70,70,70,70,70,70,70,70,70,70,70,70,70,70,75,75,75,75,75,75,75,75,75,75,75],"relics":["Philosopher\u0027s Stone"],"card_choices":[{"not_picked":["Slice","Masterful Stab"],"picked":"Dagger Throw"},{"not_picked":["Blur","Bane"],"picked":"Dagger Spray"},{"not_picked":["Envenom","Venomology"],"picked":"Die Die Die"},{"not_picked":["Terror","Blur"],"picked":"Bane"},{"not_picked":["Dodge and Roll","Expertise"],"picked":"Malaise"}],"player_experience":394742,"potions_floor_usage":[16,22],"damage_taken":[{"damage":0,"enemies":"2 Louse","floor":1,"turns":3},{"damage":0,"enemies":"Cultist","floor":2,"turns":3},{"damage":4,"enemies":"Small Slimes","floor":5,"turns":4},{"damage":0,"enemies":"3 Louse","floor":10,"turns":1},{"damage":36,"enemies":"Slime Boss","floor":16,"turns":8},{"damage":26,"enemies":"Spheric Guardian","floor":18,"turns":4},{"damage":9,"enemies":"Shell Parasite","floor":20,"turns":5},{"damage":9,"enemies":"3 Cultists","floor":22,"turns":5},{"damage":26,"enemies":"Snake Plant","floor":27,"turns":5},{"damage":22,"enemies":"Slaver and Parasite","floor":29,"turns":6},{"damage":9,"enemies":"Centurion and Healer","floor":30,"turns":4}],"event_choices":[{"event_name":"Upgrade Shrine","player_choice":"Upgraded","floor":4,"damage_taken":0},{"event_name":"Shining Light","player_choice":"Entered Light","floor":7,"damage_taken":0},{"event_name":"Golden Wing","player_choice":"Card Removal","floor":12,"damage_taken":0},{"event_name":"The Cleric","player_choice":"Card Removal","floor":13,"damage_taken":0},{"event_name":"World of Goop","player_choice":"Gather Gold","floor":14,"damage_taken":0},{"event_name":"Forgotten Altar","player_choice":"Shed Blood","floor":19,"damage_taken":0},{"event_name":"Addict","player_choice":"Ignored","floor":21,"damage_taken":0},{"event_name":"Beggar","player_choice":"Gave Gold","floor":24,"damage_taken":0},{"event_name":"Cursed Tome","player_choice":"Ignored","floor":28,"damage_taken":0}],"boss_relics":[{"not_picked":["The Specimen","Sozu","White Beast Statue"]}],"potions_floor_spawned":[10,20],"seed_played":"3005037102646917165","killed_by":"Centurion and Healer","ascension_level":0,"is_trial":false}