{"gold_per_floor":[113,133,308,319,218,250,250,113,113,128,128,3,13,13,13,13],"floor_reached":16,"playtime":1945,"items_purged":["Doubt","Strike_G","Strike_G"],"score":100,"play_id":"cdc978ee-2836-46ac-b7b8-c5c81e8113ba","local_time":"20181211023444","is_ascension_mode":false,"campfire_choices":[{"data":"Prepared","floor":7,"key":"SMITH"},{"floor":11,"key":"REST"},{"floor":15,"key":"REST"}],"neow_cost":"NONE","seed_source_timestamp":1357455288891725,"circlet_count":0,"master_deck":["Defend_G","Defend_G","Defend_G","Defend_G","Defend_G","Strike_G","Strike_G","Strike_G","Survivor","Neutralize","Acrobatics","Prepared+1","Noxious Fumes","Escape Plan","Prepared"],"relics":["Ring of the Snake","Bottled Flame","Bag of Marbles","Ninja Scroll"],"potions_floor_usage":[6,16,16],"damage_taken":[{"damage":4,"enemies":"2 Louse","floor":1,"turns":4},{"damage":0,"enemies":"Small Slimes","floor":2,"turns":6},{"damage":1,"enemies":"Cultist","floor":4,"turns":5},{"damage":30,"enemies":"Gremlin Nob","floor":6,"turns":6},{"damage":14,"enemies":"Large Slime","floor":10,"turns":8},{"damage":4,"enemies":"Looter","floor":13,"turns":4},{"damage":67,"enemies":"Hexaghost","floor":16,"turns":14}],"seed_played":"-9058575358701471419","potions_obtained":[{"floor":2,"key":"Weak Potion"},{"floor":6,"key":"PowerPotion"},{"floor":10,"key":"Strength Potion"},{"floor":13,"key":"Ancient Potion"}],"is_trial":false,"path_per_floor":["M","M","?","M","$","E","R","$","T","M","R","$","M","?","R","B"],"character_chosen":"THE_SILENT","items_purchased":["Prepared","Noxious Fumes"],"campfire_rested":2,"item_purchase_floors":[5,8],"current_hp_per_floor":[66,66,66,65,65,35,35,35,35,21,42,42,38,38,59,0],"gold":13,"neow_bonus":"THREE_SMALL_POTIONS","is_prod":false,"is_daily":false,"chose_seed":false,"campfire_upgraded":1,"win_rate":0.0,"timestamp":1544517284,"path_taken":["M","M","?","M","$","E","R","$","T","M","R","$","M","?","R","BOSS"],"build_version":"2018-12-06","purchased_purges":3,"victory":false,"max_hp_per_floor":[70,70,70,70,70,70,70,70,70,70,70,70,70,70,70,70],"card_choices":[{"not_picked":["Riddle With Holes","Reflex","Bane"],"picked":"SKIP","floor":1},{"not_picked":["Bouncing Flask","Reflex"],"picked":"Acrobatics","floor":2},{"not_picked":["PiercingWail","Eviscerate","Poisoned Stab"],"picked":"SKIP","floor":4},{"not_picked":["Wraith Form v2","Quick Slash","Blade Dance"],"picked":"SKIP","floor":6},{"not_picked":["Well Laid Plans","Skewer"],"picked":"Escape Plan","floor":10},{"not_picked":["Underhanded Strike","Deflect"],"picked":"Prepared","floor":13}],"player_experience":44506,"relics_obtained":[{"floor":6,"key":"Bottled Flame"},{"floor":9,"key":"Bag of Marbles"}],"event_choices":[{"damage_healed":0,"gold_gain":175,"player_choice":"AGREE","damage_taken":0,"max_hp_gain":0,"max_hp_loss":0,"event_name":"Liars Game","floor":3,"gold_loss":0,"cards_obtained":["Doubt"]},{"damage_healed":0,"gold_gain":0,"player_choice":"Gave Potion","damage_taken":0,"relics_obtained":["Ninja Scroll"],"max_hp_gain":0,"max_hp_loss":0,"event_name":"WeMeetAgain","floor":14,"gold_loss":0}],"is_beta":false,"boss_relics":[],"items_purged_floors":[5,8,12],"is_endless":false,"potions_floor_spawned":[2,6,10,13],"killed_by":"Hexaghost","ascension_level":0}