{"gold_per_floor":[368,368,186,198,127,161,161,61,61,79,79,92,68,68,68,163,163,178,195,118,118,208,208,238,238,238,249,210,242,204,217,217,217],"floor_reached":33,"playtime":2762,"items_purged":["Strike_G","Strike_G"],"score":281,"play_id":"d70a3090-5417-4be5-a6d6-dd541839cd04","local_time":"20181213120422","is_ascension_mode":false,"campfire_choices":[{"floor":7,"key":"REST"},{"data":"Bouncing Flask","floor":11,"key":"SMITH"},{"floor":15,"key":"REST"},{"floor":23,"key":"REST"},{"floor":25,"key":"REST"},{"floor":32,"key":"REST"}],"neow_cost":"PERCENT_DAMAGE","seed_source_timestamp":141089181883723,"circlet_count":0,"master_deck":["Defend_G","Defend_G","Defend_G","Defend_G","Defend_G","Strike_G","Strike_G","Survivor","Neutralize+1","Bouncing Flask+1","Infinite Blades","Backflip","Acrobatics","Footwork","Dodge and Roll","Adrenaline","Backflip","Deflect","Poisoned Stab","Footwork","Shame","Terror+1","Escape Plan","Infinite Blades","Blur"],"relics":["Ring of the Snake","Pen Nib","Meat on the Bone","Orrery","Calipers","Omamori","Letter Opener","Ninja Scroll"],"potions_floor_usage":[16,24,29,29,31],"damage_taken":[{"damage":0,"enemies":"Jaw Worm","floor":1,"turns":6},{"damage":1,"enemies":"Cultist","floor":4,"turns":4},{"damage":35,"enemies":"Gremlin Nob","floor":6,"turns":6},{"damage":0,"enemies":"2 Louse","floor":10,"turns":2},{"damage":10,"enemies":"Large Slime","floor":12,"turns":5},{"damage":16,"enemies":"Hexaghost","floor":16,"turns":8},{"damage":0,"enemies":"Spheric Guardian","floor":18,"turns":3},{"damage":28,"enemies":"2 Thieves","floor":19,"turns":5},{"damage":3,"enemies":"Book of Stabbing","floor":24,"turns":8},{"damage":0,"enemies":"Snecko","floor":27,"turns":6},{"damage":21,"enemies":"Gremlin Leader","floor":29,"turns":8},{"damage":23,"enemies":"3 Cultists","floor":31,"turns":7},{"damage":84,"enemies":"Collector","floor":33,"turns":5}],"seed_played":"-5027387923001425595","potions_obtained":[{"floor":1,"key":"Weak Potion"},{"floor":6,"key":"Energy Potion"},{"floor":19,"key":"Poison Potion"},{"floor":27,"key":"Energy Potion"},{"floor":29,"key":"Weak Potion"}],"is_trial":false,"path_per_floor":["M","?","$","M","$","E","R","$","T","M","R","M","?","?","R","B",null,"M","M","$","?","?","R","E","R","T","M","$","E","$","M","R","B"],"character_chosen":"THE_SILENT","items_purchased":["Infinite Blades","Backflip","Footwork","Footwork","Escape Plan","Infinite Blades"],"campfire_rested":5,"item_purchase_floors":[3,3,5,20,28,30],"current_hp_per_floor":[49,49,49,48,48,13,34,34,34,46,46,36,36,29,50,46,70,70,42,42,42,28,49,46,67,67,67,67,46,46,35,56,0],"gold":217,"neow_bonus":"TWO_FIFTY_GOLD","is_prod":false,"is_daily":false,"chose_seed":false,"campfire_upgraded":1,"win_rate":0.0,"timestamp":1544724262,"path_taken":["M","?","$","M","?","E","R","$","T","M","R","M","?","?","R","BOSS","M","M","$","?","?","R","E","R","T","M","$","E","$","M","R","BOSS"],"build_version":"2018-12-06","purchased_purges":2,"victory":false,"max_hp_per_floor":[70,70,70,70,70,70,70,70,70,70,70,70,70,70,70,70,70,70,70,70,70,70,70,70,70,70,70,70,70,70,70,70,70],"card_choices":[{"not_picked":["Terror","Dagger Spray"],"picked":"Bouncing Flask","floor":1},{"not_picked":["Flechettes","Skewer"],"picked":"Acrobatics","floor":4},{"not_picked":["Dodge and Roll","Phantasmal Killer","Slice"],"picked":"SKIP","floor":6},{"not_picked":["Slice","Tactician"],"picked":"Dodge and Roll","floor":10},{"not_picked":["Sucker Punch","Distraction","Dagger Spray"],"picked":"SKIP","floor":12},{"not_picked":["Tools of the Trade","Night Terror"],"picked":"Adrenaline","floor":16},{"not_picked":["Finisher","Slice"],"picked":"Backflip","floor":17},{"not_picked":["A Thousand Cuts","PiercingWail"],"picked":"Deflect","floor":17},{"not_picked":["Bane+1","Sucker Punch"],"picked":"Poisoned Stab","floor":18},{"not_picked":["Blade Dance","Heel Hook","Underhanded Strike"],"picked":"SKIP","floor":19},{"not_picked":["Dagger Spray+1","Tactician"],"picked":"Terror+1","floor":24},{"not_picked":["Sucker Punch","Quick Slash","Deflect"],"picked":"SKIP","floor":27},{"not_picked":["Tactician","PiercingWail","Doppelganger"],"picked":"SKIP","floor":29},{"not_picked":["Backflip+1","Bouncing Flask+1"],"picked":"Blur","floor":31}],"player_experience":75860,"relics_obtained":[{"floor":6,"key":"Pen Nib"},{"floor":9,"key":"Meat on the Bone"},{"floor":24,"key":"Omamori"},{"floor":26,"key":"Letter Opener"},{"floor":29,"key":"Ninja Scroll"}],"event_choices":[{"damage_healed":0,"gold_gain":0,"player_choice":"Upgraded","damage_taken":0,"max_hp_gain":0,"max_hp_loss":0,"event_name":"Upgrade Shrine","floor":2,"gold_loss":0,"cards_upgraded":["Neutralize"]},{"damage_healed":0,"gold_gain":0,"player_choice":"Left Gold","damage_taken":0,"max_hp_gain":0,"max_hp_loss":0,"event_name":"World of Goop","floor":13,"gold_loss":24},{"cards_removed":["Strike_G"],"damage_healed":0,"gold_gain":0,"player_choice":"Card Removal","damage_taken":7,"max_hp_gain":0,"max_hp_loss":0,"event_name":"Golden Wing","floor":14,"gold_loss":0},{"damage_healed":0,"gold_gain":0,"player_choice":"Stole Relic","damage_taken":0,"relics_obtained":["Calipers"],"max_hp_gain":0,"max_hp_loss":0,"event_name":"Addict","floor":21,"gold_loss":0,"cards_obtained":["Shame"]},{"damage_healed":0,"gold_gain":90,"player_choice":"GOLD ","damage_taken":14,"max_hp_gain":0,"max_hp_loss":0,"event_name":"Knowing Skull","floor":22,"potions_obtained":[],"gold_loss":0,"cards_obtained":[]}],"is_beta":false,"boss_relics":[{"not_picked":["Busted Crown","Fusion Hammer"],"picked":"Orrery"}],"items_purged_floors":[3,8],"is_endless":false,"potions_floor_spawned":[1,6,19,27,29],"killed_by":"Collector","ascension_level":0}