{"gold_per_floor":[115,115,133,133,150,150,178,178,204,204,221,221,237,255,255,357,357,368,368,396,396,407,425,425,524,524,524,327,327,427,427,427,524,524,537,547,497,508,730,760,506,538,591,605,635,635,385,385,385,385,385,385,47,81,81],"floor_reached":56,"playtime":4106,"items_purged":["Strike_R","Strike_R","Strike_R","Strike_R+1","Feed+1"],"score":1431,"play_id":"812830a7-ae06-47f3-9525-12e5fd891dee","local_time":"20190508232755","is_ascension_mode":false,"campfire_choices":[{"data":"Armaments","floor":6.0,"key":"SMITH"},{"data":"Clothesline","floor":8.0,"key":"SMITH"},{"data":"Metallicize","floor":12.0,"key":"SMITH"},{"data":"Barricade","floor":15.0,"key":"SMITH"},{"data":"Body Slam","floor":24,"key":"SMITH"},{"data":"Feed","floor":27,"key":"SMITH"},{"floor":29,"key":"RECALL"},{"data":"Shrug It Off","floor":32,"key":"SMITH"},{"floor":46,"key":"REST"},{"floor":49,"key":"REST"},{"floor":52,"key":"REST"}],"neow_cost":"NONE","seed_source_timestamp":18206111198400,"circlet_count":0,"master_deck":["Defend_R","Defend_R","Defend_R","Defend_R","Bash+1","Armaments+1","Pummel+1","Clothesline+1","Metallicize+1","Power Through+1","Barricade+1","Shrug It Off+1","Ghostly","Ghostly","Ghostly","Ghostly","Ghostly","Body Slam+1","Entrench","Feel No Pain+1","Entrench+1","Shockwave","Finesse","Flame Barrier"],"special_seed":0,"relics":["Burning Blood","Pen Nib","Smiling Mask","Philosopher\u0027s Stone","MutagenicStrength","Red Mask","Oddly Smooth Stone","Champion Belt","Singing Bowl","Fusion Hammer","WingedGreaves","Medical Kit","Centennial Puzzle","PreservedInsect","Orichalcum","Anchor","HandDrill","Pantograph"],"potions_floor_usage":[20,55,55,55],"damage_taken":[{"damage":6.0,"enemies":"Jaw Worm","floor":1.0,"turns":4.0},{"damage":0.0,"enemies":"2 Louse","floor":3.0,"turns":3.0},{"damage":0.0,"enemies":"Small Slimes","floor":5.0,"turns":4.0},{"damage":29.0,"enemies":"3 Sentries","floor":7.0,"turns":12.0},{"damage":3.0,"enemies":"Red Slaver","floor":11.0,"turns":4.0},{"damage":0.0,"enemies":"Exordium Thugs","floor":13.0,"turns":4.0},{"damage":0.0,"enemies":"2 Fungi Beasts","floor":14.0,"turns":3.0},{"damage":9.0,"enemies":"Slime Boss","floor":16.0,"turns":13.0},{"damage":30.0,"enemies":"3 Byrds","floor":18.0,"turns":8.0},{"damage":18,"enemies":"Masked Bandits","floor":20,"turns":5},{"damage":0,"enemies":"Chosen","floor":22,"turns":10},{"damage":0,"enemies":"Centurion and Healer","floor":23,"turns":7},{"damage":2,"enemies":"Colosseum Slavers","floor":30,"turns":9},{"damage":3,"enemies":"Colosseum Nobs","floor":30,"turns":8},{"damage":9,"enemies":"Champ","floor":33,"turns":12},{"damage":0,"enemies":"3 Darklings","floor":35,"turns":20},{"damage":0,"enemies":"3 Shapes","floor":36,"turns":7},{"damage":0,"enemies":"Maw","floor":38,"turns":7},{"damage":0,"enemies":"Giant Head","floor":40,"turns":10},{"damage":2,"enemies":"Reptomancer","floor":42,"turns":16},{"damage":20,"enemies":"Jaw Worm Horde","floor":44,"turns":8},{"damage":0,"enemies":"Giant Head","floor":45,"turns":8},{"damage":0,"enemies":"Donu and Deca","floor":50,"turns":19},{"damage":0,"enemies":"Shield and Spear","floor":54,"turns":9},{"damage":0,"enemies":"The Heart","floor":55,"turns":10}],"seed_played":"1547205049103356940","potions_obtained":[{"floor":11.0,"key":"Fire Potion"},{"floor":13.0,"key":"PowerPotion"},{"floor":14.0,"key":"Swift Potion"},{"floor":20,"key":"LiquidBronze"},{"floor":33,"key":"PowerPotion"}],"is_trial":false,"path_per_floor":["M","?","M","?","M","R","E","R","T","?","M","R","M","M","R","B",null,"M","?","?","?","M","M","R","?","T","R","$","R","?","?","R","B",null,"M","M","$","M","?","E","$","E","T","M","E","R","$","?","R","B",null,"R","$","E","B",null],"character_chosen":"IRONCLAD","items_purchased":["Oddly Smooth Stone","Medical Kit","Anchor","Dexterity Potion","Finesse","HandDrill"],"campfire_rested":3,"item_purchase_floors":[28,41,47,47,53,53],"current_hp_per_floor":[80,64,70,70,76,76,53,53,53,53,56,56,62,68,68,65,80,59,59,50,43,46,49,49,49,49,49,49,49,59,59,59,62,65,71,75,75,79,79,85,85,91,91,81,93,101,101,101,101,105,105,105,105,105,105],"gold":81,"neow_bonus":"UPGRADE_CARD","is_prod":false,"is_daily":false,"chose_seed":false,"campfire_upgraded":7,"win_rate":0,"timestamp":1557379675,"path_taken":["M","?","M","?","M","R","E","R","T","?","M","R","M","?","R","BOSS","M","?","?","?","M","?","R","?","T","R","$","R","?","?","R","BOSS","M","?","$","M","?","E","$","E","T","M","E","R","$","?","R","BOSS","R","$","E","BOSS"],"build_version":"2019-01-23","purchased_purges":5,"victory":true,"max_hp_per_floor":[80,80,80,80,80,80,80,80,80,80,80,80,80,80,80,80,80,83,83,86,43,46,49,49,49,49,49,49,49,59,59,59,65,65,71,75,75,79,79,85,85,91,91,95,101,101,101,101,101,105,105,105,105,105,105],"card_choices":[{"not_picked":["Flex","Blood for Blood"],"picked":"Armaments","floor":1.0},{"not_picked":["Wild Strike","Reckless Charge","Rage"],"picked":"SKIP","floor":3.0},{"not_picked":["Cleave","Havoc"],"picked":"Pummel","floor":5.0},{"not_picked":["Havoc","Heavy Blade"],"picked":"Clothesline","floor":7.0},{"not_picked":["Pommel Strike","Wild Strike"],"picked":"Metallicize","floor":11.0},{"not_picked":["Armaments","Rage"],"picked":"Power Through","floor":13.0},{"not_picked":["Thunderclap","Blood for Blood"],"picked":"Barricade","floor":14.0},{"not_picked":["Barricade","Immolate"],"picked":"Feed","floor":16.0},{"not_picked":["Combust","Blood for Blood","Thunderclap"],"picked":"SKIP","floor":18.0},{"not_picked":["Sentinel+1","Sever Soul+1"],"picked":"Shrug It Off","floor":20},{"not_picked":["Armaments","Seeing Red"],"picked":"Body Slam","floor":22},{"not_picked":["Bloodletting+1","Havoc","Heavy Blade"],"picked":"SKIP","floor":23},{"not_picked":["Dark Embrace","Twin Strike","Anger"],"picked":"Singing Bowl","floor":30},{"not_picked":["Reaper","Exhume","Barricade"],"picked":"Singing Bowl","floor":33},{"not_picked":["Thunderclap+1","Havoc","Heavy Blade+1"],"picked":"Singing Bowl","floor":35},{"not_picked":["Iron Wave","Rampage+1"],"picked":"Entrench","floor":36},{"not_picked":["Dropkick+1","Rampage+1"],"picked":"Feel No Pain+1","floor":38},{"not_picked":["Wild Strike+1","Perfected Strike+1","Juggernaut"],"picked":"Singing Bowl","floor":40},{"not_picked":["Headbutt+1","Infernal Blade+1","Sever Soul"],"picked":"Singing Bowl","floor":42},{"not_picked":["Clothesline","Sever Soul+1"],"picked":"Entrench+1","floor":44},{"not_picked":["Metallicize+1","Inflame+1","Cleave+1"],"picked":"Singing Bowl","floor":45},{"not_picked":["Blood for Blood","Infernal Blade+1"],"picked":"Flame Barrier","floor":54}],"player_experience":1723892,"relics_obtained":[{"floor":7.0,"key":"Pen Nib"},{"floor":9.0,"key":"Smiling Mask"},{"floor":20,"key":"Red Mask"},{"floor":30,"key":"Champion Belt"},{"floor":30,"key":"Singing Bowl"},{"floor":40,"key":"WingedGreaves"},{"floor":42,"key":"Centennial Puzzle"},{"floor":43,"key":"PreservedInsect"},{"floor":45,"key":"Orichalcum"},{"floor":54,"key":"Pantograph"}],"event_choices":[{"damage_healed":0.0,"max_hp_gain":0.0,"max_hp_loss":0.0,"gold_gain":0.0,"event_name":"Shining Light","player_choice":"Entered Light","floor":2.0,"gold_loss":0.0,"damage_taken":16.0,"cards_upgraded":["Strike_R","Strike_R"]},{"damage_healed":0.0,"max_hp_gain":0.0,"max_hp_loss":0.0,"gold_gain":0.0,"event_name":"Liars Game","player_choice":"Ignored","floor":4.0,"gold_loss":0.0,"damage_taken":0.0},{"damage_healed":0.0,"max_hp_gain":0.0,"max_hp_loss":0.0,"gold_gain":0.0,"event_name":"Upgrade Shrine","player_choice":"Upgraded","floor":10.0,"gold_loss":0.0,"damage_taken":0.0,"cards_upgraded":["Pummel"]},{"damage_healed":0.0,"max_hp_gain":0.0,"max_hp_loss":0.0,"gold_gain":0.0,"event_name":"Drug Dealer","player_choice":"Inject Mutagens","floor":19.0,"gold_loss":0.0,"damage_taken":0.0,"relics_obtained":["MutagenicStrength"]},{"damage_healed":0,"gold_gain":0,"player_choice":"Fought Bandits","damage_taken":0,"max_hp_gain":0,"max_hp_loss":0,"event_name":"Masked Bandits","floor":20,"gold_loss":0},{"damage_healed":0,"gold_gain":0,"player_choice":"Became a Ghost","damage_taken":0,"max_hp_gain":0,"max_hp_loss":43,"event_name":"Ghosts","floor":21,"gold_loss":0,"cards_obtained":["Ghostly","Ghostly","Ghostly","Ghostly","Ghostly"]},{"damage_healed":0,"gold_gain":99,"player_choice":"Stole From Cult","damage_taken":0,"max_hp_gain":0,"max_hp_loss":0,"event_name":"Nest","floor":25,"gold_loss":0},{"damage_healed":0,"gold_gain":0,"player_choice":"Fight","damage_taken":0,"max_hp_gain":0,"max_hp_loss":0,"event_name":"Colosseum","floor":30,"gold_loss":0},{"damage_healed":0,"gold_gain":0,"player_choice":"Fought Nobs","damage_taken":0,"max_hp_gain":0,"max_hp_loss":0,"event_name":"Colosseum","floor":30,"gold_loss":0},{"damage_healed":0,"gold_gain":0,"player_choice":"Upgraded","damage_taken":0,"max_hp_gain":0,"max_hp_loss":0,"event_name":"Upgrade Shrine","floor":31,"gold_loss":0,"cards_upgraded":["Power Through"]},{"damage_healed":0,"gold_gain":222,"player_choice":"Wore Mask","damage_taken":0,"max_hp_gain":0,"max_hp_loss":0,"event_name":"Tomb of Lord Red Mask","floor":39,"gold_loss":0},{"damage_healed":0,"gold_gain":0,"cards_transformed":["Strike_R"],"player_choice":"Transformed","damage_taken":0,"max_hp_gain":0,"max_hp_loss":0,"event_name":"Transmorgrifier","floor":48,"gold_loss":0,"cards_obtained":["Shockwave"]}],"is_beta":false,"boss_relics":[{"not_picked":["Empty Cage","Astrolabe"],"picked":"Philosopher\u0027s Stone"},{"not_picked":["Pandora\u0027s Box","Eternal Feather"],"picked":"Fusion Hammer"}],"items_purged_floors":[28,37,41,47,53],"is_endless":false,"potions_floor_spawned":[11,13,14,16,20,23,33,36,38,44,54],"ascension_level":0}