{"gold_per_floor":[320,420,434,448,448,448,448,448,471,485,505,522,597,612,612,612],"floor_reached":16,"playtime":542,"items_purged":[],"score":160,"play_id":"2ce3bfeb-1e95-4eeb-9911-32f8a00139b2","local_time":"20190514110212","is_ascension_mode":true,"campfire_choices":[{"data":"Neutralize","floor":6,"key":"SMITH"},{"data":"Backflip","floor":8,"key":"SMITH"},{"floor":15,"key":"REST"}],"neow_cost":"NO_GOLD","seed_source_timestamp":1493067122916534,"circlet_count":0,"master_deck":["AscendersBane","Defend_G","Defend_G","Defend_G","Defend_G+1","Defend_G","Strike_G","Strike_G","Strike_G+1","Strike_G","Strike_G","Survivor","Neutralize+1","PiercingWail","Backflip+1","Infinite Blades","Crippling Poison","PiercingWail","Backstab"],"relics":["Ring of the Snake","Old Coin","Bag of Marbles"],"potions_floor_usage":[14],"damage_taken":[{"damage":1,"enemies":"Jaw Worm","floor":1,"turns":6},{"damage":4,"enemies":"Cultist","floor":3,"turns":5},{"damage":0,"enemies":"2 Louse","floor":4,"turns":4},{"damage":2,"enemies":"Exordium Wildlife","floor":10,"turns":7},{"damage":20,"enemies":"Gremlin Gang","floor":11,"turns":8},{"damage":6,"enemies":"3 Louse","floor":12,"turns":4},{"damage":0,"enemies":"Large Slime","floor":14,"turns":8},{"damage":28,"enemies":"Hexaghost","floor":16,"turns":10}],"seed_played":"6657545875041255722","potions_obtained":[{"floor":4,"key":"Energy Potion"},{"floor":11,"key":"Explosive Potion"}],"is_trial":false,"path_per_floor":["M","?","M","M","?","R","?","R","T","M","M","M","?","M","R","B"],"character_chosen":"THE_SILENT","items_purchased":[],"campfire_rested":1,"item_purchase_floors":[],"current_hp_per_floor":[58,58,54,54,41,41,41,41,41,39,19,13,2,2,21,0],"gold":612,"neow_bonus":"ONE_RARE_RELIC","is_prod":false,"is_daily":false,"chose_seed":false,"campfire_upgraded":2,"win_rate":0,"timestamp":1557802932,"path_taken":["M","?","?","M","?","R","?","R","T","?","?","M","?","M","R","BOSS"],"build_version":"2019-01-23","purchased_purges":0,"victory":false,"max_hp_per_floor":[66,66,66,66,66,66,66,66,66,66,66,66,66,66,66,66],"card_choices":[{"not_picked":["Concentrate","Setup"],"picked":"PiercingWail","floor":1},{"not_picked":["Flying Knee","Finisher","Underhanded Strike"],"picked":"SKIP","floor":3},{"not_picked":["Dodge and Roll","PiercingWail"],"picked":"Backflip","floor":4},{"not_picked":["Skewer","Dodge and Roll"],"picked":"Infinite Blades","floor":10},{"not_picked":["Finisher","Prepared"],"picked":"Crippling Poison","floor":11},{"not_picked":["Deflect","Caltrops"],"picked":"PiercingWail","floor":12},{"not_picked":["Sucker Punch","Predator"],"picked":"Backstab","floor":14}],"player_experience":528187,"relics_obtained":[{"floor":9,"key":"Bag of Marbles"}],"event_choices":[{"damage_healed":0,"gold_gain":100,"player_choice":"Pray","damage_taken":0,"max_hp_gain":0,"max_hp_loss":0,"event_name":"Golden Shrine","floor":2,"gold_loss":0},{"damage_healed":0,"gold_gain":0,"player_choice":"Entered Light","damage_taken":13,"max_hp_gain":0,"max_hp_loss":0,"event_name":"Shining Light","floor":5,"gold_loss":0,"cards_upgraded":["Defend_G","Strike_G"]},{"damage_healed":0,"gold_gain":0,"player_choice":"Ignored","damage_taken":0,"max_hp_gain":0,"max_hp_loss":0,"event_name":"Liars Game","floor":7,"gold_loss":0},{"damage_healed":0,"gold_gain":75,"player_choice":"Gather Gold","damage_taken":11,"max_hp_gain":0,"max_hp_loss":0,"event_name":"World of Goop","floor":13,"gold_loss":0}],"is_beta":false,"boss_relics":[],"items_purged_floors":[],"is_endless":false,"potions_floor_spawned":[4,11,12],"killed_by":"Hexaghost","ascension_level":14}