{"gold_per_floor":[112,112,112,112,137,137,161,179,179,179,202,226,253,277,277,277],"floor_reached":16,"playtime":732,"items_purged":[],"score":160,"play_id":"1fa1c8ce-0212-4cc7-b5c6-4a5c95d97b4d","local_time":"20190513140745","is_ascension_mode":true,"campfire_choices":[{"floor":6,"key":"REST"},{"data":"Neutralize","floor":10,"key":"SMITH"},{"floor":15,"key":"REST"}],"neow_cost":"PERCENT_DAMAGE","seed_source_timestamp":1417609872263223,"circlet_count":0,"master_deck":["AscendersBane","Defend_G","Defend_G","Defend_G","Defend_G","Strike_G","Strike_G","Strike_G","Survivor","Neutralize+1","Acrobatics","Backstab","PiercingWail","PiercingWail","Crippling Poison","Catalyst"],"relics":["Ring of the Snake","Blue Candle","Golden Idol","Centennial Puzzle","Boot"],"potions_floor_usage":[16,16],"damage_taken":[{"damage":1,"enemies":"Cultist","floor":1,"turns":5},{"damage":6,"enemies":"Jaw Worm","floor":5,"turns":5},{"damage":0,"enemies":"Small Slimes","floor":7,"turns":4},{"damage":5,"enemies":"Exordium Thugs","floor":8,"turns":11},{"damage":1,"enemies":"Blue Slaver","floor":11,"turns":5},{"damage":14,"enemies":"Gremlin Gang","floor":12,"turns":8},{"damage":0,"enemies":"Exordium Wildlife","floor":14,"turns":6},{"damage":65,"enemies":"Slime Boss","floor":16,"turns":10}],"seed_played":"3105031279626200663","potions_obtained":[{"floor":8,"key":"Regen Potion"},{"floor":11,"key":"Swift Potion"},{"floor":12,"key":"Block Potion"}],"is_trial":false,"path_per_floor":["M","T","?","?","M","R","M","M","T","R","M","M","T","M","R","B"],"character_chosen":"THE_SILENT","items_purchased":[],"campfire_rested":2,"item_purchase_floors":[],"current_hp_per_floor":[43,43,27,27,21,40,40,35,35,35,34,20,20,20,39,0],"gold":277,"neow_bonus":"REMOVE_TWO","is_prod":false,"is_daily":false,"chose_seed":false,"campfire_upgraded":1,"win_rate":0,"timestamp":1557727665,"path_taken":["M","?","?","?","M","R","M","M","T","R","?","M","?","M","R","BOSS"],"build_version":"2019-01-23","purchased_purges":0,"victory":false,"max_hp_per_floor":[66,66,66,66,66,66,66,66,66,66,66,66,66,66,66,66],"card_choices":[{"not_picked":["Dagger Spray","Bane"],"picked":"Acrobatics","floor":1},{"not_picked":["Sucker Punch","Concentrate"],"picked":"Backstab","floor":5},{"not_picked":["Dagger Throw","Sucker Punch"],"picked":"PiercingWail","floor":7},{"not_picked":["Blade Dance","Slice","Dagger Spray"],"picked":"SKIP","floor":8},{"not_picked":["Deadly Poison","Dodge and Roll"],"picked":"PiercingWail","floor":11},{"not_picked":["Escape Plan","Cloak And Dagger"],"picked":"Crippling Poison","floor":12},{"not_picked":["Prepared","Bane"],"picked":"Catalyst","floor":14}],"player_experience":521105,"relics_obtained":[{"floor":2,"key":"Blue Candle"},{"floor":9,"key":"Centennial Puzzle"},{"floor":13,"key":"Boot"}],"event_choices":[{"damage_healed":0,"gold_gain":0,"player_choice":"Take Damage","damage_taken":16,"relics_obtained":["Golden Idol"],"max_hp_gain":0,"max_hp_loss":0,"event_name":"Golden Idol","floor":3,"gold_loss":0},{"cards_removed":["Strike_G"],"damage_healed":0,"gold_gain":0,"player_choice":"Forget","damage_taken":0,"max_hp_gain":0,"max_hp_loss":0,"event_name":"Living Wall","floor":4,"gold_loss":0}],"is_beta":false,"boss_relics":[],"items_purged_floors":[],"is_endless":false,"potions_floor_spawned":[8,11,12],"killed_by":"Slime Boss","ascension_level":14}