{"path_per_floor":["M","?","M","M","?","E","R","$","T","M","$","R","M","?","R"],"character_chosen":"DEFECT","items_purchased":["Storm","Chaos","Streamline"],"gold_per_floor":[109,109,129,142,142,180,180,12,12,30,30,30,55,128,128,128],"floor_reached":16,"campfire_rested":2,"playtime":974,"item_purchase_floors":[8,8,8],"current_hp_per_floor":[35,35,34,28,28,2,24,24,24,24,24,46,29,29,29,0],"items_purged":[],"gold":128,"score":100,"play_id":"926411db-1a92-4645-9a36-b0235fafb71f","local_time":"20180531220302","is_prod":false,"is_daily":false,"chose_seed":false,"is_ascension_mode":false,"campfire_upgraded":1,"win_rate":0.0,"timestamp":1527818582,"campfire_choices":[{"floor":7,"key":"REST"},{"floor":12,"key":"REST"},{"data":"Machine Learning","floor":15,"key":"SMITH"}],"path_taken":["M","?","M","M","?","E","R","$","T","M","?","R","M","?","R","BOSS"],"build_version":"2018-05-31","seed_source_timestamp":202147566634975,"purchased_purges":0,"victory":false,"master_deck":["Strike_B","Strike_B","Defend_B","Defend_B","Defend_B","Zap","Dualcast","White Noise","Redo","Darkness","Injury","Machine Learning+1","Storm","Chaos","Streamline","Reinforced Body","Cold Snap+1"],"max_hp_per_floor":[75,75,75,75,75,75,75,75,75,75,75,75,75,75,75,75],"relics":["Cracked Core","Golden Idol","Gremlin Horn","Molten Egg 2"],"card_choices":[{"not_picked":["Beam Cell","Stack"],"picked":"White Noise","floor":1},{"not_picked":["Go for the Eyes","Streamline"],"picked":"Redo","floor":3},{"not_picked":["Stack","Tempest"],"picked":"Darkness","floor":4},{"not_picked":["Stack","Streamline"],"picked":"Machine Learning","floor":6},{"not_picked":["Steam","Hologram"],"picked":"Reinforced Body","floor":10},{"not_picked":["Ball Lightning+1","Reboot"],"picked":"Cold Snap+1","floor":13}],"player_experience":735188,"potions_floor_usage":[16,16],"damage_taken":[{"damage":3,"enemies":"Small Slimes","floor":1,"turns":3},{"damage":1,"enemies":"Cultist","floor":3,"turns":4},{"damage":6,"enemies":"2 Louse","floor":4,"turns":2},{"damage":26,"enemies":"Lagavulin","floor":6,"turns":6},{"damage":0,"enemies":"Large Slime","floor":10,"turns":3},{"damage":17,"enemies":"Exordium Wildlife","floor":13,"turns":5},{"damage":42,"enemies":"Slime Boss","floor":16,"turns":7}],"relics_obtained":[{"floor":6,"key":"Gremlin Horn"},{"floor":9,"key":"Molten Egg 2"}],"event_choices":[{"event_name":"Purifier","player_choice":"One Purge","floor":2,"damage_taken":0},{"event_name":"Golden Idol","player_choice":"Take Wound","floor":5,"damage_taken":0},{"event_name":"Golden Wing","player_choice":"Gained Gold","floor":14,"damage_taken":0}],"boss_relics":[],"items_purged_floors":[],"potions_floor_spawned":[3,4,10],"seed_played":"7273992542770346854","killed_by":"Slime Boss","ascension_level":0,"potions_obtained":[{"floor":3,"key":"Strength Potion"},{"floor":4,"key":"Energy Potion"},{"floor":10,"key":"SkillPotion"}],"is_trial":false}