{"path_per_floor":["M","?","M","?","?","E","?","M","T","R","$","R","M","M","R","B",null,"M","?","?","?","M"],"character_chosen":"THE_SILENT","items_purchased":["Footwork","Terror"],"gold_per_floor":[119,119,134,134,134,178,178,197,197,197,59,59,83,107,107,235,235,259,259,259,259,279],"floor_reached":23,"campfire_rested":1,"playtime":1560,"current_hp_per_floor":[63,63,61,61,58,36,29,29,29,48,48,48,46,28,28,9,51,20,20,20,20,22],"items_purged":[],"gold":279,"score":310,"play_id":"77218981-6dff-4bdc-91e8-5d477a996bfd","is_prod":false,"is_daily":false,"is_ascension_mode":true,"campfire_upgraded":2,"path_taken":["M","?","M","?","?","E","?","?","T","R","$","R","M","M","R","BOSS","M","?","?","?","?","E"],"build_version":"2018-02-08-PROD1","purchased_purges":0,"victory":false,"master_deck":["Defend_G","Defend_G","Defend_G","Defend_G","Defend_G","Survivor","Neutralize+1","Parasite","Noxious Fumes+1","Sucker Punch","Footwork+1","Terror","Dagger Spray+1","Flying Knee","Tools of the Trade+1","Prepared","Bite","Bite","Bite","Bite","Bite"],"max_hp_per_floor":[70,65,65,65,65,65,65,65,65,65,65,65,65,65,65,65,65,65,65,45,45,45],"relics":["Ring of the Snake","Orichalcum","Golden Idol","Art of War","Frozen Egg 2","Tingsha","Philosopher\u0027s Stone","Smiling Mask"],"card_choices":[{"not_picked":["Dodge and Roll","Outmaneuver"],"picked":"Noxious Fumes"},{"not_picked":["Acrobatics","Dodge and Roll"],"picked":"Sucker Punch"},{"not_picked":["Flying Knee","Noxious Fumes"],"picked":"Dagger Spray"},{"not_picked":["Skewer","Sucker Punch"],"picked":"Flying Knee"},{"not_picked":["Grand Finale","Envenom"],"picked":"Tools of the Trade"},{"not_picked":["Acrobatics","Poisoned Stab"],"picked":"Prepared"}],"player_experience":241544,"potions_floor_usage":[18,23,23],"damage_taken":[{"damage":0,"enemies":"2 Louse","floor":1,"turns":3},{"damage":2,"enemies":"Jaw Worm","floor":3,"turns":6},{"damage":22,"enemies":"3 Sentries","floor":6,"turns":8},{"damage":0,"enemies":"Cultist","floor":8,"turns":4},{"damage":2,"enemies":"Large Slime","floor":13,"turns":6},{"damage":18,"enemies":"Gremlin Gang","floor":14,"turns":5},{"damage":19,"enemies":"Hexaghost","floor":16,"turns":9},{"damage":31,"enemies":"2 Thieves","floor":18,"turns":4},{"damage":12,"enemies":"3 Byrds","floor":22,"turns":5},{"damage":27,"enemies":"Slavers","floor":23,"turns":3}],"event_choices":[{"event_name":"Golden Idol","player_choice":"Lose Max HP","floor":2,"damage_taken":0},{"event_name":"Upgrade Shrine","player_choice":"Upgraded","floor":4,"damage_taken":0},{"event_name":"Scrap Ooze","player_choice":"success","floor":5,"damage_taken":3},{"event_name":"Golden Wing","player_choice":"Card Removal","floor":7,"damage_taken":0},{"event_name":"The Mausoleum","player_choice":"Yes","floor":19,"damage_taken":0},{"event_name":"Vampires","player_choice":"Became a vampire","floor":20,"damage_taken":0},{"event_name":"Cursed Tome","player_choice":"Ignored","floor":21,"damage_taken":0}],"boss_relics":[{"not_picked":["Question Card","Snecko Eye"],"picked":"Philosopher\u0027s Stone"}],"potions_floor_spawned":[6,16,18],"seed_played":"379338197790091307","killed_by":"Slavers","ascension_level":10,"is_trial":false}