{"gold_per_floor":[115,115,115,129,54,80,93,43,43,68,68,144,173,188,188,286,286,305,215,34,46,63,63],"floor_reached":23,"playtime":2349,"items_purged":["Strike_B","Defend_B"],"score":234,"play_id":"94dc16e3-13f0-4cd2-907f-acc0b920161e","local_time":"20181211111218","is_ascension_mode":false,"campfire_choices":[{"data":"Ball Lightning","floor":11.0,"key":"SMITH"},{"floor":15.0,"key":"REST"}],"neow_cost":"NONE","seed_source_timestamp":0,"circlet_count":0,"master_deck":["Strike_B","Defend_B","Defend_B","Defend_B","Zap","Dualcast+1","Ball Lightning+1","Skim","Multi-Cast","Tempest","Barrage+1","Thunder Strike","Coolheaded","Storm","Storm"],"special_seed":0,"relics":["Cracked Core","NeowsBlessing","Pantograph","Matryoshka","Shuriken","Bronze Scales","Meat on the Bone","Blood Vial","Black Star"],"potions_floor_usage":[],"damage_taken":[{"damage":0.0,"enemies":"2 Louse","floor":1.0,"turns":1.0},{"damage":0.0,"enemies":"Jaw Worm","floor":4.0,"turns":1.0},{"damage":0.0,"enemies":"Gremlin Nob","floor":6.0,"turns":1.0},{"damage":1.0,"enemies":"Cultist","floor":7.0,"turns":3.0},{"damage":40.0,"enemies":"3 Sentries","floor":10.0,"turns":6.0},{"damage":16.0,"enemies":"Lagavulin","floor":13.0,"turns":6.0},{"damage":18.0,"enemies":"Large Slime","floor":14.0,"turns":4.0},{"damage":49.0,"enemies":"The Guardian","floor":16.0,"turns":9.0},{"damage":47,"enemies":"2 Thieves","floor":18,"turns":4},{"damage":21,"enemies":"3 Byrds","floor":21,"turns":3},{"damage":30,"enemies":"Snake Plant","floor":22,"turns":4},{"damage":19,"enemies":"Slavers","floor":23,"turns":1}],"seed_played":"-3209727359280753534","potions_obtained":[{"floor":4.0,"key":"Dexterity Potion"},{"floor":6.0,"key":"Dexterity Potion"},{"floor":7.0,"key":"Energy Potion"},{"floor":13.0,"key":"EssenceOfSteel"},{"floor":21,"key":"EssenceOfSteel"}],"is_trial":false,"path_per_floor":["M","?","$","M","$","E","M","?","T","E","R","T","E","M","R","B",null,"M","?","$","M","M","E"],"character_chosen":"DEFECT","items_purchased":["Storm"],"campfire_rested":1,"item_purchase_floors":[20],"current_hp_per_floor":[75,75,75,75,75,75,74,74,74,34,34,34,30,26,48,38,75,40,40,40,33,17,0],"gold":63,"neow_bonus":"THREE_ENEMY_KILL","is_prod":false,"is_daily":false,"chose_seed":false,"campfire_upgraded":1,"win_rate":0.0,"timestamp":1544548338,"path_taken":["M","?","$","M","$","E","M","?","T","E","R","?","E","?","R","BOSS","M","?","?","M","M","E"],"build_version":"2018-12-06","purchased_purges":2,"victory":false,"max_hp_per_floor":[75,75,75,75,75,75,75,75,75,75,75,75,75,75,75,75,75,75,75,75,75,75,75],"card_choices":[{"not_picked":["Barrage","Coolheaded"],"picked":"Ball Lightning","floor":1.0},{"not_picked":["Force Field","Storm"],"picked":"Skim","floor":4.0},{"not_picked":["Hello World","Cold Snap"],"picked":"Multi-Cast","floor":6.0},{"not_picked":["Stack","Hologram"],"picked":"Tempest","floor":7.0},{"not_picked":["Reinforced Body","Tempest","Blizzard"],"picked":"SKIP","floor":10.0},{"not_picked":["Rip and Tear","Genetic Algorithm"],"picked":"Barrage","floor":13.0},{"not_picked":["Stack","Double Energy","Redo"],"picked":"SKIP","floor":14.0},{"not_picked":["Fission","Reboot"],"picked":"Thunder Strike","floor":16.0},{"not_picked":["Beam Cell","Streamline+1"],"picked":"Coolheaded","floor":18},{"not_picked":["Reboot","Conserve Battery+1","Steam"],"picked":"SKIP","floor":21},{"not_picked":["Hologram","Go for the Eyes"],"picked":"Storm","floor":22}],"player_experience":52402,"relics_obtained":[{"floor":6.0,"key":"Pantograph"},{"floor":9.0,"key":"Matryoshka"},{"floor":10.0,"key":"Shuriken"},{"floor":12.0,"key":"Bronze Scales"},{"floor":12.0,"key":"Meat on the Bone"},{"floor":13.0,"key":"Blood Vial"}],"event_choices":[{"damage_healed":0.0,"max_hp_gain":0.0,"max_hp_loss":0.0,"gold_gain":0.0,"event_name":"Living Wall","player_choice":"Grow","floor":2.0,"gold_loss":0.0,"damage_taken":0.0,"cards_upgraded":["Dualcast"]},{"cards_removed":["Strike_B"],"damage_healed":0.0,"max_hp_gain":0.0,"max_hp_loss":0.0,"gold_gain":0.0,"event_name":"The Cleric","player_choice":"Card Removal","floor":8.0,"gold_loss":50.0,"damage_taken":0.0},{"cards_removed":["Strike_B"],"damage_healed":0,"gold_gain":0,"player_choice":"Upgrade and Remove","damage_taken":0,"max_hp_gain":0,"max_hp_loss":0,"event_name":"Designer","floor":19,"gold_loss":90,"cards_upgraded":["Barrage"]}],"is_beta":false,"boss_relics":[{"not_picked":["Runic Pyramid","Lizard Tail"],"picked":"Black Star"}],"items_purged_floors":[5,20],"is_endless":false,"potions_floor_spawned":[4,6,7,13,14,21,22],"killed_by":"Slavers","ascension_level":0}