{"gold_per_floor":[113,113,126,10,26,61,61,79,79,79,79,79,4,34,34,130,130,141,151,7,7,19,49,60,60,60,90,90,105,116,16,16,111,111,124,124,124,34,46,46,46,46,73,104,119,139,139,158,158,158],"floor_reached":50,"playtime":3521,"items_purged":["Strike_B","Strike_B"],"score":627,"play_id":"c5bdc75d-a6a3-49fa-9328-821387441c7d","local_time":"20190510232754","is_ascension_mode":true,"campfire_choices":[{"data":"Go for the Eyes","floor":7,"key":"SMITH"},{"data":"Genetic Algorithm","floor":12,"key":"SMITH"},{"data":"Blizzard","floor":15,"key":"SMITH"},{"data":"Electrodynamics","floor":25,"key":"SMITH"},{"data":"Biased Cognition","floor":32,"key":"SMITH"},{"floor":40,"key":"DIG"},{"floor":42,"key":"REST"},{"data":"Machine Learning","floor":47,"key":"SMITH"},{"floor":49,"key":"REST"}],"neow_cost":"NONE","seed_source_timestamp":50553834710276,"circlet_count":0,"master_deck":["Defend_B","Defend_B","Zap","Dualcast","Go for the Eyes+1","Skim","Glacier","Conserve Battery","Genetic Algorithm+1","Cold Snap","Blizzard+1","Biased Cognition+1","Ball Lightning","Ball Lightning+1","Electrodynamics+1","Biased Cognition","Conserve Battery","Ball Lightning","Glacier","Self Repair","Seek","Machine Learning+1","Injury","Shame","Writhe","Madness","Madness","Seek","Coolheaded","Seek"],"relics":["Cracked Core","NeowsBlessing","PreservedInsect","Bottled Flame","Shuriken","Ginger","Philosopher\u0027s Stone","Ornamental Fan","Meat on the Bone","Sundial","Ancient Tea Set","Calling Bell","Blood Vial","Question Card","Shovel","Lantern","Smiling Mask","Bronze Scales"],"potions_floor_usage":[3,14,27,33,44,50,50,50],"damage_taken":[{"damage":0,"enemies":"2 Louse","floor":1,"turns":1},{"damage":0,"enemies":"Cultist","floor":3,"turns":1},{"damage":0,"enemies":"Small Slimes","floor":5,"turns":1},{"damage":18,"enemies":"Lagavulin","floor":6,"turns":10},{"damage":0,"enemies":"Red Slaver","floor":8,"turns":4},{"damage":4,"enemies":"Gremlin Nob","floor":14,"turns":3},{"damage":30,"enemies":"The Guardian","floor":16,"turns":12},{"damage":4,"enemies":"Spheric Guardian","floor":18,"turns":4},{"damage":0,"enemies":"Chosen","floor":19,"turns":4},{"damage":0,"enemies":"3 Cultists","floor":22,"turns":2},{"damage":0,"enemies":"Book of Stabbing","floor":23,"turns":4},{"damage":18,"enemies":"Shelled Parasite and Fungi","floor":24,"turns":4},{"damage":28,"enemies":"Slavers","floor":27,"turns":2},{"damage":12,"enemies":"Centurion and Healer","floor":29,"turns":4},{"damage":0,"enemies":"3 Cultists","floor":30,"turns":2},{"damage":19,"enemies":"Collector","floor":33,"turns":7},{"damage":0,"enemies":"3 Shapes","floor":35,"turns":4},{"damage":18,"enemies":"3 Darklings","floor":39,"turns":2},{"damage":0,"enemies":"Nemesis","floor":44,"turns":5},{"damage":15,"enemies":"4 Shapes","floor":45,"turns":3},{"damage":30,"enemies":"Spire Growth","floor":46,"turns":5},{"damage":12,"enemies":"Jaw Worm Horde","floor":48,"turns":2},{"damage":67,"enemies":"Time Eater","floor":50,"turns":12}],"seed_played":"-7286440559724753289","potions_obtained":[{"floor":3,"key":"Fruit Juice"},{"floor":5,"key":"FearPotion"},{"floor":6,"key":"Fire Potion"},{"floor":8,"key":"FocusPotion"},{"floor":19,"key":"Swift Potion"},{"floor":24,"key":"PowerPotion"},{"floor":27,"key":"Dexterity Potion"},{"floor":33,"key":"Swift Potion"},{"floor":44,"key":"LiquidBronze"}],"is_trial":false,"path_per_floor":["M","?","M","$","M","E","R","M","T","T","?","R","$","E","R","B",null,"M","M","$","?","M","E","M","R","T","E","?","M","M","$","R","B",null,"M","?","?","?","M","R","$","R","T","E","M","M","R","M","R","B"],"character_chosen":"DEFECT","items_purchased":["Glacier","Conserve Battery","Electrodynamics"],"campfire_rested":2,"item_purchase_floors":[4,4,20],"current_hp_per_floor":[75,75,80,80,80,62,62,62,62,62,62,62,62,58,58,28,80,76,76,76,76,76,76,58,58,58,42,42,42,42,42,42,35,80,80,70,70,70,54,54,54,78,78,80,72,51,51,41,65,0],"gold":158,"neow_bonus":"THREE_ENEMY_KILL","is_prod":false,"is_daily":false,"chose_seed":false,"campfire_upgraded":6,"win_rate":0,"timestamp":1557548874,"path_taken":["M","?","M","?","?","E","R","M","T","?","?","R","$","E","R","BOSS","M","M","$","?","M","E","M","R","T","E","?","M","?","$","R","BOSS","M","?","?","?","M","R","$","R","T","E","M","?","R","M","R","BOSS"],"build_version":"2019-01-23","purchased_purges":2,"victory":false,"max_hp_per_floor":[75,75,80,80,80,80,80,80,80,80,80,80,80,80,80,80,80,80,80,80,80,80,80,80,80,80,80,80,80,80,80,80,80,80,80,80,80,80,80,80,80,80,80,80,80,80,80,80,80,80],"card_choices":[{"not_picked":["Sweeping Beam","Rip and Tear"],"picked":"Go for the Eyes","floor":1},{"not_picked":["Steam","Fusion"],"picked":"Skim","floor":3},{"not_picked":["Doom and Gloom","Gash"],"picked":"Genetic Algorithm","floor":5},{"not_picked":["Blizzard","Heatsinks"],"picked":"Cold Snap","floor":6},{"not_picked":["Chaos","Stack","Sweeping Beam"],"picked":"SKIP","floor":8},{"not_picked":["Force Field","Static Discharge"],"picked":"Blizzard","floor":14},{"not_picked":["Multi-Cast","Hyperbeam"],"picked":"Biased Cognition","floor":16},{"not_picked":["Scrape+1","Reinforced Body"],"picked":"Ball Lightning","floor":18},{"not_picked":["Conserve Battery","Leap"],"picked":"Ball Lightning","floor":19},{"not_picked":["Coolheaded","Double Energy"],"picked":"Biased Cognition","floor":22},{"not_picked":["Rip and Tear+1","Sweeping Beam"],"picked":"Conserve Battery","floor":23},{"not_picked":["Sweeping Beam","Double Energy+1"],"picked":"Ball Lightning","floor":24},{"not_picked":["Reinforced Body","Barrage"],"picked":"Glacier","floor":27},{"not_picked":["Gash","Streamline+1"],"picked":"Self Repair","floor":29},{"not_picked":["Undo","Rebound"],"picked":"Seek","floor":30},{"not_picked":["Multi-Cast","Electrodynamics"],"picked":"Machine Learning","floor":33},{"not_picked":["Skim","Conserve Battery+1","Gash","Sweeping Beam+1"],"picked":"SKIP","floor":35},{"not_picked":["Compile Driver+1","Heatsinks","Scrape","Rebound"],"picked":"SKIP","floor":39},{"not_picked":["Rebound+1","Skim+1","Loop"],"picked":"Seek","floor":44},{"not_picked":["Scrape+1","Barrage+1","Aggregate","Leap+1"],"picked":"SKIP","floor":45},{"not_picked":["Conserve Battery","Leap+1","Compile Driver"],"picked":"Coolheaded","floor":46},{"not_picked":["Streamline+1","Gash+1","Stack+1"],"picked":"Seek","floor":48}],"player_experience":179177,"relics_obtained":[{"floor":6,"key":"PreservedInsect"},{"floor":10,"key":"Bottled Flame"},{"floor":11,"key":"Shuriken"},{"floor":14,"key":"Ginger"},{"floor":23,"key":"Ornamental Fan"},{"floor":26,"key":"Meat on the Bone"},{"floor":27,"key":"Sundial"},{"floor":34,"key":"Blood Vial"},{"floor":34,"key":"Question Card"},{"floor":34,"key":"Shovel"},{"floor":40,"key":"Lantern"},{"floor":43,"key":"Smiling Mask"},{"floor":44,"key":"Bronze Scales"}],"event_choices":[{"cards_removed":["Strike_B"],"damage_healed":0,"gold_gain":0,"player_choice":"Offered Basic","damage_taken":0,"max_hp_gain":0,"max_hp_loss":0,"event_name":"Bonfire Elementals","floor":2,"gold_loss":0},{"damage_healed":0,"gold_gain":0,"player_choice":"Relic","damage_taken":0,"max_hp_gain":0,"max_hp_loss":0,"event_name":"Wheel of Change","floor":11,"gold_loss":0},{"cards_removed":["Strike_B"],"damage_healed":0,"gold_gain":0,"player_choice":"Elegance","damage_taken":0,"max_hp_gain":0,"max_hp_loss":0,"event_name":"Back to Basics","floor":21,"gold_loss":0},{"damage_healed":0,"gold_gain":0,"player_choice":"Opened","damage_taken":0,"relics_obtained":["Ancient Tea Set"],"max_hp_gain":0,"max_hp_loss":0,"event_name":"The Mausoleum","floor":28,"gold_loss":0},{"damage_healed":0,"gold_gain":0,"player_choice":"Embrace Madness","damage_taken":10,"max_hp_gain":0,"max_hp_loss":0,"event_name":"Winding Halls","floor":36,"gold_loss":0,"cards_obtained":["Madness","Madness"]},{"cards_removed":["Defend_B"],"damage_healed":0,"gold_gain":0,"player_choice":"Removed Skill","damage_taken":0,"max_hp_gain":0,"max_hp_loss":0,"event_name":"Falling","floor":37,"gold_loss":0},{"cards_removed":["Defend_B"],"damage_healed":0,"gold_gain":0,"player_choice":"Upgrade and Remove","damage_taken":0,"max_hp_gain":0,"max_hp_loss":0,"event_name":"Designer","floor":38,"gold_loss":90,"cards_upgraded":["Ball Lightning"]}],"is_beta":false,"boss_relics":[{"not_picked":["Velvet Choker","Lizard Tail"],"picked":"Philosopher\u0027s Stone"},{"not_picked":["Nuclear Battery","Black Star"],"picked":"Calling Bell"}],"items_purged_floors":[13,31],"is_endless":false,"potions_floor_spawned":[3,5,6,8,19,24,27,33,44,45],"killed_by":"Time Eater","ascension_level":2}