{"gold_per_floor":[109,126,21,21,38,71,146,146,146,146,71,36,36,47,47,151,151,166,166,181,181,181],"floor_reached":22,"playtime":1549,"items_purged":["Strike_R"],"score":267,"play_id":"c80a71be-6293-4722-bda1-711f2efe3a49","local_time":"20190503173023","is_ascension_mode":true,"campfire_choices":[{"floor":8,"key":"REST"},{"data":"Armaments","floor":10,"key":"SMITH"},{"floor":15,"key":"RECALL"}],"neow_cost":"NONE","seed_source_timestamp":851352758635716,"circlet_count":0,"master_deck":["Defend_R","Defend_R","Defend_R","Defend_R","Bash","Cleave","Metallicize","Combust","Rampage","Armaments+1","Cleave","Heavy Blade","Fiend Fire","Combust+1","Limit Break+1","Seeing Red+1","Warcry+1","Decay","Spot Weakness+1"],"relics":["Burning Blood","NeowsBlessing","Dodecahedron","Question Card","Astrolabe","Juzu Bracelet"],"potions_floor_usage":[],"damage_taken":[{"damage":0,"enemies":"2 Louse","floor":1,"turns":1},{"damage":0,"enemies":"Cultist","floor":2,"turns":1},{"damage":0,"enemies":"Small Slimes","floor":5,"turns":1},{"damage":43,"enemies":"Lagavulin","floor":6,"turns":8},{"damage":1,"enemies":"3 Louse","floor":14,"turns":2},{"damage":7,"enemies":"Slime Boss","floor":16,"turns":7},{"damage":35,"enemies":"2 Thieves","floor":18,"turns":4},{"damage":19,"enemies":"3 Byrds","floor":20,"turns":3},{"damage":39,"enemies":"Masked Bandits","floor":22,"turns":2}],"seed_played":"5430453336851680919","potions_obtained":[{"floor":2,"key":"Swift Potion"},{"floor":5,"key":"SpeedPotion"},{"floor":16,"key":"PowerPotion"}],"is_trial":false,"path_per_floor":["M","M","$","?","M","E","?","R","T","R","$","?","$","M","R","B",null,"M","?","M","?","?"],"character_chosen":"IRONCLAD","items_purchased":["Combust","Rampage"],"campfire_rested":1,"item_purchase_floors":[3,3],"current_hp_per_floor":[80,80,80,80,80,43,32,56,56,56,56,76,76,80,80,79,80,51,51,38,38,0],"gold":181,"neow_bonus":"THREE_ENEMY_KILL","is_prod":false,"is_daily":false,"chose_seed":false,"campfire_upgraded":1,"win_rate":0,"timestamp":1556922623,"path_taken":["M","M","$","?","?","E","?","R","T","R","$","?","?","?","R","BOSS","M","?","M","?","?"],"build_version":"2019-01-23","purchased_purges":1,"victory":false,"max_hp_per_floor":[80,80,80,80,80,80,80,80,80,80,80,80,80,80,80,80,80,80,80,80,80,80],"card_choices":[{"not_picked":["Perfected Strike","Carnage"],"picked":"Cleave","floor":1},{"not_picked":["Armaments","Clothesline"],"picked":"Metallicize","floor":2},{"not_picked":["Thunderclap","Pommel Strike"],"picked":"Armaments","floor":5},{"not_picked":["Entrench","Thunderclap"],"picked":"Cleave","floor":6},{"not_picked":["Cleave","Havoc","Flame Barrier"],"picked":"Heavy Blade","floor":14},{"not_picked":["Feed","Impervious","Immolate"],"picked":"Fiend Fire","floor":16},{"not_picked":["Entrench+1","Searing Blow","Rupture+1"],"picked":"Warcry+1","floor":18},{"not_picked":["Infernal Blade","Burning Pact","Armaments"],"picked":"Spot Weakness+1","floor":20}],"player_experience":107355,"relics_obtained":[{"floor":6,"key":"Dodecahedron"},{"floor":9,"key":"Question Card"}],"event_choices":[{"cards_removed":["Strike_R"],"damage_healed":0,"gold_gain":0,"player_choice":"Offered Basic","damage_taken":0,"max_hp_gain":0,"max_hp_loss":0,"event_name":"Bonfire Elementals","floor":4,"gold_loss":0},{"damage_healed":0,"gold_gain":75,"player_choice":"Gather Gold","damage_taken":11,"max_hp_gain":0,"max_hp_loss":0,"event_name":"World of Goop","floor":7,"gold_loss":0},{"damage_healed":20,"gold_gain":0,"player_choice":"Healed","damage_taken":0,"max_hp_gain":0,"max_hp_loss":0,"event_name":"The Cleric","floor":12,"gold_loss":35},{"damage_healed":0,"gold_gain":0,"player_choice":"Smashed Altar","damage_taken":0,"max_hp_gain":0,"max_hp_loss":0,"event_name":"Forgotten Altar","floor":19,"gold_loss":0,"cards_obtained":["Decay"]},{"damage_healed":0,"gold_gain":0,"player_choice":"Gave Potion","damage_taken":0,"relics_obtained":["Juzu Bracelet"],"max_hp_gain":0,"max_hp_loss":0,"event_name":"WeMeetAgain","floor":21,"gold_loss":0},{"damage_healed":0,"gold_gain":0,"player_choice":"Fought Bandits","damage_taken":0,"max_hp_gain":0,"max_hp_loss":0,"event_name":"Masked Bandits","floor":22,"gold_loss":0}],"is_beta":false,"boss_relics":[{"not_picked":["Black Blood","Coffee Dripper"],"picked":"Astrolabe"}],"items_purged_floors":[11],"is_endless":false,"potions_floor_spawned":[2,5,16,20],"killed_by":"Masked Bandits","ascension_level":3}