{"gold_per_floor":[15,34,54,68,68,68,68,86,86,111,111,111,121,137,137,239,239,255,255,265,265,281,281,281,281,281,281],"floor_reached":27,"playtime":2272,"items_purged":[],"score":237,"play_id":"edf93c38-746c-4141-8484-78a2ca1a9b70","local_time":"20180828125541","is_ascension_mode":true,"campfire_choices":[{"data":"Zap","floor":6.0,"key":"SMITH"},{"floor":12.0,"key":"REST"},{"floor":15.0,"key":"REST"},{"data":"Aggregate","floor":23,"key":"SMITH"},{"floor":25,"key":"REST"}],"neow_cost":"NO_GOLD","seed_source_timestamp":0,"circlet_count":0,"master_deck":["Strike_B","Strike_B","Strike_B","Defend_B","Defend_B","Defend_B","Zap+1","Dualcast","Self Repair","Gash","Aggregate+1","Rebound","Cold Snap","Defragment","Hologram","Rainbow","Self Repair+1","Heatsinks+1","Loop+1","Meteor Strike+1","Go for the Eyes+1","Beam Cell+1"],"special_seed":0,"relics":["FrozenCore","Nunchaku","Bronze Scales","Molten Egg 2","Ginger","Thread and Needle","Kunai"],"potions_floor_usage":[],"damage_taken":[{"damage":2.0,"enemies":"Jaw Worm","floor":1.0,"turns":3.0},{"damage":1.0,"enemies":"2 Louse","floor":2.0,"turns":3.0},{"damage":0.0,"enemies":"Small Slimes","floor":3.0,"turns":3.0},{"damage":49.0,"enemies":"Exordium Thugs","floor":4.0,"turns":6.0},{"damage":6.0,"enemies":"Exordium Wildlife","floor":8.0,"turns":3.0},{"damage":23.0,"enemies":"Lagavulin","floor":10.0,"turns":6.0},{"damage":0.0,"enemies":"Gremlin Gang","floor":13.0,"turns":3.0},{"damage":7.0,"enemies":"2 Fungi Beasts","floor":14.0,"turns":3.0},{"damage":43.0,"enemies":"Slime Boss","floor":16.0,"turns":11.0},{"damage":4.0,"enemies":"Shell Parasite","floor":18.0,"turns":4.0},{"damage":10,"enemies":"Spheric Guardian","floor":20,"turns":4},{"damage":37,"enemies":"3 Cultists","floor":22,"turns":7},{"damage":75,"enemies":"Gremlin Leader","floor":27,"turns":3}],"seed_played":"-3099724707325441335","potions_obtained":[{"floor":1.0,"key":"Ancient Potion"},{"floor":8.0,"key":"Fire Potion"},{"floor":13.0,"key":"FocusPotion"},{"floor":14.0,"key":"FearPotion"}],"is_trial":false,"path_per_floor":["M","M","M","M","?","R","?","M","T","E","T","R","M","M","R","B",null,"M","?","M","?","M","R","?","R","T"],"character_chosen":"DEFECT","items_purchased":[],"campfire_rested":3,"item_purchase_floors":[],"current_hp_per_floor":[73,75,75,33,30,30,23,24,24,8,8,30,37,37,59,16,75,75,75,75,75,55,55,55,75,75,0],"gold":281,"neow_bonus":"ONE_RARE_RELIC","is_prod":false,"is_daily":false,"chose_seed":false,"campfire_upgraded":2,"win_rate":0,"timestamp":1535475341,"path_taken":["M","M","M","M","?","R","?","?","T","E","?","R","?","?","R","BOSS","M","?","M","?","?","R","?","R","T","E"],"build_version":"2018-08-23v2","purchased_purges":0,"victory":false,"max_hp_per_floor":[75,75,75,75,75,75,75,75,75,75,75,75,75,75,75,75,75,75,75,75,75,75,75,75,75,75,75],"card_choices":[{"not_picked":["Force Field","Compile Driver"],"picked":"Self Repair","floor":1.0},{"not_picked":["Barrage","Reinforced Body"],"picked":"Gash","floor":2.0},{"not_picked":["Consume","Gash"],"picked":"Aggregate","floor":3.0},{"not_picked":["Steam Power","Stack"],"picked":"Rebound","floor":4.0},{"not_picked":["Static Discharge","Compile Driver"],"picked":"Cold Snap","floor":8.0},{"not_picked":["Capacitor","Conserve Battery"],"picked":"Beam Cell+1","floor":10.0},{"not_picked":["Barrage+1","Coolheaded"],"picked":"Defragment","floor":13.0},{"not_picked":["Barrage+1","Sweeping Beam+1"],"picked":"Hologram","floor":14.0},{"not_picked":["Hyperbeam+1","Multi-Cast"],"picked":"Rainbow","floor":16.0},{"not_picked":["Heatsinks","Barrage+1"],"picked":"Conserve Battery","floor":18},{"not_picked":["Cold Snap+1","Sweeping Beam+1"],"picked":"Meteor Strike+1","floor":20},{"not_picked":["Steam+1","Leap+1"],"picked":"Beam Cell+1","floor":22}],"player_experience":967289,"relics_obtained":[{"floor":9.0,"key":"Molten Egg 2"},{"floor":10.0,"key":"Ginger"},{"floor":11.0,"key":"Thread and Needle"},{"floor":26,"key":"Kunai"}],"event_choices":[{"event_name":"Scrap Ooze","player_choice":"success","floor":5.0,"damage_taken":3.0},{"event_name":"Golden Wing","player_choice":"Card Removal","floor":7.0,"damage_taken":0.0},{"event_name":"Drug Dealer","player_choice":"Became Test Subject","floor":19,"damage_taken":0},{"event_name":"The Library","player_choice":"Read","floor":21,"damage_taken":0},{"event_name":"Ghosts","player_choice":"Ignored","floor":24,"damage_taken":0}],"is_beta":false,"boss_relics":[{"not_picked":["Inserter","Eternal Feather"],"picked":"FrozenCore"}],"items_purged_floors":[],"is_endless":false,"potions_floor_spawned":[1,8,13,14,22],"killed_by":"Gremlin Leader","ascension_level":2}