{"gold_per_floor":[18,28,47,59,72,72,82,82,160,190,202,202,127,144,144,244,244,258,276,287,4,4,34,34,64,64,64,78,78,78,90,90,90],"floor_reached":33,"playtime":3035,"items_purged":["Strike_R"],"score":349,"play_id":"d5c7f958-6a67-4a67-bc0c-51526d234732","local_time":"20190511172627","is_ascension_mode":true,"campfire_choices":[{"data":"Uppercut","floor":6.0,"key":"SMITH"},{"floor":12.0,"key":"REST"},{"data":"True Grit","floor":15.0,"key":"SMITH"},{"floor":24,"key":"REST"},{"floor":32,"key":"REST"}],"neow_cost":"NO_GOLD","seed_source_timestamp":0,"circlet_count":0,"master_deck":["Strike_R","Strike_R","Defend_R","Defend_R","Defend_R","Defend_R+1","Bash","Heavy Blade","True Grit+1","Havoc","Uppercut+1","True Grit+1","Evolve+1","Metallicize+1","Offering","Sword Boomerang","Sentinel","Sword Boomerang+1","Parasite","Shockwave+1","Shame","Shrug It Off"],"special_seed":0,"relics":["Burning Blood","Centennial Puzzle","Frozen Egg 2","Charon\u0027s Ashes","Cursed Key","ClockworkSouvenir","Enchiridion","Oddly Smooth Stone","War Paint","Lantern","MutagenicStrength","Matryoshka","Darkstone Periapt"],"potions_floor_usage":[25],"damage_taken":[{"damage":11.0,"enemies":"2 Louse","floor":1.0,"turns":4.0},{"damage":4.0,"enemies":"Small Slimes","floor":2.0,"turns":4.0},{"damage":1.0,"enemies":"Cultist","floor":3.0,"turns":3.0},{"damage":25.0,"enemies":"Gremlin Gang","floor":4.0,"turns":6.0},{"damage":8.0,"enemies":"2 Fungi Beasts","floor":5.0,"turns":5.0},{"damage":14.0,"enemies":"Large Slime","floor":7.0,"turns":7.0},{"damage":27.0,"enemies":"Gremlin Nob","floor":10.0,"turns":5.0},{"damage":0.0,"enemies":"Looter","floor":11.0,"turns":1.0},{"damage":2.0,"enemies":"Exordium Wildlife","floor":14.0,"turns":4.0},{"damage":13.0,"enemies":"The Guardian","floor":16.0,"turns":14.0},{"damage":20.0,"enemies":"Spheric Guardian","floor":18.0,"turns":5.0},{"damage":6.0,"enemies":"Shell Parasite","floor":19.0,"turns":4.0},{"damage":20.0,"enemies":"Chosen and Byrds","floor":20.0,"turns":6.0},{"damage":26.0,"enemies":"Slavers","floor":23.0,"turns":5.0},{"damage":23,"enemies":"Book of Stabbing","floor":25,"turns":6},{"damage":6,"enemies":"3 Cultists","floor":28,"turns":3},{"damage":22,"enemies":"Sentry and Sphere","floor":31,"turns":4},{"damage":37,"enemies":"Champ","floor":33,"turns":7}],"seed_played":"-7819196344946492014","potions_obtained":[{"floor":4.0,"key":"Swift Potion"},{"floor":5.0,"key":"SkillPotion"},{"floor":7.0,"key":"EssenceOfSteel"},{"floor":10.0,"key":"AttackPotion"},{"floor":11.0,"key":"Weak Potion"},{"floor":14.0,"key":"PowerPotion"},{"floor":18.0,"key":"Poison Potion"},{"floor":19.0,"key":"GamblersBrew"},{"floor":20.0,"key":"Fire Potion"}],"is_trial":false,"path_per_floor":["M","M","M","M","M","R","M","?","T","E","M","R","$","M","R","B",null,"M","M","M","$","?","E","R","E","T","?","M","?","?","M","R","B"],"character_chosen":"IRONCLAD","items_purchased":["Evolve+1","ClockworkSouvenir"],"campfire_rested":3,"item_purchase_floors":[13,21],"current_hp_per_floor":[75,77,80,61,59,59,51,33,33,12,18,42,42,46,46,39,80,66,66,52,52,36,16,40,23,23,23,23,23,23,7,31,0],"gold":90,"neow_bonus":"REMOVE_TWO","is_prod":false,"is_daily":false,"chose_seed":false,"campfire_upgraded":2,"win_rate":0,"timestamp":1557613587,"path_taken":["M","M","M","M","M","R","M","?","T","E","M","R","$","M","R","BOSS","M","M","M","$","?","E","R","E","T","?","M","?","?","?","R","BOSS"],"build_version":"2019-01-23","purchased_purges":1,"victory":false,"max_hp_per_floor":[80,80,80,80,80,80,80,80,80,80,80,80,80,80,80,80,80,80,80,80,80,80,80,80,80,80,80,80,80,80,80,80,80],"card_choices":[{"not_picked":["Wild Strike","Anger","Hemokinesis"],"picked":"SKIP","floor":1.0},{"not_picked":["Power Through","Anger"],"picked":"Heavy Blade","floor":2.0},{"not_picked":["Sever Soul","Anger"],"picked":"True Grit","floor":3.0},{"not_picked":["Anger","Thunderclap"],"picked":"Havoc","floor":4.0},{"not_picked":["Sword Boomerang","Pommel Strike"],"picked":"Uppercut","floor":5.0},{"not_picked":["Heavy Blade","Rampage","Second Wind"],"picked":"SKIP","floor":7.0},{"not_picked":["Anger","Second Wind","Entrench"],"picked":"SKIP","floor":10.0},{"not_picked":["Cleave","Pommel Strike"],"picked":"True Grit","floor":11.0},{"not_picked":["Flex","Power Through"],"picked":"Metallicize+1","floor":14.0},{"not_picked":["Impervious","Feed"],"picked":"Offering","floor":16.0},{"not_picked":["Headbutt","True Grit+1"],"picked":"Sword Boomerang","floor":18.0},{"not_picked":["Blood for Blood+1","Rage","Clash+1"],"picked":"SKIP","floor":19.0},{"not_picked":["Perfected Strike","Flex+1","Iron Wave"],"picked":"SKIP","floor":20.0},{"not_picked":["Blood for Blood+1","Cleave+1"],"picked":"Sentinel","floor":23},{"not_picked":["Twin Strike","Warcry"],"picked":"Sword Boomerang+1","floor":25},{"not_picked":["Perfected Strike","Heavy Blade"],"picked":"Shockwave+1","floor":28},{"not_picked":["Offering","Clash"],"picked":"Shrug It Off","floor":31}],"player_experience":196429,"relics_obtained":[{"floor":9.0,"key":"Frozen Egg 2"},{"floor":10.0,"key":"Charon\u0027s Ashes"},{"floor":22.0,"key":"Enchiridion"},{"floor":23,"key":"Oddly Smooth Stone"},{"floor":25,"key":"War Paint"},{"floor":26,"key":"Lantern"}],"event_choices":[{"damage_healed":0.0,"max_hp_gain":0.0,"max_hp_loss":0.0,"gold_gain":0.0,"event_name":"Scrap Ooze","player_choice":"Success","floor":8.0,"gold_loss":0.0,"damage_taken":18.0,"relics_obtained":["Centennial Puzzle"]},{"damage_healed":0.0,"max_hp_gain":0.0,"max_hp_loss":0.0,"gold_gain":0.0,"event_name":"Cursed Tome","player_choice":"Obtained Book","floor":22.0,"gold_loss":0.0,"damage_taken":16.0},{"damage_healed":0,"gold_gain":0,"player_choice":"Inject Mutagens","damage_taken":0,"relics_obtained":["MutagenicStrength"],"max_hp_gain":0,"max_hp_loss":0,"event_name":"Drug Dealer","floor":27,"gold_loss":0},{"damage_healed":0,"gold_gain":0,"player_choice":"Stole Relic","damage_taken":0,"relics_obtained":["Matryoshka"],"max_hp_gain":0,"max_hp_loss":0,"event_name":"Addict","floor":29,"gold_loss":0,"cards_obtained":["Shame"]},{"damage_healed":0,"gold_gain":0,"player_choice":"Gave Potion","damage_taken":0,"relics_obtained":["Darkstone Periapt"],"max_hp_gain":0,"max_hp_loss":0,"event_name":"WeMeetAgain","floor":30,"gold_loss":0}],"is_beta":false,"boss_relics":[{"not_picked":["Calling Bell","Black Star"],"picked":"Cursed Key"}],"items_purged_floors":[21],"is_endless":false,"potions_floor_spawned":[4,5,7,10,11,14,18,19,20],"killed_by":"Champ","ascension_level":4}