{"gold_per_floor":[113,128,146,71,82,82,109,109,109,135,157,157,57,74,74,172,172,189,189,202,217,317,317,345,358,358,457,490,61,78,78,78,175,175,192,36,51,151,33,68,68,94,117,0,0,19,19,54,54,54],"floor_reached":51,"playtime":2668,"items_purged":["Strike_R","Strike_R","Strike_R"],"score":1405,"play_id":"161620f3-5476-4f23-a191-2b2d0922120e","local_time":"20190513235348","is_ascension_mode":true,"campfire_choices":[{"data":"Clothesline","floor":6.0,"key":"SMITH"},{"data":"Inflame","floor":8.0,"key":"SMITH"},{"floor":15.0,"key":"REST"},{"data":"Armaments","floor":23.0,"key":"SMITH"},{"floor":32.0,"key":"REST"},{"data":"Barricade","floor":45,"key":"SMITH"},{"data":"Corruption","floor":47,"key":"SMITH"},{"data":"Whirlwind","floor":49,"key":"SMITH"}],"neow_cost":"NONE","seed_source_timestamp":24887746902474,"circlet_count":0,"master_deck":["AscendersBane","Strike_R+1","Strike_R+1","Defend_R","Defend_R","Defend_R","Defend_R","Bash+1","Clothesline+1","Inflame+1","Sword Boomerang","Shrug It Off","Barricade+1","True Grit","Ghostly","Ghostly","Ghostly","Ghostly","Ghostly+1","Heavy Blade+1","Armaments+1","Corruption+1","Inflame","Whirlwind+1","True Grit+1","Warcry","Exhume","Spot Weakness","Feel No Pain"],"special_seed":0,"relics":["Burning Blood","Happy Flower","Letter Opener","Torii","Odd Mushroom","Mark of Pain","Calipers","Kunai","Orichalcum","Blood Vial","Mercury Hourglass","Strange Spoon","Busted Crown","War Paint","Pear","Du-Vu Doll","Juzu Bracelet","Red Mask","Sundial"],"potions_floor_usage":[42,50,50],"damage_taken":[{"damage":6.0,"enemies":"2 Louse","floor":1.0,"turns":4.0},{"damage":12.0,"enemies":"Jaw Worm","floor":2.0,"turns":3.0},{"damage":1.0,"enemies":"Cultist","floor":3.0,"turns":4.0},{"damage":19.0,"enemies":"Blue Slaver","floor":5.0,"turns":5.0},{"damage":25.0,"enemies":"Lagavulin","floor":7.0,"turns":6.0},{"damage":12.0,"enemies":"Gremlin Nob","floor":10.0,"turns":3.0},{"damage":33.0,"enemies":"The Mushroom Lair","floor":11.0,"turns":4.0},{"damage":0.0,"enemies":"2 Fungi Beasts","floor":14.0,"turns":3.0},{"damage":7.0,"enemies":"Slime Boss","floor":16.0,"turns":8.0},{"damage":9.0,"enemies":"Shell Parasite","floor":18.0,"turns":4.0},{"damage":9.0,"enemies":"3 Byrds","floor":20.0,"turns":6.0},{"damage":8.0,"enemies":"3 Cultists","floor":21.0,"turns":8.0},{"damage":2.0,"enemies":"Colosseum Slavers","floor":22.0,"turns":7.0},{"damage":20.0,"enemies":"Colosseum Nobs","floor":22.0,"turns":9.0},{"damage":1.0,"enemies":"Book of Stabbing","floor":24.0,"turns":6.0},{"damage":0.0,"enemies":"Shelled Parasite and Fungi","floor":25.0,"turns":7.0},{"damage":37.0,"enemies":"Gremlin Leader","floor":28.0,"turns":7.0},{"damage":0.0,"enemies":"Snecko","floor":30.0,"turns":5.0},{"damage":0.0,"enemies":"Automaton","floor":33.0,"turns":14.0},{"damage":0.0,"enemies":"3 Darklings","floor":35.0,"turns":7.0},{"damage":1.0,"enemies":"3 Shapes","floor":37.0,"turns":5.0},{"damage":0.0,"enemies":"Nemesis","floor":40.0,"turns":7.0},{"damage":0,"enemies":"Reptomancer","floor":42,"turns":3},{"damage":0,"enemies":"Maw","floor":46,"turns":7},{"damage":2,"enemies":"Giant Head","floor":48,"turns":10},{"damage":1,"enemies":"Time Eater","floor":50,"turns":14}],"seed_played":"1560398312497939959","potions_obtained":[{"floor":3.0,"key":"SmokeBomb"},{"floor":7.0,"key":"FearPotion"},{"floor":10.0,"key":"Regen Potion"},{"floor":14.0,"key":"Fire Potion"},{"floor":16.0,"key":"Swift Potion"},{"floor":24.0,"key":"Poison Potion"},{"floor":25.0,"key":"Regen Potion"},{"floor":33.0,"key":"SkillPotion"},{"floor":37.0,"key":"SneckoOil"},{"floor":42,"key":"SkillPotion"}],"is_trial":false,"path_per_floor":["M","M","M","$","M","R","E","R","T","E","?","?","$","M","R","B",null,"M","?","M","M","?","R","E","M","T","?","E","$","M","?","R","B",null,"M","$","M","?","$","E","$","E","T","?","R","M","R","E","R","B",null],"character_chosen":"IRONCLAD","items_purchased":["Strange Spoon","True Grit","Warcry","War Paint","Feel No Pain","FearPotion"],"campfire_rested":2,"item_purchase_floors":[29,29,29,36,39,39],"current_hp_per_floor":[72,66,71,71,58,58,39,39,39,33,18,2,2,8,32,31,68,65,40,37,35,25,25,30,36,36,36,7,7,15,15,27,40,40,40,40,40,40,40,50,50,50,50,50,50,50,50,50,50,50],"gold":54,"neow_bonus":"UPGRADE_CARD","is_prod":false,"is_daily":false,"chose_seed":false,"campfire_upgraded":6,"win_rate":0,"timestamp":1557784428,"path_taken":["M","M","M","$","M","R","E","R","T","E","?","?","$","M","R","BOSS","M","?","M","M","?","R","E","M","T","?","E","?","?","?","R","BOSS","M","$","M","?","$","E","$","E","T","?","R","M","R","E","R","BOSS"],"build_version":"2019-01-23","purchased_purges":3,"victory":true,"max_hp_per_floor":[80,80,80,80,80,80,80,80,80,80,80,80,80,80,80,80,80,80,40,40,40,40,40,40,40,40,40,40,40,40,40,40,40,40,40,40,40,40,40,50,50,50,50,50,50,50,50,50,50,50],"card_choices":[{"not_picked":["Armaments","Entrench","Flex"],"picked":"SKIP","floor":1.0},{"not_picked":["True Grit","Perfected Strike"],"picked":"Clothesline","floor":2.0},{"not_picked":["Havoc","Iron Wave"],"picked":"Inflame","floor":3.0},{"not_picked":["Sword Boomerang","Warcry","Clothesline"],"picked":"SKIP","floor":5.0},{"not_picked":["Fire Breathing","Juggernaut"],"picked":"Sword Boomerang","floor":7.0},{"not_picked":["Rupture","Wild Strike","Sword Boomerang"],"picked":"SKIP","floor":10.0},{"not_picked":["Headbutt","Evolve"],"picked":"Shrug It Off","floor":11.0},{"not_picked":["Clothesline","Rupture","Anger"],"picked":"SKIP","floor":14.0},{"not_picked":["Exhume","Juggernaut"],"picked":"Barricade","floor":16.0},{"not_picked":["Pummel","Battle Trance"],"picked":"True Grit","floor":18.0},{"not_picked":["Sentinel","Entrench"],"picked":"Heavy Blade+1","floor":20.0},{"not_picked":["Hemokinesis+1","Sword Boomerang","Clothesline"],"picked":"SKIP","floor":21.0},{"not_picked":["Carnage","Pommel Strike"],"picked":"Armaments","floor":22.0},{"not_picked":["Shrug It Off","Twin Strike+1"],"picked":"Corruption","floor":24.0},{"not_picked":["Headbutt","Power Through"],"picked":"Inflame","floor":25.0},{"not_picked":["Wild Strike","Warcry+1"],"picked":"Whirlwind","floor":28.0},{"not_picked":["Barricade","Flex","Carnage"],"picked":"SKIP","floor":30.0},{"not_picked":["Impervious","Feed"],"picked":"Exhume","floor":33.0},{"not_picked":["Perfected Strike"],"picked":"SKIP","floor":35.0},{"not_picked":[],"picked":"Spot Weakness","floor":37.0},{"not_picked":["Metallicize"],"picked":"SKIP","floor":40.0},{"not_picked":["Combust+1"],"picked":"SKIP","floor":42},{"not_picked":["Perfected Strike+1"],"picked":"SKIP","floor":46},{"not_picked":["Flex"],"picked":"SKIP","floor":48}],"player_experience":633946,"relics_obtained":[{"floor":7.0,"key":"Happy Flower"},{"floor":9.0,"key":"Letter Opener"},{"floor":10.0,"key":"Torii"},{"floor":11.0,"key":"Odd Mushroom"},{"floor":22.0,"key":"Calipers"},{"floor":22.0,"key":"Kunai"},{"floor":24.0,"key":"Orichalcum"},{"floor":26.0,"key":"Blood Vial"},{"floor":28.0,"key":"Mercury Hourglass"},{"floor":40.0,"key":"Pear"},{"floor":42,"key":"Du-Vu Doll"},{"floor":43,"key":"Juzu Bracelet"},{"floor":48,"key":"Sundial"}],"event_choices":[{"damage_healed":0.0,"max_hp_gain":0.0,"max_hp_loss":0.0,"gold_gain":0.0,"event_name":"Mushrooms","player_choice":"Fought Mushrooms","floor":11.0,"gold_loss":0.0,"damage_taken":0.0},{"damage_healed":0.0,"max_hp_gain":0.0,"max_hp_loss":0.0,"gold_gain":0.0,"event_name":"Shining Light","player_choice":"Entered Light","floor":12.0,"gold_loss":0.0,"damage_taken":16.0,"cards_upgraded":["Strike_R","Strike_R"]},{"damage_healed":0.0,"max_hp_gain":0.0,"max_hp_loss":40.0,"gold_gain":0.0,"event_name":"Ghosts","player_choice":"Became a Ghost","floor":19.0,"gold_loss":0.0,"damage_taken":0.0,"cards_obtained":["Ghostly","Ghostly","Ghostly","Ghostly","Ghostly"]},{"damage_healed":0.0,"max_hp_gain":0.0,"max_hp_loss":0.0,"gold_gain":0.0,"event_name":"Colosseum","player_choice":"Fight","floor":22.0,"gold_loss":0.0,"damage_taken":0.0},{"damage_healed":0.0,"max_hp_gain":0.0,"max_hp_loss":0.0,"gold_gain":0.0,"event_name":"Colosseum","player_choice":"Fought Nobs","floor":22.0,"gold_loss":0.0,"damage_taken":0.0},{"damage_healed":0.0,"max_hp_gain":0.0,"max_hp_loss":0.0,"gold_gain":99.0,"event_name":"Nest","player_choice":"Stole From Cult","floor":27.0,"gold_loss":0.0,"damage_taken":0.0},{"damage_healed":0.0,"max_hp_gain":0.0,"max_hp_loss":0.0,"gold_gain":100.0,"event_name":"Golden Shrine","player_choice":"Pray","floor":38.0,"gold_loss":0.0,"damage_taken":0.0},{"damage_healed":0,"gold_gain":0,"player_choice":"Paid","damage_taken":0,"relics_obtained":["Red Mask"],"max_hp_gain":0,"max_hp_loss":0,"event_name":"Tomb of Lord Red Mask","floor":44,"gold_loss":117}],"is_beta":false,"boss_relics":[{"not_picked":["Coffee Dripper","Astrolabe"],"picked":"Mark of Pain"},{"not_picked":["Lizard Tail","Pandora\u0027s Box"],"picked":"Busted Crown"}],"items_purged_floors":[4,13,29],"is_endless":false,"potions_floor_spawned":[3,7,10,14,16,22,24,25,33,37,42,46,48],"ascension_level":12}