{"path_per_floor":["M","?","?","$","M","R","E","M","T","E","M","M","R","$","R","B",null,"M","M","M","?","M","R","M","M","T","M","R","M","M","?","R","B",null,"M","$","M","$","?","R","E","M","T","?","R","T","M","?","R","B"],"character_chosen":"THE_SILENT","items_purchased":["Noxious Fumes","Oddly Smooth Stone","Anchor","Bronze Scales"],"gold_per_floor":[110,260,335,180,194,194,227,247,273,302,316,327,327,74,74,150,150,163,182,199,199,216,216,227,243,243,259,259,272,285,285,285,359,359,369,369,384,80,133,133,163,180,207,207,207,207,219,219,219,219],"floor_reached":51,"campfire_rested":1,"playtime":4591,"current_hp_per_floor":[59,59,48,48,48,48,48,48,55,25,24,24,24,24,24,36,62,57,53,41,41,12,41,34,29,29,29,39,27,27,27,37,12,56,56,56,53,53,38,48,35,18,18,70,70,70,66,66,72,46],"items_purged":["Doubt","Parasite"],"gold":219,"score":1017,"play_id":"72e56063-00b2-45f0-8a7f-701097554538","is_prod":false,"is_daily":false,"is_ascension_mode":true,"campfire_upgraded":5,"path_taken":["M","?","?","$","M","R","E","?","T","E","M","?","R","?","R","BOSS","M","M","M","?","M","R","M","M","T","M","R","M","M","?","R","BOSS","M","$","M","$","?","R","E","?","T","?","R","?","?","?","R","BOSS"],"build_version":"2018-02-22-PROD1","purchased_purges":2,"victory":true,"master_deck":["Defend_G","Defend_G","Defend_G","Defend_G","Defend_G","Strike_G","Strike_G","Strike_G","Strike_G","Survivor","Neutralize+1","Backstab","Noxious Fumes+1","Predator","Bane","Tools of the Trade+1","Backflip","Cloak And Dagger","Noxious Fumes","Dagger Spray+1","Backstab","PiercingWail","Backflip","Deflect+1","Malaise+1","Backflip","Slice+1","Backflip"],"max_hp_per_floor":[66,66,66,66,66,66,66,66,73,73,73,73,73,70,70,70,70,70,70,70,70,70,70,70,70,70,70,70,70,70,70,70,70,70,70,70,70,70,70,70,70,70,70,70,70,70,72,72,72,72],"relics":["Ring of the Snake","NeowsBlessing","Bag of Preparation","Strawberry","Gambling Chip","Oddly Smooth Stone","Eternal Feather","Thread and Needle","Lizard Tail","Anchor","Bronze Scales","Shovel","Ninja Scroll","Toolbox","Singing Bowl","Du-Vu Doll","Toxic Egg 2","Kunai"],"card_choices":[{"not_picked":["Blur","Setup"],"picked":"Backstab"},{"not_picked":["PiercingWail","Dagger Throw"],"picked":"Predator"},{"not_picked":["Blade Dance","Caltrops"],"picked":"Bane"},{"not_picked":["Calculated Gamble","Backstab"],"picked":"Tools of the Trade"},{"not_picked":["Acrobatics","Slice"],"picked":"Backflip"},{"not_picked":["Dagger Throw","Heel Hook"],"picked":"Cloak And Dagger"},{"not_picked":["Endless Agony","Choke"],"picked":"Noxious Fumes"},{"not_picked":["Reflex","Caltrops"],"picked":"Dagger Spray"},{"not_picked":["Flying Knee","Heel Hook"],"picked":"Backstab"},{"not_picked":["Quick Slash","Outmaneuver"],"picked":"PiercingWail"},{"not_picked":["Flechettes","Skewer"],"picked":"Backflip"},{"not_picked":["All Out Attack","Distraction"],"picked":"Deflect"},{"not_picked":["Endless Agony","Escape Plan"],"picked":"Malaise"},{"not_picked":["Deadly Poison","Dodge and Roll"],"picked":"Backflip"},{"not_picked":["Acrobatics","Dagger Spray"],"picked":"Slice"},{"not_picked":["Underhanded Strike","Bane"],"picked":"Backflip"}],"player_experience":489897,"potions_floor_usage":[50],"damage_taken":[{"damage":0.0,"enemies":"Jaw Worm","floor":1.0,"turns":1.0},{"damage":0.0,"enemies":"Small Slimes","floor":5.0,"turns":1.0},{"damage":0.0,"enemies":"Gremlin Nob","floor":7.0,"turns":1.0},{"damage":0.0,"enemies":"Cultist","floor":8.0,"turns":2.0},{"damage":30.0,"enemies":"Lagavulin","floor":10.0,"turns":5.0},{"damage":1.0,"enemies":"Looter","floor":11.0,"turns":3.0},{"damage":0.0,"enemies":"2 Fungi Beasts","floor":12.0,"turns":4.0},{"damage":0.0,"enemies":"The Guardian","floor":16.0,"turns":12.0},{"damage":5.0,"enemies":"Spheric Guardian","floor":18.0,"turns":6.0},{"damage":4.0,"enemies":"Chosen","floor":19.0,"turns":4.0},{"damage":12.0,"enemies":"Centurion and Healer","floor":20.0,"turns":7.0},{"damage":29.0,"enemies":"Snake Plant","floor":22.0,"turns":5.0},{"damage":7.0,"enemies":"Snecko","floor":24.0,"turns":4.0},{"damage":5.0,"enemies":"Cultist and Chosen","floor":25.0,"turns":6.0},{"damage":0.0,"enemies":"Centurion and Healer","floor":27.0,"turns":6.0},{"damage":12.0,"enemies":"Snake Plant","floor":29.0,"turns":5.0},{"damage":0.0,"enemies":"Snecko","floor":30.0,"turns":5.0},{"damage":37.0,"enemies":"Collector","floor":33.0,"turns":10.0},{"damage":0.0,"enemies":"Orb Walker","floor":35.0,"turns":5.0},{"damage":3.0,"enemies":"3 Shapes","floor":37.0,"turns":6.0},{"damage":15.0,"enemies":"Mysterious Sphere","floor":39.0,"turns":5.0},{"damage":55.0,"enemies":"2 Orb Walkers","floor":41.0,"turns":7.0},{"damage":17.0,"enemies":"Sphere and 2 Shapes","floor":42.0,"turns":6.0},{"damage":6.0,"enemies":"3 Darklings","floor":47.0,"turns":6.0},{"damage":26,"enemies":"Awakened One","floor":50,"turns":25}],"event_choices":[{"event_name":"Liars Game","player_choice":"agreed","floor":2.0,"damage_taken":0.0},{"event_name":"World of Goop","player_choice":"Gather Gold","floor":3.0,"damage_taken":0.0},{"event_name":"The Mausoleum","player_choice":"No","floor":21.0,"damage_taken":0.0},{"event_name":"Drug Dealer","player_choice":"Ignored","floor":31.0,"damage_taken":0.0},{"event_name":"Mysterious Sphere","player_choice":"Fight","floor":39.0,"damage_taken":0.0},{"event_name":"Wheel of Change","player_choice":"Full Heal","floor":44.0,"damage_taken":0.0}],"boss_relics":[],"potions_floor_spawned":[1,5,12,22,25,27,30,37,47],"seed_played":"8773174450686853411","ascension_level":15,"is_trial":false}