{"path_per_floor":["M","M","?","M","M","R","E","M","T","R","M","?","R","M","R","B",null,"M","?","M","T","$"],"character_chosen":"DEFECT","items_purchased":["Blood Vial","Self Repair","Boot"],"gold_per_floor":[117,132,82,96,115,115,146,156,182,182,196,218,218,230,230,327,327,347,374,387,414,38,38],"floor_reached":23,"campfire_rested":1,"playtime":2068,"item_purchase_floors":[22,22,22],"current_hp_per_floor":[74,71,71,70,52,52,46,42,42,42,39,23,23,20,42,23,75,68,42,21,21,21,0],"items_purged":[],"gold":38,"score":193,"play_id":"3e7a5a74-fd7c-4279-90b3-345b42aefbec","local_time":"20180601170003","is_prod":false,"is_daily":false,"chose_seed":false,"is_ascension_mode":false,"campfire_upgraded":3,"win_rate":0.0,"timestamp":1527886803,"campfire_choices":[{"data":"Loop","floor":6,"key":"SMITH"},{"data":"Beam Cell","floor":10,"key":"SMITH"},{"data":"Zap","floor":13,"key":"SMITH"},{"floor":15,"key":"REST"}],"path_taken":["M","M","?","M","M","R","E","M","T","R","M","?","R","M","R","BOSS","M","?","M","?","$","E"],"build_version":"2018-05-31","seed_source_timestamp":239240450292185,"purchased_purges":0,"victory":false,"master_deck":["Zap+1","Dualcast+1","Cold Snap","Beam Cell+1","Darkness","Loop+1","Rainbow","Skim","Blizzard","Compile Driver","Hello World","Amplify","Compile Driver","Hologram","Lockon","Ball Lightning","Gash","Leap","BootSequence","Rip and Tear","Streamline","Stack","Self Repair"],"max_hp_per_floor":[75,75,75,75,75,75,75,75,75,75,75,75,75,75,75,75,75,75,75,75,75,75,75],"relics":["Cracked Core","Sundial","Juzu Bracelet","Odd Mushroom","Pandora\u0027s Box","Red Mask","Ancient Tea Set","Blood Vial","Boot"],"card_choices":[{"not_picked":["Rip and Tear","Go for the Eyes"],"picked":"Cold Snap","floor":1},{"not_picked":["Compile Driver","Storm"],"picked":"Beam Cell","floor":2},{"not_picked":["Compile Driver","Gash"],"picked":"Darkness","floor":4},{"not_picked":["Sweeping Beam","Chaos"],"picked":"Loop","floor":5},{"not_picked":["Scrape","Go for the Eyes"],"picked":"Rainbow","floor":7},{"not_picked":["Go for the Eyes","Beam Cell"],"picked":"Skim","floor":8},{"not_picked":["Consume","Tempest"],"picked":"Blizzard","floor":11},{"not_picked":["Coolheaded","Rebound"],"picked":"Compile Driver","floor":12},{"not_picked":["Sweeping Beam","Rip and Tear"],"picked":"Hello World","floor":14},{"not_picked":["Multi-Cast","Reboot"],"picked":"Amplify","floor":16},{"not_picked":["Compile Driver","Sweeping Beam+1"],"picked":"Rip and Tear","floor":18},{"not_picked":["Sweeping Beam+1","Leap"],"picked":"Streamline","floor":19},{"not_picked":["Streamline+1","Leap"],"picked":"Stack","floor":20}],"player_experience":740296,"potions_floor_usage":[12,19],"damage_taken":[{"damage":1,"enemies":"Jaw Worm","floor":1,"turns":4},{"damage":3,"enemies":"Small Slimes","floor":2,"turns":3},{"damage":1,"enemies":"2 Louse","floor":4,"turns":2},{"damage":18,"enemies":"Exordium Wildlife","floor":5,"turns":5},{"damage":6,"enemies":"3 Sentries","floor":7,"turns":7},{"damage":4,"enemies":"3 Louse","floor":8,"turns":3},{"damage":3,"enemies":"2 Fungi Beasts","floor":11,"turns":3},{"damage":16,"enemies":"The Mushroom Lair","floor":12,"turns":4},{"damage":3,"enemies":"Looter","floor":14,"turns":2},{"damage":19,"enemies":"Hexaghost","floor":16,"turns":8},{"damage":7,"enemies":"Chosen","floor":18,"turns":3},{"damage":26,"enemies":"Masked Bandits","floor":19,"turns":5},{"damage":21,"enemies":"3 Byrds","floor":20,"turns":6},{"damage":24,"enemies":"Slavers","floor":23,"turns":3}],"relics_obtained":[{"floor":7,"key":"Sundial"},{"floor":9,"key":"Juzu Bracelet"},{"floor":12,"key":"Odd Mushroom"},{"floor":19,"key":"Red Mask"},{"floor":21,"key":"Ancient Tea Set"}],"event_choices":[{"event_name":"The Cleric","player_choice":"Card Removal","floor":3,"damage_taken":0},{"event_name":"Mushrooms","player_choice":"Fought Mushrooms","floor":12,"damage_taken":0},{"event_name":"Masked Bandits","player_choice":"Fought over 347 gold","floor":19,"damage_taken":0}],"boss_relics":[{"not_picked":["Calling Bell","Snecko Eye"],"picked":"Pandora\u0027s Box"}],"items_purged_floors":[],"potions_floor_spawned":[1,5,7,12,14,20],"seed_played":"-4117781530629046920","killed_by":"Slavers","ascension_level":0,"potions_obtained":[{"floor":1,"key":"FearPotion"},{"floor":5,"key":"Strength Potion"},{"floor":7,"key":"Weak Potion"},{"floor":12,"key":"SteroidPotion"},{"floor":14,"key":"SkillPotion"},{"floor":20,"key":"Dexterity Potion"}],"is_trial":false}