{"path_per_floor":["M","M","$","M","M","R","M","R","T","M","M","M","R","$","R","B",null,"M","M","?","$","M","R","$","E","T","E","R","M","R","M","R","B",null,"M","M","$","M","M","E","M","T","T","E","$","M","M","M","R","B"],"character_chosen":"THE_SILENT","items_purchased":["Noxious Fumes","Flying Knee","Dagger Spray","Leg Sweep","Backflip","Dodge and Roll","Dexterity Potion"],"gold_per_floor":[211,229,62,78,94,94,110,110,110,121,137,150,150,54,54,149,149,164,175,175,75,87,87,87,113,113,145,145,160,160,171,171,268,268,288,302,177,193,211,242,261,287,287,313,46,59,76,88,88,88],"floor_reached":51,"campfire_rested":0,"playtime":4355,"current_hp_per_floor":[70,70,70,67,67,67,67,67,67,67,67,67,67,67,67,67,70,70,68,55,55,55,55,55,55,55,55,55,55,55,53,53,53,75,75,75,75,75,75,75,75,75,75,75,75,75,71,71,71,71],"items_purged":["Strike_G","Strike_G","Strike_G","Clumsy"],"gold":88,"score":1023,"play_id":"713a6312-9332-4fad-a560-200f75d283d2","local_time":"20180324104253","is_prod":false,"is_daily":false,"is_ascension_mode":false,"campfire_upgraded":6,"timestamp":1521909773,"path_taken":["M","M","$","M","M","R","M","R","T","?","M","?","R","$","R","BOSS","M","M","?","$","M","R","?","E","T","E","R","M","R","M","R","BOSS","M","M","$","M","M","E","M","?","T","E","$","M","M","M","R","BOSS"],"build_version":"2018-03-15","purchased_purges":4,"victory":true,"master_deck":["Defend_G","Defend_G","Defend_G","Defend_G","Defend_G","Strike_G","Strike_G","Survivor","Neutralize+1","PiercingWail","Backflip","Noxious Fumes+1","Flying Knee","Dash","Footwork+1","Dash","Cloak And Dagger","PiercingWail","Backflip","Dagger Spray","Leg Sweep+1","Malaise+1","Cloak And Dagger+1","Dagger Spray","Cloak And Dagger","Noxious Fumes+1","Adrenaline","Dodge and Roll+1","Backflip+1","Dodge and Roll","Backflip","Dodge and Roll","Blur+1"],"max_hp_per_floor":[70,70,70,70,70,70,70,70,70,70,70,70,70,70,70,70,70,70,70,75,75,75,75,75,75,75,75,75,75,75,75,75,75,75,75,75,75,75,75,75,75,75,75,75,75,75,75,75,75,75],"relics":["Ring of the Snake","Girya","Cursed Key","Prayer Wheel","Dream Catcher","White Beast Statue","Bronze Scales","Bag of Marbles","Tough Bandages"],"card_choices":[{"not_picked":["Concentrate","Flechettes"],"picked":"PiercingWail"},{"not_picked":["Accuracy","Calculated Gamble"],"picked":"Backflip"},{"not_picked":["Cloak And Dagger","Prepared"],"picked":"Dash"},{"not_picked":["Blade Dance","Sucker Punch"],"picked":"Footwork"},{"not_picked":["Quick Slash","Deadly Poison"],"picked":"Dash"},{"not_picked":["Sucker Punch","Poisoned Stab"],"picked":"Cloak And Dagger"},{"not_picked":["Poisoned Stab","Prepared"],"picked":"PiercingWail"},{"not_picked":["Outmaneuver","Dodge and Roll"],"picked":"Backflip"},{"not_picked":["Bane","Riddle With Holes"],"picked":"Malaise"},{"not_picked":["Concentrate","Blade Dance"],"picked":"Cloak And Dagger"},{"not_picked":["Eviscerate","PiercingWail"],"picked":"Dagger Spray"},{"not_picked":["Sucker Punch","Prepared"],"picked":"Cloak And Dagger"},{"not_picked":["Sucker Punch","Underhanded Strike"],"picked":"Noxious Fumes"},{"not_picked":["Setup","Dodge and Roll"],"picked":"Adrenaline"},{"not_picked":["Backstab","Deflect"],"picked":"Dodge and Roll"},{"not_picked":["Malaise","Dodge and Roll"],"picked":"Backflip"},{"not_picked":["Bane","Skewer"],"picked":"Dodge and Roll"},{"not_picked":["Heel Hook","Malaise"],"picked":"Blur"}],"player_experience":806940,"potions_floor_usage":[44,44,46,50,50,50],"damage_taken":[{"damage":0.0,"enemies":"Cultist","floor":1.0,"turns":5.0},{"damage":0.0,"enemies":"Jaw Worm","floor":2.0,"turns":5.0},{"damage":3.0,"enemies":"Small Slimes","floor":4.0,"turns":4.0},{"damage":0.0,"enemies":"Blue Slaver","floor":5.0,"turns":5.0},{"damage":0.0,"enemies":"Red Slaver","floor":7.0,"turns":6.0},{"damage":0.0,"enemies":"Looter","floor":10.0,"turns":4.0},{"damage":0.0,"enemies":"Lots of Slimes","floor":11.0,"turns":3.0},{"damage":0.0,"enemies":"3 Louse","floor":12.0,"turns":4.0},{"damage":0.0,"enemies":"The Guardian","floor":16.0,"turns":13.0},{"damage":0.0,"enemies":"3 Byrds","floor":18.0,"turns":6.0},{"damage":2.0,"enemies":"Spheric Guardian","floor":19.0,"turns":7.0},{"damage":0.0,"enemies":"Snake Plant","floor":22.0,"turns":7.0},{"damage":0.0,"enemies":"Book of Stabbing","floor":25.0,"turns":7.0},{"damage":0.0,"enemies":"Gremlin Leader","floor":27.0,"turns":8.0},{"damage":0.0,"enemies":"Centurion and Healer","floor":29.0,"turns":7.0},{"damage":2.0,"enemies":"Slaver and Parasite","floor":31.0,"turns":6.0},{"damage":0.0,"enemies":"Automaton","floor":33.0,"turns":11.0},{"damage":0.0,"enemies":"3 Darklings","floor":35.0,"turns":4.0},{"damage":0.0,"enemies":"Orb Walker","floor":36.0,"turns":5.0},{"damage":0.0,"enemies":"Sphere and 2 Shapes","floor":38.0,"turns":5.0},{"damage":0.0,"enemies":"4 Shapes","floor":39.0,"turns":4.0},{"damage":0.0,"enemies":"Giant Head","floor":40.0,"turns":11.0},{"damage":0.0,"enemies":"3 Darklings","floor":41.0,"turns":5.0},{"damage":0,"enemies":"2 Orb Walkers","floor":44,"turns":6},{"damage":8,"enemies":"Maw","floor":46,"turns":9},{"damage":4,"enemies":"Sphere and 2 Shapes","floor":47,"turns":5},{"damage":0,"enemies":"4 Shapes","floor":48,"turns":6},{"damage":0,"enemies":"Awakened One","floor":50,"turns":20}],"event_choices":[{"event_name":"Forgotten Altar","player_choice":"Shed Blood","floor":20.0,"damage_taken":0.0}],"boss_relics":[],"potions_floor_spawned":[4,5,11,12,25,27,33,35,36,38,39,40,41,44,46,47,48],"seed_played":"5906013732868421859","ascension_level":0,"is_trial":false}