{"gold_per_floor":[111,111,111,127,127,127,160,179,179,179,190,64,64,75,75,170,170,186,186,200,220,220,247,247,267,294,219,219,237,262,187,187,187],"floor_reached":33,"playtime":2801,"items_purged":["Clash"],"score":310,"play_id":"afc6af21-9d37-4834-9d88-f37a3bbc9cc9","local_time":"20181128122050","is_ascension_mode":false,"campfire_choices":[{"data":"Bash","floor":6,"key":"SMITH"},{"data":"Iron Wave","floor":10,"key":"SMITH"},{"data":"Armaments","floor":15,"key":"SMITH"},{"data":"Barricade","floor":24,"key":"SMITH"},{"floor":28,"key":"REST"},{"data":"Heavy Blade","floor":32,"key":"SMITH"}],"neow_cost":"NONE","seed_source_timestamp":0,"circlet_count":0,"master_deck":["Strike_R","Strike_R","Strike_R","Defend_R+1","Defend_R","Defend_R","Bash+1","Reaper","Rampage","Iron Wave+1","Heavy Blade+1","Spot Weakness","Armaments+1","Thunderclap","Barricade+1","Twin Strike+1","Seeing Red","Flex","Shame","Limit Break+1","Clothesline+1","Heavy Blade","Cleave"],"special_seed":0,"relics":["Burning Blood","NeowsBlessing","Meat on the Bone","Anchor","Lizard Tail","Bag of Preparation","Mercury Hourglass","Happy Flower","PreservedInsect","War Paint"],"potions_floor_usage":[23,23,25],"damage_taken":[{"damage":0.0,"enemies":"2 Louse","floor":1.0,"turns":1.0},{"damage":0,"enemies":"Small Slimes","floor":4,"turns":1},{"damage":0,"enemies":"3 Sentries","floor":7,"turns":1},{"damage":1,"enemies":"Cultist","floor":8,"turns":4},{"damage":6,"enemies":"Exordium Thugs","floor":11,"turns":4},{"damage":12,"enemies":"Exordium Wildlife","floor":14,"turns":4},{"damage":54,"enemies":"Hexaghost","floor":16,"turns":10},{"damage":3,"enemies":"Chosen","floor":18,"turns":4},{"damage":51,"enemies":"Spheric Guardian","floor":20,"turns":7},{"damage":10,"enemies":"Cultist and Chosen","floor":21,"turns":5},{"damage":72,"enemies":"Gremlin Leader","floor":23,"turns":10},{"damage":21,"enemies":"Chosen and Byrds","floor":25,"turns":6},{"damage":11,"enemies":"Snecko","floor":29,"turns":6},{"damage":12,"enemies":"Book of Stabbing","floor":30,"turns":4},{"damage":82,"enemies":"Collector","floor":33,"turns":9}],"seed_played":"-3709966311369938248","potions_obtained":[{"floor":1.0,"key":"Weak Potion"},{"floor":4,"key":"PowerPotion"},{"floor":7,"key":"Energy Potion"},{"floor":21,"key":"Swift Potion"},{"floor":25,"key":"SneckoOil"},{"floor":29,"key":"SteroidPotion"},{"floor":30,"key":"FairyPotion"}],"is_trial":false,"path_per_floor":["M","M","?","$","M","?","R","E","M","T","R","M","$","?","M","R","B",null,"M","?","M","M","?","E","R","M","T","$","R","M","E","?","R","B"],"character_chosen":"IRONCLAD","items_purchased":["Spot Weakness","Armaments"],"campfire_rested":1,"item_purchase_floors":[12,12],"current_hp_per_floor":[80,73,73,79,84,84,85,85,85,85,85,85,85,79,79,43,85,85,85,52,62,62,60,60,53,53,53,78,79,73,73,73,0],"gold":187,"neow_bonus":"THREE_ENEMY_KILL","is_prod":false,"is_daily":false,"chose_seed":false,"campfire_upgraded":5,"win_rate":0.0,"timestamp":1543429250,"path_taken":["M","?","$","M","?","R","E","M","T","R","M","$","?","M","R","BOSS","M","?","M","?","?","E","R","M","T","?","R","M","E","?","R","BOSS"],"build_version":"2018-11-15","purchased_purges":1,"victory":false,"max_hp_per_floor":[80,80,80,80,85,85,85,85,85,85,85,85,85,85,85,85,85,85,85,85,85,85,85,85,85,85,85,85,85,85,85,85,85],"card_choices":[{"not_picked":["Carnage","Twin Strike"],"picked":"Clash","floor":1.0},{"not_picked":["Uppercut","Warcry"],"picked":"Reaper","floor":4},{"not_picked":["Thunderclap","Anger"],"picked":"Rampage","floor":7},{"not_picked":["Shockwave","Hemokinesis"],"picked":"Iron Wave","floor":8},{"not_picked":["Sword Boomerang","Iron Wave"],"picked":"Heavy Blade","floor":11},{"not_picked":["Second Wind","Power Through"],"picked":"Thunderclap","floor":14},{"not_picked":["Offering","Reaper"],"picked":"Barricade","floor":16},{"not_picked":["Whirlwind","True Grit"],"picked":"Twin Strike+1","floor":18},{"not_picked":["Searing Blow","Infernal Blade"],"picked":"Seeing Red","floor":20},{"not_picked":["Shrug It Off","Feel No Pain"],"picked":"Flex","floor":21},{"not_picked":["Clash","Shrug It Off"],"picked":"Limit Break","floor":23},{"not_picked":["Body Slam","Whirlwind+1"],"picked":"Clothesline+1","floor":25},{"not_picked":["Seeing Red","Warcry"],"picked":"Heavy Blade","floor":29},{"not_picked":["Uppercut","Warcry+1"],"picked":"Cleave","floor":30}],"player_experience":23439,"relics_obtained":[{"floor":7,"key":"Meat on the Bone"},{"floor":9,"key":"Anchor"},{"floor":23,"key":"Happy Flower"},{"floor":26,"key":"PreservedInsect"},{"floor":30,"key":"War Paint"}],"event_choices":[{"cards_removed":["Strike_R"],"damage_healed":0.0,"max_hp_gain":0.0,"max_hp_loss":0.0,"gold_gain":0.0,"event_name":"Golden Wing","player_choice":"Card Removal","floor":2.0,"gold_loss":0.0,"damage_taken":7.0},{"damage_healed":0,"gold_gain":0,"player_choice":"Donut","damage_taken":0,"max_hp_gain":5,"max_hp_loss":0,"event_name":"Big Fish","floor":5,"gold_loss":0},{"cards_removed":["Defend_R"],"damage_healed":0,"gold_gain":0,"player_choice":"Offered Basic","damage_taken":0,"max_hp_gain":0,"max_hp_loss":0,"event_name":"Bonfire Elementals","floor":13,"gold_loss":0},{"damage_healed":0,"gold_gain":0,"player_choice":"Gave Potion","damage_taken":0,"relics_obtained":["Bag of Preparation"],"max_hp_gain":0,"max_hp_loss":0,"event_name":"WeMeetAgain","floor":19,"gold_loss":0},{"damage_healed":0,"gold_gain":0,"player_choice":"Stole Relic","damage_taken":0,"relics_obtained":["Mercury Hourglass"],"max_hp_gain":0,"max_hp_loss":0,"event_name":"Addict","floor":22,"gold_loss":0,"cards_obtained":["Shame"]},{"cards_removed":["Strike_R"],"damage_healed":0,"gold_gain":0,"player_choice":"Gave Gold","damage_taken":0,"max_hp_gain":0,"max_hp_loss":0,"event_name":"Beggar","floor":31,"gold_loss":75}],"is_beta":false,"boss_relics":[{"not_picked":["Coffee Dripper","Orrery"],"picked":"Lizard Tail"}],"items_purged_floors":[27],"is_endless":false,"potions_floor_spawned":[1,4,7,14,21,25,29,30],"killed_by":"Collector","ascension_level":0}