{"gold_per_floor":[111,130,150,150,164,164,175,201,201,126,126,126,26,26,26,131,131,151,151,168,168,184,217,217,248,273,12,12,12,0,13,13,111,111,130,130,141,141,0,0,27,47,47,47,47,47,65,76,76,76,76,76,2,31,31],"floor_reached":55,"playtime":2795,"items_purged":["Strike_R","Strike_R","Strike_R"],"score":708,"play_id":"b20ffaf0-6101-4c35-b63a-7c636d677482","local_time":"20190508185515","is_ascension_mode":false,"campfire_choices":[{"data":"Havoc","floor":6.0,"key":"SMITH"},{"data":"Pommel Strike","floor":12.0,"key":"SMITH"},{"data":"Bash","floor":15.0,"key":"SMITH"},{"floor":24.0,"key":"REST"},{"floor":32.0,"key":"REST"},{"data":"Limit Break","floor":40.0,"key":"SMITH"},{"data":"Regret","floor":44.0,"key":"PURGE"},{"data":"Writhe","floor":46.0,"key":"PURGE"},{"floor":49.0,"key":"RECALL"},{"data":"Strike_R","floor":52,"key":"PURGE"}],"neow_cost":"NONE","seed_source_timestamp":2533639208600,"circlet_count":0,"master_deck":["Defend_R","Defend_R","Defend_R","Defend_R","Bash+1","Spot Weakness","Havoc+1","Pommel Strike","Pommel Strike+1","Disarm","Limit Break+1","Iron Wave+1","Whirlwind","Uppercut+1","Offering","Bludgeon","Warcry+1","Flash of Steel","Heavy Blade+1","Intimidate+1"],"special_seed":0,"relics":["Burning Blood","Juzu Bracelet","Bronze Scales","Champion Belt","Philosopher\u0027s Stone","Ancient Tea Set","Blue Candle","Peace Pipe","PreservedInsect","Cursed Key","Red Mask","Nunchaku","Sundial","Magic Flower"],"potions_floor_usage":[50,55,55,55],"damage_taken":[{"damage":2.0,"enemies":"2 Louse","floor":1.0,"turns":3.0},{"damage":1.0,"enemies":"Cultist","floor":2.0,"turns":3.0},{"damage":2.0,"enemies":"Small Slimes","floor":3.0,"turns":4.0},{"damage":9.0,"enemies":"3 Louse","floor":5.0,"turns":5.0},{"damage":4.0,"enemies":"Blue Slaver","floor":7.0,"turns":3.0},{"damage":7.0,"enemies":"Gremlin Nob","floor":8.0,"turns":3.0},{"damage":13.0,"enemies":"The Guardian","floor":16.0,"turns":10.0},{"damage":14.0,"enemies":"2 Thieves","floor":18.0,"turns":4.0},{"damage":2.0,"enemies":"3 Byrds","floor":20.0,"turns":5.0},{"damage":16.0,"enemies":"Centurion and Healer","floor":22.0,"turns":5.0},{"damage":43.0,"enemies":"Slavers","floor":23.0,"turns":5.0},{"damage":19.0,"enemies":"Book of Stabbing","floor":25.0,"turns":4.0},{"damage":0.0,"enemies":"Chosen and Byrds","floor":31.0,"turns":4.0},{"damage":41.0,"enemies":"Automaton","floor":33.0,"turns":7.0},{"damage":6.0,"enemies":"3 Darklings","floor":35.0,"turns":3.0},{"damage":6.0,"enemies":"Orb Walker","floor":37.0,"turns":3.0},{"damage":30.0,"enemies":"Reptomancer","floor":41.0,"turns":4.0},{"damage":17.0,"enemies":"Jaw Worm Horde","floor":42.0,"turns":4.0},{"damage":25.0,"enemies":"Maw","floor":47.0,"turns":4.0},{"damage":11.0,"enemies":"Writhing Mass","floor":48.0,"turns":4.0},{"damage":31,"enemies":"Time Eater","floor":50,"turns":7},{"damage":55,"enemies":"Shield and Spear","floor":54,"turns":5},{"damage":66,"enemies":"The Heart","floor":55,"turns":3}],"seed_played":"5141591210103878516","potions_obtained":[{"floor":1.0,"key":"Weak Potion"},{"floor":4.0,"key":"SmokeBomb"},{"floor":4.0,"key":"Energy Potion"},{"floor":16.0,"key":"Explosive Potion"},{"floor":20.0,"key":"Weak Potion"},{"floor":25.0,"key":"Dexterity Potion"},{"floor":35.0,"key":"SkillPotion"},{"floor":41.0,"key":"LiquidBronze"}],"is_trial":false,"path_per_floor":["M","M","M","?","M","R","M","E","T","$","T","R","$","?","R","B",null,"M","?","M","?","M","E","R","E","T","$","$","?","?","M","R","B",null,"M","?","M","?","?","R","E","M","T","R","?","R","M","M","R","B",null,"R","$","E","B"],"character_chosen":"IRONCLAD","items_purchased":["Offering","LiquidBronze"],"campfire_rested":2,"item_purchase_floors":[27,53],"current_hp_per_floor":[80,80,80,80,77,77,79,78,78,78,78,78,78,78,78,71,80,72,72,76,76,66,29,53,40,40,40,40,25,25,31,56,21,85,85,85,85,75,75,75,51,40,40,40,61,61,42,37,37,12,85,85,85,36,0],"gold":31,"neow_bonus":"RANDOM_COMMON_RELIC","is_prod":false,"is_daily":false,"chose_seed":false,"campfire_upgraded":4,"win_rate":0,"timestamp":1557363315,"path_taken":["M","M","M","?","M","R","M","E","T","$","?","R","$","?","R","BOSS","M","?","M","?","M","E","R","E","T","?","$","?","?","M","R","BOSS","M","?","M","?","?","R","E","M","T","R","?","R","M","M","R","BOSS","R","$","E","BOSS"],"build_version":"2019-01-23","purchased_purges":3,"victory":false,"max_hp_per_floor":[80,80,80,80,80,80,80,80,80,80,80,80,80,80,80,80,80,80,80,80,80,80,80,80,80,80,80,80,85,85,85,85,85,85,85,85,85,85,85,85,85,85,85,85,85,85,85,85,85,85,85,85,85,85,85],"card_choices":[{"not_picked":["Iron Wave","True Grit"],"picked":"Spot Weakness","floor":1.0},{"not_picked":["Rage","Sentinel"],"picked":"Havoc","floor":2.0},{"not_picked":["Second Wind","Wild Strike","Flex"],"picked":"SKIP","floor":3.0},{"not_picked":["Clothesline","Body Slam"],"picked":"Pommel Strike","floor":5.0},{"not_picked":["Wild Strike","Iron Wave"],"picked":"Pommel Strike","floor":7.0},{"not_picked":["Body Slam","Anger"],"picked":"Disarm","floor":8.0},{"not_picked":["Impervious","Dark Embrace"],"picked":"Limit Break","floor":16.0},{"not_picked":["Combust","Cleave"],"picked":"Iron Wave+1","floor":18.0},{"not_picked":["Power Through","Havoc+1"],"picked":"Whirlwind","floor":20.0},{"not_picked":["Body Slam","Sentinel+1"],"picked":"Uppercut+1","floor":22.0},{"not_picked":["Sword Boomerang","Rupture","Blood for Blood"],"picked":"SKIP","floor":23.0},{"not_picked":["Iron Wave","Uppercut","Thunderclap"],"picked":"SKIP","floor":25.0},{"not_picked":["Iron Wave+1","Anger","Corruption"],"picked":"SKIP","floor":31.0},{"not_picked":["Fiend Fire","Barricade"],"picked":"Bludgeon","floor":33.0},{"not_picked":["Headbutt","Rupture","Iron Wave+1"],"picked":"SKIP","floor":35.0},{"not_picked":["Perfected Strike+1","Cleave"],"picked":"Warcry+1","floor":37.0},{"not_picked":["The Bomb","Secret Technique"],"picked":"Flash of Steel","floor":38.0},{"not_picked":["Pommel Strike+1","Cleave+1","Corruption+1"],"picked":"SKIP","floor":41.0},{"not_picked":["Wild Strike+1","Warcry","Heavy Blade+1"],"picked":"SKIP","floor":42.0},{"not_picked":["Wild Strike+1","Warcry"],"picked":"Heavy Blade+1","floor":42.0},{"not_picked":["Clash","Wild Strike"],"picked":"Intimidate+1","floor":47.0},{"not_picked":["Bloodletting","Iron Wave+1","Clash+1"],"picked":"SKIP","floor":48.0},{"not_picked":["Clash+1","Flex+1","Armaments"],"picked":"SKIP","floor":54}],"player_experience":1721097,"relics_obtained":[{"floor":8.0,"key":"Bronze Scales"},{"floor":11.0,"key":"Champion Belt"},{"floor":23.0,"key":"Blue Candle"},{"floor":25.0,"key":"Peace Pipe"},{"floor":26.0,"key":"PreservedInsect"},{"floor":41.0,"key":"Nunchaku"},{"floor":43.0,"key":"Sundial"},{"floor":54,"key":"Magic Flower"}],"event_choices":[{"damage_healed":0.0,"max_hp_gain":0.0,"max_hp_loss":0.0,"gold_gain":0.0,"event_name":"Lab","player_choice":"Got Potions","floor":4.0,"gold_loss":0.0,"damage_taken":0.0},{"damage_healed":0.0,"max_hp_gain":0.0,"max_hp_loss":0.0,"gold_gain":0.0,"event_name":"The Cleric","player_choice":"Leave","floor":14.0,"gold_loss":0.0,"damage_taken":0.0},{"damage_healed":0.0,"max_hp_gain":0.0,"max_hp_loss":0.0,"gold_gain":0.0,"event_name":"The Mausoleum","player_choice":"Opened","floor":19.0,"gold_loss":0.0,"damage_taken":0.0,"relics_obtained":["Ancient Tea Set"]},{"damage_healed":0.0,"max_hp_gain":0.0,"max_hp_loss":0.0,"gold_gain":0.0,"event_name":"Vampires","player_choice":"Ignored","floor":21.0,"gold_loss":0.0,"damage_taken":0.0},{"damage_healed":0.0,"max_hp_gain":5.0,"max_hp_loss":0.0,"gold_gain":0.0,"event_name":"Forgotten Altar","player_choice":"Shed Blood","floor":29.0,"gold_loss":0.0,"damage_taken":20.0},{"damage_healed":0.0,"max_hp_gain":0.0,"max_hp_loss":0.0,"gold_gain":0.0,"event_name":"Masked Bandits","player_choice":"Paid Fearfully","floor":30.0,"gold_loss":12.0,"damage_taken":0.0},{"cards_removed":["Strike_R"],"damage_healed":0.0,"max_hp_gain":0.0,"max_hp_loss":0.0,"gold_gain":0.0,"event_name":"Purifier","player_choice":"Purged","floor":36.0,"gold_loss":0.0,"damage_taken":0.0},{"damage_healed":0.0,"max_hp_gain":0.0,"max_hp_loss":0.0,"gold_gain":0.0,"event_name":"SensoryStone","player_choice":"Memory 3","floor":38.0,"gold_loss":0.0,"damage_taken":10.0},{"damage_healed":0.0,"max_hp_gain":0.0,"max_hp_loss":0.0,"gold_gain":0.0,"event_name":"Tomb of Lord Red Mask","player_choice":"Paid","floor":39.0,"gold_loss":141.0,"damage_taken":0.0,"relics_obtained":["Red Mask"]},{"damage_healed":21.0,"max_hp_gain":0.0,"max_hp_loss":0.0,"gold_gain":0.0,"event_name":"Winding Halls","player_choice":"Writhe","floor":45.0,"gold_loss":0.0,"damage_taken":0.0,"cards_obtained":["Writhe"]}],"is_beta":false,"boss_relics":[{"not_picked":["Calling Bell","Pandora\u0027s Box"],"picked":"Philosopher\u0027s Stone"},{"not_picked":["Runic Cube","Orrery"],"picked":"Cursed Key"}],"items_purged_floors":[10,13,27],"is_endless":false,"potions_floor_spawned":[1,16,20,25,35,41,42],"killed_by":"The Heart","ascension_level":0}