{"gold_per_floor":[118,132,132,150,160,187,287,299,299,299,474,474,504,523,523,627,627,643,643],"floor_reached":19,"playtime":680,"items_purged":[],"score":179,"play_id":"b7e9ec50-4fbe-496d-8739-736f2f1a8f10","local_time":"20190512232531","is_ascension_mode":false,"campfire_choices":[{"floor":10,"key":"REST"},{"data":"Fusion","floor":12,"key":"SMITH"},{"floor":15,"key":"REST"}],"neow_cost":"NONE","seed_source_timestamp":37612596363158,"circlet_count":0,"master_deck":["Strike_B","Strike_B","Strike_B","Strike_B","Defend_B","Defend_B","Defend_B","Defend_B","Zap","Dualcast","Ball Lightning","Hologram","BootSequence","Sunder","Fusion+1","Turbo","Doubt","Conserve Battery","Rainbow","Seek","Redo"],"relics":["Cracked Core","Potion Belt","Lantern","Blood Vial","Sozu"],"potions_floor_usage":[],"damage_taken":[{"damage":2,"enemies":"Small Slimes","floor":1,"turns":3},{"damage":1,"enemies":"2 Louse","floor":2,"turns":3},{"damage":0,"enemies":"Cultist","floor":4,"turns":3},{"damage":3,"enemies":"3 Louse","floor":5,"turns":3},{"damage":21,"enemies":"3 Sentries","floor":6,"turns":6},{"damage":10,"enemies":"Looter","floor":8,"turns":3},{"damage":28,"enemies":"Gremlin Nob","floor":13,"turns":4},{"damage":8,"enemies":"2 Fungi Beasts","floor":14,"turns":3},{"damage":46,"enemies":"The Guardian","floor":16,"turns":10},{"damage":23,"enemies":"3 Byrds","floor":18,"turns":4},{"damage":36,"enemies":"Colosseum Slavers","floor":19,"turns":4},{"damage":49,"enemies":"Colosseum Nobs","floor":19,"turns":3}],"seed_played":"-7003474396569223548","potions_obtained":[{"floor":2,"key":"Block Potion"},{"floor":5,"key":"SkillPotion"},{"floor":8,"key":"Dexterity Potion"},{"floor":13,"key":"AttackPotion"},{"floor":14,"key":"PowerPotion"}],"is_trial":false,"path_per_floor":["M","M","?","M","M","E","?","M","T","R","?","R","E","M","R","B",null,"M","?"],"character_chosen":"DEFECT","items_purchased":[],"campfire_rested":2,"item_purchase_floors":[],"current_hp_per_floor":[80,79,79,79,76,55,55,45,45,69,69,69,41,35,59,15,82,59,0],"gold":643,"neow_bonus":"TEN_PERCENT_HP_BONUS","is_prod":false,"is_daily":false,"chose_seed":false,"campfire_upgraded":1,"win_rate":0.0,"timestamp":1557717931,"path_taken":["M","M","?","M","M","E","?","?","T","R","?","R","E","M","R","BOSS","M","?"],"build_version":"2019-01-23","purchased_purges":0,"victory":false,"max_hp_per_floor":[82,82,82,82,82,82,82,82,82,82,82,82,82,82,82,82,82,82,82],"card_choices":[{"not_picked":["Redo","Rebound"],"picked":"Ball Lightning","floor":1},{"not_picked":["Rebound","Steam"],"picked":"Hologram","floor":2},{"not_picked":["Stack","Skim"],"picked":"BootSequence","floor":4},{"not_picked":["Chaos","Gash"],"picked":"Sunder","floor":5},{"not_picked":["Redo","Steam"],"picked":"Fusion","floor":6},{"not_picked":["Rebound","Double Energy"],"picked":"Turbo","floor":8},{"not_picked":["Turbo","Redo"],"picked":"Conserve Battery","floor":13},{"not_picked":["Sweeping Beam","Go for the Eyes"],"picked":"Rainbow","floor":14},{"not_picked":["Machine Learning","Fission"],"picked":"Seek","floor":16},{"not_picked":["Tempest+1","Stack"],"picked":"Redo","floor":18}],"player_experience":7032,"relics_obtained":[{"floor":6,"key":"Potion Belt"},{"floor":9,"key":"Lantern"},{"floor":13,"key":"Blood Vial"}],"event_choices":[{"damage_healed":0,"gold_gain":0,"player_choice":"Ignored","damage_taken":0,"max_hp_gain":0,"max_hp_loss":0,"event_name":"Golden Wing","floor":3,"gold_loss":0},{"damage_healed":0,"gold_gain":100,"player_choice":"Pray","damage_taken":0,"max_hp_gain":0,"max_hp_loss":0,"event_name":"Golden Shrine","floor":7,"gold_loss":0},{"damage_healed":0,"gold_gain":175,"player_choice":"AGREE","damage_taken":0,"max_hp_gain":0,"max_hp_loss":0,"event_name":"Liars Game","floor":11,"gold_loss":0,"cards_obtained":["Doubt"]},{"damage_healed":0,"gold_gain":0,"player_choice":"Fight","damage_taken":0,"max_hp_gain":0,"max_hp_loss":0,"event_name":"Colosseum","floor":19,"gold_loss":0},{"damage_healed":0,"gold_gain":0,"player_choice":"Fought Nobs","damage_taken":0,"max_hp_gain":0,"max_hp_loss":0,"event_name":"Colosseum","floor":19,"gold_loss":0}],"is_beta":false,"boss_relics":[{"not_picked":["Eternal Feather","Calling Bell"],"picked":"Sozu"}],"items_purged_floors":[],"is_endless":false,"potions_floor_spawned":[2,5,8,13,14,18],"killed_by":"Colosseum Nobs","ascension_level":0}