{"gold_per_floor":[118,133,133,133,143,143,175,175,175,189,215,215,235,121,121,121],"floor_reached":16,"playtime":1039,"items_purged":["Strike_R"],"score":132,"play_id":"2b8dca13-48b5-46fd-b9a6-9de908fe78e5","local_time":"20190513211400","is_ascension_mode":true,"campfire_choices":[{"data":"Clothesline","floor":6,"key":"SMITH"},{"data":"Ghostly Armor","floor":8,"key":"SMITH"},{"data":"Armaments","floor":12,"key":"SMITH"},{"data":"Corruption","floor":15,"key":"SMITH"}],"neow_cost":"NONE","seed_source_timestamp":615733388212300,"circlet_count":0,"master_deck":["Strike_R","Strike_R","Strike_R","Defend_R","Defend_R","Defend_R","Defend_R","Bash","Warcry","Clothesline+1","Rage","Ghostly Armor+1","Armaments+1","Burning Pact","Corruption+1","Metallicize"],"relics":["Burning Blood","The Courier","Meat on the Bone","Orichalcum"],"potions_floor_usage":[7,11,16],"damage_taken":[{"damage":6,"enemies":"Jaw Worm","floor":1,"turns":5},{"damage":7,"enemies":"Small Slimes","floor":2,"turns":4},{"damage":5,"enemies":"2 Louse","floor":5,"turns":4},{"damage":33,"enemies":"Lagavulin","floor":7,"turns":8},{"damage":10,"enemies":"Looter","floor":10,"turns":3},{"damage":25,"enemies":"3 Sentries","floor":11,"turns":12},{"damage":16,"enemies":"Lots of Slimes","floor":13,"turns":8},{"damage":63,"enemies":"Hexaghost","floor":16,"turns":16}],"seed_played":"5077480051672367525","potions_obtained":[{"floor":1,"key":"Fire Potion"},{"floor":10,"key":"LiquidBronze"},{"floor":13,"key":"BloodPotion"}],"is_trial":false,"path_per_floor":["M","M","?","?","M","R","E","R","T","M","E","R","M","$","R","B"],"character_chosen":"IRONCLAD","items_purchased":["Metallicize"],"campfire_rested":0,"item_purchase_floors":[14],"current_hp_per_floor":[88,87,92,85,86,86,59,59,59,55,48,48,50,50,50,0],"gold":121,"neow_bonus":"TEN_PERCENT_HP_BONUS","is_prod":false,"is_daily":false,"chose_seed":false,"campfire_upgraded":4,"win_rate":0,"timestamp":1557762240,"path_taken":["M","M","?","?","M","R","E","R","T","M","E","R","M","$","R","BOSS"],"build_version":"2019-01-23","purchased_purges":1,"victory":false,"max_hp_per_floor":[88,88,93,93,93,93,93,93,93,93,93,93,93,93,93,93],"card_choices":[{"not_picked":["Fire Breathing","Perfected Strike"],"picked":"Warcry","floor":1},{"not_picked":["Havoc","Pummel"],"picked":"Clothesline","floor":2},{"not_picked":["Evolve","Clothesline"],"picked":"Rage","floor":5},{"not_picked":["Exhume","Wild Strike"],"picked":"Ghostly Armor","floor":7},{"not_picked":["Feel No Pain","Headbutt"],"picked":"Armaments","floor":10},{"not_picked":["Barricade","Metallicize"],"picked":"Burning Pact","floor":11},{"not_picked":["Twin Strike","Flex"],"picked":"Corruption","floor":13}],"player_experience":191098,"relics_obtained":[{"floor":7,"key":"The Courier"},{"floor":9,"key":"Meat on the Bone"},{"floor":11,"key":"Orichalcum"}],"event_choices":[{"damage_healed":0,"gold_gain":0,"player_choice":"Donut","damage_taken":0,"max_hp_gain":5,"max_hp_loss":0,"event_name":"Big Fish","floor":3,"gold_loss":0},{"cards_removed":["Strike_R"],"damage_healed":0,"gold_gain":0,"player_choice":"Card Removal","damage_taken":7,"max_hp_gain":0,"max_hp_loss":0,"event_name":"Golden Wing","floor":4,"gold_loss":0}],"is_beta":false,"boss_relics":[],"items_purged_floors":[14],"is_endless":false,"potions_floor_spawned":[1,10,13],"killed_by":"Hexaghost","ascension_level":4}