{"path_per_floor":["M","$","?","T","M","R","M","R","T","?","$","M","?","$","R","B",null,"M","$","?","M","T","R"],"character_chosen":"THE_SILENT","items_purchased":["Juzu Bracelet","Dash","Quick Slash"],"gold_per_floor":[117,42,42,69,87,87,107,107,131,161,13,25,25,25,25,120,120,138,36,36,47,47,47],"floor_reached":24,"campfire_rested":0,"playtime":1119,"current_hp_per_floor":[62,62,62,62,58,58,58,58,58,58,58,50,50,50,50,4,51,51,51,51,51,51,51],"items_purged":["Parasite"],"gold":47,"score":282,"play_id":"2bf12334-1997-4be9-bbbb-f1829aab7047","is_prod":false,"is_daily":false,"is_ascension_mode":true,"campfire_upgraded":4,"path_taken":["M","$","?","?","M","R","?","R","T","?","$","M","?","$","R","BOSS","M","$","?","M","?","R","E"],"build_version":"2018-02-08-PROD1","purchased_purges":1,"victory":false,"master_deck":["Defend_G","Defend_G","Defend_G","Defend_G","Defend_G","Strike_G+1","Strike_G+1","Strike_G","Strike_G","Survivor","Neutralize+1","Dagger Spray+1","Leg Sweep+1","Adrenaline","Dash+1","Quick Slash","Mind Blast","Expertise","Backflip","Writhe"],"max_hp_per_floor":[70,67,67,67,67,67,67,67,67,67,67,67,67,67,67,67,67,67,67,67,67,67,67],"relics":["Ring of the Snake","Whetstone","Pen Nib","Snake Skull","Juzu Bracelet","Cursed Key","Ice Cream"],"card_choices":[{"not_picked":["Heel Hook","Finisher"],"picked":"Dagger Spray"},{"not_picked":["Deadly Poison","Slice"],"picked":"Leg Sweep"},{"not_picked":["Grand Finale","Venomology"],"picked":"Adrenaline"},{"not_picked":["Blade Dance","Escape Plan"],"picked":"Backflip"}],"player_experience":259611,"potions_floor_usage":[24,24],"damage_taken":[{"damage":1.0,"enemies":"Jaw Worm","floor":1.0,"turns":6.0},{"damage":4.0,"enemies":"Blue Slaver","floor":5.0,"turns":3.0},{"damage":0.0,"enemies":"Cultist","floor":7.0,"turns":3.0},{"damage":8.0,"enemies":"Exordium Thugs","floor":12.0,"turns":4.0},{"damage":46.0,"enemies":"Slime Boss","floor":16.0,"turns":14.0},{"damage":0.0,"enemies":"Shell Parasite","floor":18.0,"turns":8.0},{"damage":0.0,"enemies":"3 Byrds","floor":21.0,"turns":5.0},{"damage":52,"enemies":"Slavers","floor":24,"turns":5}],"event_choices":[{"event_name":"Liars Game","player_choice":"disagreed","floor":3.0,"damage_taken":0.0},{"event_name":"Dead Adventurer","player_choice":"Searched \u00272\u0027 times","floor":10.0,"damage_taken":0.0},{"event_name":"Living Wall","player_choice":"Forget","floor":13.0,"damage_taken":0.0},{"event_name":"Match and Keep!","player_choice":"2 cards matched","floor":20.0,"damage_taken":0.0}],"boss_relics":[],"potions_floor_spawned":[5,12,16,21],"seed_played":"6253784207357221757","killed_by":"Slavers","ascension_level":11,"is_trial":false}