{"path_per_floor":["M","M","?","$","M","?","R","M","T","T","?","R","M","M","R","B",null,"M","M","?","?","M","R","E","R","T","$","M","M","R","M","R","B",null,"M","M","?","?","M","R","M","R","T","M","R","M","$","M","R","B"],"character_chosen":"THE_SILENT","items_purchased":["Backflip","Terror","Kunai","Backstab","Happy Flower","Dodge and Roll","Master of Strategy","Mercury Hourglass"],"gold_per_floor":[112,132,132,10,27,127,127,137,167,221,221,221,239,259,259,359,359,378,398,398,398,408,408,443,443,443,69,88,102,102,122,122,220,220,240,252,352,405,418,418,438,438,738,749,749,768,60,80,80,80],"floor_reached":51,"campfire_rested":2,"playtime":3874,"current_hp_per_floor":[70,70,70,70,70,70,70,70,70,70,70,70,70,67,67,58,70,55,39,39,39,35,56,39,39,39,39,39,39,39,39,60,41,70,70,70,70,70,70,70,70,70,70,69,69,69,69,69,69,69],"items_purged":["Strike_G","Strike_G"],"gold":80,"score":714,"play_id":"4924f6b0-a844-428d-9f21-664aff0d27a7","local_time":"20180330212945","is_prod":false,"is_daily":false,"is_ascension_mode":false,"campfire_upgraded":9,"timestamp":1522466985,"path_taken":["M","M","?","$","M","?","R","M","T","?","?","R","M","M","R","BOSS","M","M","?","?","M","R","E","R","T","$","M","M","R","M","R","BOSS","M","M","?","?","M","R","M","R","T","M","R","M","$","M","R","BOSS"],"build_version":"2018-03-22","purchased_purges":3,"victory":true,"master_deck":["Defend_G+1","Defend_G+1","Defend_G+1","Defend_G+1","Defend_G+1","Strike_G+1","Survivor","Neutralize+1","Blur","Deflect","Backflip","Dagger Spray+1","Cloak And Dagger+1","Dagger Spray+1","Die Die Die+1","Backflip+1","Deflect","Predator+1","Backstab+1","Terror","Backstab","Blade Dance+1","Adrenaline+1","Backflip+1","Cloak And Dagger+1","Acrobatics+1","Burst+1","Backflip+1","Dodge and Roll","Master of Strategy","Bouncing Flask+1"],"max_hp_per_floor":[70,70,70,70,70,70,70,70,70,70,70,70,70,70,70,70,70,70,70,70,70,70,70,70,70,70,70,70,70,70,70,70,70,70,70,70,70,70,70,70,70,70,70,70,70,70,70,70,70,70],"relics":["Ring of the Snake","Tiny Chest","Bronze Scales","Sozu","Whetstone","Paper Crane","Kunai","Runic Pyramid","Du-Vu Doll","Old Coin","Happy Flower","Mercury Hourglass"],"card_choices":[{"not_picked":["Sucker Punch","PiercingWail"],"picked":"Blur","floor":1.0},{"not_picked":["Underhanded Strike","Dodge and Roll"],"picked":"Deflect","floor":2.0},{"not_picked":["Calculated Gamble","Outmaneuver"],"picked":"Dagger Spray","floor":5.0},{"not_picked":["Eviscerate","Calculated Gamble"],"picked":"Cloak And Dagger","floor":13.0},{"not_picked":["Catalyst","Well Laid Plans"],"picked":"Dagger Spray","floor":14.0},{"not_picked":["Night Terror","Envenom"],"picked":"Die Die Die","floor":16.0},{"not_picked":["Outmaneuver","Leg Sweep"],"picked":"Backflip","floor":19.0},{"not_picked":["Deadly Poison","Masterful Stab"],"picked":"Predator","floor":22.0},{"not_picked":["Skewer","Finisher"],"picked":"Backstab","floor":24.0},{"not_picked":["Deflect","Dagger Throw"],"picked":"Blade Dance","floor":29.0},{"not_picked":["Die Die Die","Envenom"],"picked":"Adrenaline","floor":33.0},{"not_picked":["Expertise","Terror"],"picked":"Backflip","floor":35.0},{"not_picked":["PiercingWail","Acrobatics"],"picked":"Cloak And Dagger","floor":36.0},{"not_picked":["Poisoned Stab","Slice"],"picked":"Acrobatics","floor":39.0},{"not_picked":["PiercingWail","Outmaneuver"],"picked":"Burst","floor":41.0},{"not_picked":["Escape Plan","Skewer"],"picked":"Backflip","floor":44.0},{"not_picked":["Choke","Crippling Poison"],"picked":"Bouncing Flask","floor":48}],"player_experience":925923,"potions_floor_usage":[50],"damage_taken":[{"damage":0.0,"enemies":"Small Slimes","floor":1.0,"turns":5.0},{"damage":0.0,"enemies":"2 Louse","floor":2.0,"turns":4.0},{"damage":0.0,"enemies":"Jaw Worm","floor":5.0,"turns":8.0},{"damage":0.0,"enemies":"Blue Slaver","floor":8.0,"turns":4.0},{"damage":0.0,"enemies":"Lots of Slimes","floor":13.0,"turns":1.0},{"damage":3.0,"enemies":"Large Slime","floor":14.0,"turns":6.0},{"damage":9.0,"enemies":"Slime Boss","floor":16.0,"turns":11.0},{"damage":15.0,"enemies":"Spheric Guardian","floor":18.0,"turns":4.0},{"damage":16.0,"enemies":"Chosen","floor":19.0,"turns":7.0},{"damage":4.0,"enemies":"Snecko","floor":22.0,"turns":6.0},{"damage":17.0,"enemies":"Slavers","floor":24.0,"turns":4.0},{"damage":0.0,"enemies":"Sentry and Sphere","floor":28.0,"turns":4.0},{"damage":0.0,"enemies":"Centurion and Healer","floor":29.0,"turns":4.0},{"damage":0.0,"enemies":"3 Cultists","floor":31.0,"turns":3.0},{"damage":19.0,"enemies":"Champ","floor":33.0,"turns":13.0},{"damage":0.0,"enemies":"Orb Walker","floor":35.0,"turns":4.0},{"damage":0.0,"enemies":"3 Darklings","floor":36.0,"turns":4.0},{"damage":0.0,"enemies":"Mysterious Sphere","floor":38.0,"turns":3.0},{"damage":0.0,"enemies":"Sphere and 2 Shapes","floor":39.0,"turns":6.0},{"damage":0.0,"enemies":"Maw","floor":41.0,"turns":8.0},{"damage":1.0,"enemies":"4 Shapes","floor":44.0,"turns":3.0},{"damage":0.0,"enemies":"Sphere and 2 Shapes","floor":46.0,"turns":4.0},{"damage":0,"enemies":"3 Darklings","floor":48,"turns":3},{"damage":0,"enemies":"Awakened One","floor":50,"turns":15}],"event_choices":[{"event_name":"Scrap Ooze","player_choice":"unsuccessful","floor":3.0,"damage_taken":0.0},{"event_name":"Golden Shrine","player_choice":"Pray","floor":6.0,"damage_taken":0.0},{"event_name":"Liars Game","player_choice":"disagreed","floor":11.0,"damage_taken":0.0},{"event_name":"Back to Basics","player_choice":"Simplicity","floor":20.0,"damage_taken":0.0},{"event_name":"Transmorgrifier","player_choice":"Transform","floor":21.0,"damage_taken":0.0},{"event_name":"Golden Shrine","player_choice":"Pray","floor":37.0,"damage_taken":0.0},{"event_name":"Mysterious Sphere","player_choice":"Fight","floor":38.0,"damage_taken":0.0}],"boss_relics":[],"potions_floor_spawned":[1,14,24,28,29,33,38,39,44],"seed_played":"7519955914298052892","ascension_level":0,"is_trial":false}