{"path_per_floor":["M","M","?","?","M","R","M","M","T","E","M","?","M","M","R"],"character_chosen":"DEFECT","items_purchased":[],"gold_per_floor":[109,125,125,125,141,141,161,178,178,208,218,218,238,258,258,258],"floor_reached":16,"campfire_rested":1,"playtime":1323,"item_purchase_floors":[],"current_hp_per_floor":[73,73,66,66,66,66,61,56,56,18,4,4,2,1,23,0],"items_purged":[],"gold":258,"score":106,"play_id":"787808f9-108e-44cb-b32a-c7716e835fa5","local_time":"20180601225231","is_prod":false,"is_daily":false,"chose_seed":false,"is_ascension_mode":false,"campfire_upgraded":1,"win_rate":0.0,"timestamp":1527907951,"campfire_choices":[{"data":"Loop","floor":6,"key":"SMITH"},{"floor":15,"key":"REST"}],"path_taken":["M","M","?","?","M","R","?","M","T","E","M","?","M","M","R","BOSS"],"build_version":"2018-05-31","seed_source_timestamp":1111270072854,"purchased_purges":0,"victory":false,"master_deck":["Strike_B","Strike_B","Strike_B","Defend_B","Defend_B","Defend_B","Zap","Dualcast","Loop+1","Conserve Battery","Thunder Strike","Amplify","Hologram","Aggregate","Auto Shields","Ball Lightning","Static Discharge","Stack"],"max_hp_per_floor":[75,75,75,75,75,75,75,75,75,75,75,75,75,75,75,75],"relics":["Cracked Core","Bottled Flame","Letter Opener"],"card_choices":[{"not_picked":["Conserve Battery","Hologram"],"picked":"Loop","floor":1},{"not_picked":["Ball Lightning","Steam"],"picked":"Conserve Battery","floor":2},{"not_picked":["Conserve Battery","Melter"],"picked":"Amplify","floor":5},{"not_picked":["Sweeping Beam","Gash"],"picked":"Hologram","floor":7},{"not_picked":["Sweeping Beam","Chaos"],"picked":"Aggregate","floor":8},{"not_picked":["Skim","Sweeping Beam"],"picked":"Auto Shields","floor":10},{"not_picked":["Hologram","Sweeping Beam"],"picked":"Ball Lightning","floor":11},{"not_picked":["Biased Cognition","Scrape"],"picked":"Static Discharge","floor":13},{"not_picked":["Ball Lightning","Blizzard"],"picked":"Stack","floor":14}],"player_experience":744233,"potions_floor_usage":[7,14],"damage_taken":[{"damage":2,"enemies":"Small Slimes","floor":1,"turns":3},{"damage":0,"enemies":"2 Louse","floor":2,"turns":4},{"damage":0,"enemies":"Cultist","floor":5,"turns":3},{"damage":5,"enemies":"Looter","floor":7,"turns":4},{"damage":5,"enemies":"Red Slaver","floor":8,"turns":3},{"damage":38,"enemies":"Gremlin Nob","floor":10,"turns":5},{"damage":14,"enemies":"Exordium Thugs","floor":11,"turns":5},{"damage":2,"enemies":"2 Fungi Beasts","floor":13,"turns":4},{"damage":1,"enemies":"3 Louse","floor":14,"turns":3},{"damage":30,"enemies":"Slime Boss","floor":16,"turns":3}],"relics_obtained":[{"floor":9,"key":"Bottled Flame"},{"floor":10,"key":"Letter Opener"}],"event_choices":[{"event_name":"Golden Wing","player_choice":"Card Removal","floor":3,"damage_taken":0},{"event_name":"Transmorgrifier","player_choice":"Transform","floor":4,"damage_taken":0},{"event_name":"Shining Light","player_choice":"Ignored","floor":12,"damage_taken":0}],"boss_relics":[],"items_purged_floors":[],"potions_floor_spawned":[5,10],"seed_played":"-2224984435296686171","killed_by":"Slime Boss","ascension_level":0,"potions_obtained":[{"floor":5,"key":"Fire Potion"},{"floor":10,"key":"Block Potion"}],"is_trial":false}