{"gold_per_floor":[20,37,37,56,71,71,71,71,71,85,85,95,115,130,130,231,231,243,243,258,183,193,213,241,259,342,342,358,371,391,391,391,495,495,508,508,522,535,535,568,568,355,382,382,257,257,284,284,284,284],"floor_reached":51,"playtime":3092,"items_purged":["Strike_R","Strike_R","Strike_R"],"score":693,"play_id":"33284548-f528-4552-92a2-503aab1030bf","local_time":"20190508061219","is_ascension_mode":false,"campfire_choices":[{"data":"Uppercut","floor":6,"key":"SMITH"},{"data":"Shockwave","floor":8,"key":"SMITH"},{"data":"Inflame","floor":11,"key":"SMITH"},{"data":"Battle Trance","floor":15,"key":"SMITH"},{"data":"Body Slam","floor":27,"key":"SMITH"},{"data":"True Grit","floor":32,"key":"SMITH"},{"data":"Disarm","floor":41,"key":"SMITH"},{"data":"Flame Barrier","floor":44,"key":"SMITH"},{"data":"Feel No Pain","floor":46,"key":"SMITH"},{"data":"Impervious","floor":49,"key":"SMITH"}],"neow_cost":"NO_GOLD","seed_source_timestamp":1325982725776700,"circlet_count":0,"master_deck":["Defend_R","Defend_R","Defend_R","Defend_R","Bash","Headbutt","Uppercut+1","Dropkick","Shockwave+1","Inflame+1","Shrug It Off","Battle Trance+1","Sword Boomerang","Double Tap+1","Body Slam","True Grit+1","Body Slam+1","Shrug It Off","Corruption","Metallicize","Hemokinesis+1","Impervious+1","Dropkick+1","Impervious","Shrug It Off+1","Body Slam+1","Disarm+1","Entrench+1","Flame Barrier+1","Feel No Pain+1"],"relics":["Burning Blood","Meat on the Bone","Letter Opener","Sozu","Molten Egg 2","Tiny Chest","Pantograph","Snecko Eye","Bottled Lightning","Red Skull","Oddly Smooth Stone"],"potions_floor_usage":[33,33],"damage_taken":[{"damage":1,"enemies":"Jaw Worm","floor":1,"turns":5},{"damage":0,"enemies":"Small Slimes","floor":2,"turns":3},{"damage":0,"enemies":"Cultist","floor":4,"turns":3},{"damage":6,"enemies":"Exordium Wildlife","floor":5,"turns":3},{"damage":1,"enemies":"2 Fungi Beasts","floor":10,"turns":3},{"damage":10,"enemies":"Gremlin Gang","floor":12,"turns":5},{"damage":4,"enemies":"Looter","floor":13,"turns":3},{"damage":0,"enemies":"Blue Slaver","floor":14,"turns":3},{"damage":24,"enemies":"Slime Boss","floor":16,"turns":7},{"damage":8,"enemies":"Shell Parasite","floor":18,"turns":3},{"damage":15,"enemies":"3 Byrds","floor":20,"turns":5},{"damage":11,"enemies":"Centurion and Healer","floor":22,"turns":5},{"damage":5,"enemies":"Chosen and Byrds","floor":23,"turns":4},{"damage":9,"enemies":"Book of Stabbing","floor":24,"turns":4},{"damage":13,"enemies":"Snake Plant","floor":25,"turns":4},{"damage":9,"enemies":"Centurion and Healer","floor":28,"turns":5},{"damage":6,"enemies":"Snecko","floor":29,"turns":4},{"damage":13,"enemies":"Snake Plant","floor":30,"turns":4},{"damage":47,"enemies":"Champ","floor":33,"turns":11},{"damage":0,"enemies":"Orb Walker","floor":35,"turns":1},{"damage":0,"enemies":"3 Shapes","floor":37,"turns":2},{"damage":4,"enemies":"Maw","floor":38,"turns":4},{"damage":11,"enemies":"Reptomancer","floor":40,"turns":4},{"damage":6,"enemies":"Time Eater","floor":50,"turns":12}],"seed_played":"-972086859904377126","potions_obtained":[{"floor":1,"key":"SkillPotion"},{"floor":12,"key":"FearPotion"},{"floor":13,"key":"FearPotion"},{"floor":14,"key":"Dexterity Potion"}],"is_trial":false,"path_per_floor":["M","M","?","M","M","R","T","R","T","M","R","M","M","M","R","B",null,"M","?","M","$","M","M","E","M","T","R","M","M","M","T","R","B",null,"M","?","M","M","?","E","R","$","T","R","$","R","T","?","R","B",null],"character_chosen":"IRONCLAD","items_purchased":["Flame Barrier","Feel No Pain"],"campfire_rested":0,"item_purchase_floors":[42,42],"current_hp_per_floor":[80,80,85,85,85,85,85,85,85,85,85,81,83,85,85,67,85,83,83,74,74,69,70,67,60,60,60,57,57,50,50,50,46,85,85,85,85,85,85,80,80,80,80,80,80,80,80,80,80,85],"gold":284,"neow_bonus":"REMOVE_TWO","is_prod":false,"is_daily":false,"chose_seed":false,"campfire_upgraded":10,"win_rate":0,"timestamp":1557317539,"path_taken":["M","M","?","M","M","R","?","R","T","M","R","M","?","M","R","BOSS","M","?","?","$","M","M","E","M","T","R","M","M","M","?","R","BOSS","M","?","?","M","?","E","R","$","T","R","$","R","?","?","R","BOSS"],"build_version":"2019-01-23","purchased_purges":3,"victory":true,"max_hp_per_floor":[80,80,85,85,85,85,85,85,85,85,85,85,85,85,85,85,85,85,85,85,85,85,85,85,85,85,85,85,85,85,85,85,85,85,85,85,85,85,85,85,85,85,85,85,85,85,85,85,85,85],"card_choices":[{"not_picked":["Second Wind","True Grit"],"picked":"Headbutt","floor":1},{"not_picked":["Cleave","Thunderclap"],"picked":"Uppercut","floor":2},{"not_picked":["Pommel Strike","Sentinel"],"picked":"Dropkick","floor":4},{"not_picked":["Thunderclap","Power Through"],"picked":"Shockwave","floor":5},{"not_picked":["Bloodletting","Ghostly Armor"],"picked":"Inflame","floor":10},{"not_picked":["Havoc","Pommel Strike"],"picked":"Shrug It Off","floor":12},{"not_picked":["Perfected Strike","Clothesline"],"picked":"Battle Trance","floor":13},{"not_picked":["Fire Breathing","Clash"],"picked":"Sword Boomerang","floor":14},{"not_picked":["Juggernaut","Dark Embrace"],"picked":"Double Tap","floor":16},{"not_picked":["Sever Soul","Pommel Strike"],"picked":"Body Slam","floor":18},{"not_picked":["Combust","Evolve"],"picked":"True Grit","floor":20},{"not_picked":["Spot Weakness","Reckless Charge"],"picked":"Body Slam","floor":22},{"not_picked":["Pommel Strike+1","Rage"],"picked":"Shrug It Off","floor":23},{"not_picked":["Inflame","Sword Boomerang"],"picked":"Corruption","floor":24},{"not_picked":["Rage+1","Evolve"],"picked":"Metallicize","floor":25},{"not_picked":["Thunderclap+1","Hemokinesis+1","Clash+1"],"picked":"SKIP","floor":28},{"not_picked":["Thunderclap+1","Clash+1"],"picked":"Hemokinesis+1","floor":28},{"not_picked":["Sword Boomerang+1","Twin Strike+1"],"picked":"Impervious","floor":29},{"not_picked":["True Grit","Pommel Strike+1"],"picked":"Dropkick+1","floor":30},{"not_picked":["Juggernaut","Demon Form"],"picked":"Impervious","floor":33},{"not_picked":["Sword Boomerang+1","Shockwave+1"],"picked":"Shrug It Off+1","floor":35},{"not_picked":["Rage","Clash+1","Inflame+1"],"picked":"SKIP","floor":37},{"not_picked":["Clash+1","Inflame"],"picked":"Disarm","floor":38},{"not_picked":["Flex","Wild Strike+1"],"picked":"Entrench+1","floor":40}],"player_experience":1711245,"relics_obtained":[{"floor":7,"key":"Meat on the Bone"},{"floor":9,"key":"Letter Opener"},{"floor":24,"key":"Molten Egg 2"},{"floor":26,"key":"Tiny Chest"},{"floor":31,"key":"Pantograph"},{"floor":40,"key":"Bottled Lightning"},{"floor":43,"key":"Red Skull"},{"floor":47,"key":"Oddly Smooth Stone"}],"event_choices":[{"damage_healed":0,"gold_gain":0,"player_choice":"Donut","damage_taken":0,"max_hp_gain":5,"max_hp_loss":0,"event_name":"Big Fish","floor":3,"gold_loss":0},{"damage_healed":0,"gold_gain":0,"player_choice":"Upgraded","damage_taken":0,"max_hp_gain":0,"max_hp_loss":0,"event_name":"Upgrade Shrine","floor":19,"gold_loss":0,"cards_upgraded":["Double Tap"]},{"damage_healed":0,"gold_gain":0,"player_choice":"1 cards matched","damage_taken":0,"max_hp_gain":0,"max_hp_loss":0,"event_name":"Match and Keep!","floor":36,"gold_loss":0,"cards_obtained":["Body Slam"]},{"damage_healed":0,"gold_gain":0,"player_choice":"Ignored","damage_taken":0,"max_hp_gain":0,"max_hp_loss":0,"event_name":"Tomb of Lord Red Mask","floor":39,"gold_loss":0},{"damage_healed":0,"gold_gain":0,"player_choice":"Ignored","damage_taken":0,"max_hp_gain":0,"max_hp_loss":0,"event_name":"NoteForYourself","floor":48,"gold_loss":0}],"is_beta":false,"boss_relics":[{"not_picked":["Busted Crown","Philosopher\u0027s Stone"],"picked":"Sozu"},{"not_picked":["Runic Dome","Calling Bell"],"picked":"Snecko Eye"}],"items_purged_floors":[21,42,45],"is_endless":false,"potions_floor_spawned":[1,12,13,14,16,23,24,28,30,33,38],"ascension_level":0}