{"path_per_floor":["M","$","?","M","M","R","M","E","T","R","?","E","?","M","R","B",null,"M","$","M","M","M","R","E","?","T","M","R","?","M","E","R","B",null,"M","M","?","M","M","R"],"character_chosen":"THE_SILENT","items_purchased":["Quick Slash","Adrenaline"],"gold_per_floor":[111,13,13,26,42,42,53,84,107,107,80,109,109,119,119,222,222,233,88,98,114,125,125,156,81,81,101,101,101,121,156,156,257,257,270,280,280,290,302,302],"floor_reached":41,"campfire_rested":4,"playtime":3823,"current_hp_per_floor":[63,63,63,63,62,62,61,35,35,35,35,42,30,30,30,28,68,68,68,68,32,18,42,23,23,23,13,37,64,60,57,81,18,65,63,55,45,28,11,35],"items_purged":["Parasite"],"gold":302,"score":638,"play_id":"45d4530f-c09f-4eb7-a9c4-b05899b64d35","is_prod":false,"is_daily":false,"is_ascension_mode":true,"campfire_upgraded":3,"path_taken":["M","$","?","M","M","R","M","E","T","R","?","E","?","?","R","BOSS","M","$","M","M","M","R","E","?","T","M","R","?","?","E","R","BOSS","M","M","?","M","M","R","E"],"build_version":"2018-02-08-PROD1","purchased_purges":2,"victory":false,"master_deck":["Defend_G","Defend_G","Defend_G","Defend_G","Defend_G","Strike_G+1","Strike_G","Strike_G","Survivor","Neutralize+1","Unload","Quick Slash","PiercingWail","Flying Knee","Dagger Spray+1","Well Laid Plans","Backflip+1","Tactician","Adrenaline","Quick Slash+1","Leg Sweep","Leg Sweep","Quick Slash","Dagger Spray","After Image","Quick Slash+1","Madness","Madness","Footwork+1","PiercingWail+1"],"max_hp_per_floor":[70,67,67,67,67,67,67,67,67,67,67,81,81,81,81,81,81,81,81,81,81,81,81,81,81,81,81,81,81,81,81,81,81,81,81,81,81,81,81,81],"relics":["Ring of the Snake","Vajra","Oddly Smooth Stone","Mango","Centennial Puzzle","Sozu","Shuriken","Whetstone","Mercury Hourglass","Velvet Choker"],"card_choices":[{"not_picked":["Dagger Throw","Cloak And Dagger"],"picked":"PiercingWail"},{"not_picked":["Poisoned Stab","Malaise"],"picked":"Flying Knee"},{"not_picked":["Well Laid Plans","Reflex"],"picked":"Dagger Spray"},{"not_picked":["Cloak And Dagger","Dodge and Roll"],"picked":"Well Laid Plans"},{"not_picked":["After Image","Dagger Throw"],"picked":"Backflip"},{"not_picked":["After Image","Venomology"],"picked":"Tactician"},{"not_picked":["Riddle With Holes","Catalyst"],"picked":"Quick Slash"},{"not_picked":["Setup","Quick Slash"],"picked":"Leg Sweep"},{"not_picked":["Deflect","Accuracy"],"picked":"Leg Sweep"},{"not_picked":["Dodge and Roll","Flying Knee"],"picked":"Quick Slash"},{"not_picked":["Riddle With Holes","Unload"],"picked":"Dagger Spray"},{"not_picked":["Envenom","Phantasmal Killer"],"picked":"After Image"},{"not_picked":["Masterful Stab","Expertise"],"picked":"Quick Slash"},{"not_picked":["Prepared","Sucker Punch"],"picked":"Footwork"},{"not_picked":["Flying Knee","Masterful Stab"],"picked":"PiercingWail"}],"player_experience":268690,"potions_floor_usage":[],"damage_taken":[{"damage":0.0,"enemies":"Blue Slaver","floor":1.0,"turns":5.0},{"damage":0.0,"enemies":"2 Louse","floor":4.0,"turns":3.0},{"damage":1.0,"enemies":"Cultist","floor":5.0,"turns":4.0},{"damage":1.0,"enemies":"2 Fungi Beasts","floor":7.0,"turns":3.0},{"damage":26.0,"enemies":"3 Sentries","floor":8.0,"turns":11.0},{"damage":19.0,"enemies":"Lagavulin","floor":12.0,"turns":6.0},{"damage":0.0,"enemies":"3 Louse","floor":14.0,"turns":1.0},{"damage":2.0,"enemies":"The Guardian","floor":16.0,"turns":13.0},{"damage":0.0,"enemies":"Shell Parasite","floor":18.0,"turns":6.0},{"damage":0.0,"enemies":"2 Thieves","floor":20.0,"turns":4.0},{"damage":36.0,"enemies":"Cultist and Chosen","floor":21.0,"turns":9.0},{"damage":14.0,"enemies":"Snecko","floor":22.0,"turns":4.0},{"damage":19.0,"enemies":"Book of Stabbing","floor":24.0,"turns":7.0},{"damage":10.0,"enemies":"Sentry and Sphere","floor":27.0,"turns":4.0},{"damage":4.0,"enemies":"Centurion and Healer","floor":30.0,"turns":4.0},{"damage":3.0,"enemies":"Gremlin Leader","floor":31.0,"turns":6.0},{"damage":63.0,"enemies":"Automaton","floor":33.0,"turns":9.0},{"damage":2.0,"enemies":"3 Shapes","floor":35.0,"turns":4.0},{"damage":8.0,"enemies":"Orb Walker","floor":36.0,"turns":3.0},{"damage":17.0,"enemies":"Maw","floor":38.0,"turns":7.0},{"damage":17.0,"enemies":"Sphere and 2 Shapes","floor":39.0,"turns":4.0},{"damage":35,"enemies":"Giant Head","floor":41,"turns":9}],"event_choices":[{"event_name":"Living Wall","player_choice":"Forget","floor":3.0,"damage_taken":0.0},{"event_name":"World of Goop","player_choice":"Left","floor":11.0,"damage_taken":0.0},{"event_name":"Scrap Ooze","player_choice":"success","floor":13.0,"damage_taken":12.0},{"event_name":"Beggar","player_choice":"Gave Gold","floor":25.0,"damage_taken":0.0},{"event_name":"The Library","player_choice":"Heal","floor":29.0,"damage_taken":0.0},{"event_name":"Winding Halls","player_choice":"Embrace Madness","floor":37.0,"damage_taken":0.0}],"boss_relics":[],"potions_floor_spawned":[1,4,14,16,20,22,24,30,33,35,36,39],"seed_played":"-1750584988549406782","killed_by":"Giant Head","ascension_level":11,"is_trial":false}