{"gold_per_floor":[209,225,225,400,410,445,445,460,460,460,4,14,14,14,14,116,166,176,176,76,95,0,0,0,0,0,35,45,62,62,88,88,184,184,194,69,1068,1088,646,646],"floor_reached":40,"playtime":3033,"items_purged":["Doubt","Strike_R","Shame","Normality"],"score":472,"play_id":"bbbd48be-af82-4e65-801c-1f60fc16fea7","local_time":"20181128131204","is_ascension_mode":false,"campfire_choices":[{"floor":7,"key":"REST"},{"data":"Sword Boomerang","floor":10,"key":"SMITH"},{"data":"Apotheosis","floor":15,"key":"SMITH"},{"floor":23,"key":"REST"},{"floor":25,"key":"REST"},{"floor":30,"key":"REST"},{"floor":32,"key":"REST"}],"neow_cost":"NONE","seed_source_timestamp":271384912184057,"circlet_count":0,"master_deck":["Strike_R","Strike_R","Strike_R","Defend_R","Defend_R","Defend_R","Defend_R","Bash","Pummel","Sword Boomerang+1","Bludgeon","Flex+1","Shrug It Off","Apotheosis+1","Reaper","Flex","Flex","Dual Wield+1","Sword Boomerang","Sword Boomerang","Iron Wave","Limit Break","Shrug It Off+1","Normality"],"relics":["Burning Blood","Ice Cream","Question Card","Brimstone","Tiny House","Letter Opener","Unceasing Top","FossilizedHelix","Blood Vial","Lizard Tail","Dream Catcher","Bag of Marbles"],"potions_floor_usage":[5,16,27,33,38,40],"damage_taken":[{"damage":6,"enemies":"2 Louse","floor":1,"turns":3},{"damage":1,"enemies":"Jaw Worm","floor":2,"turns":4},{"damage":3,"enemies":"Small Slimes","floor":5,"turns":3},{"damage":54,"enemies":"Gremlin Nob","floor":6,"turns":6},{"damage":0,"enemies":"2 Fungi Beasts","floor":8,"turns":2},{"damage":13,"enemies":"Blue Slaver","floor":12,"turns":2},{"damage":58,"enemies":"Hexaghost","floor":16,"turns":6},{"damage":49,"enemies":"3 Byrds","floor":18,"turns":5},{"damage":15,"enemies":"Shell Parasite","floor":21,"turns":3},{"damage":30,"enemies":"Gremlin Leader","floor":27,"turns":5},{"damage":24,"enemies":"Snake Plant","floor":28,"turns":3},{"damage":22,"enemies":"Shelled Parasite and Fungi","floor":29,"turns":4},{"damage":36,"enemies":"Slavers","floor":31,"turns":4},{"damage":78,"enemies":"Champ","floor":33,"turns":7},{"damage":45,"enemies":"3 Shapes","floor":35,"turns":3},{"damage":69,"enemies":"3 Darklings","floor":38,"turns":4},{"damage":80,"enemies":"Reptomancer","floor":40,"turns":2}],"seed_played":"6048968837339863391","potions_obtained":[{"floor":1,"key":"SpeedPotion"},{"floor":5,"key":"Fruit Juice"},{"floor":12,"key":"SneckoOil"},{"floor":17,"key":"Poison Potion"},{"floor":18,"key":"Weak Potion"},{"floor":21,"key":"Ancient Potion"},{"floor":27,"key":"Ancient Potion"},{"floor":33,"key":"BloodPotion"}],"is_trial":false,"path_per_floor":["M","M","?","?","M","E","R","M","T","R","$","M","$","?","R","B",null,"M","?","$","M","?","R","?","R","T","E","M","M","R","E","R","B",null,"M","$","?","M","$","E"],"character_chosen":"IRONCLAD","items_purchased":["Apotheosis","Brimstone","Dream Catcher","Bag of Marbles"],"campfire_rested":5,"item_purchase_floors":[11,11,39,39],"current_hp_per_floor":[80,80,85,85,90,42,69,75,75,75,75,68,68,68,68,16,95,67,51,51,42,42,70,70,95,95,88,70,54,82,52,80,10,95,56,56,56,24,24,0],"gold":646,"neow_bonus":"HUNDRED_GOLD","is_prod":false,"is_daily":false,"chose_seed":false,"campfire_upgraded":2,"win_rate":0.0,"timestamp":1543432324,"path_taken":["M","M","?","?","M","E","R","M","T","R","$","M","$","?","R","BOSS","M","?","$","M","?","R","?","R","T","E","M","M","R","E","R","BOSS","M","$","?","M","$","E"],"build_version":"2018-11-15","purchased_purges":4,"victory":false,"max_hp_per_floor":[80,80,85,85,90,90,90,90,90,90,90,90,90,90,90,90,95,95,95,95,95,95,95,95,95,95,95,95,95,95,95,95,95,95,95,95,95,95,95,95],"card_choices":[{"not_picked":["Warcry","Searing Blow"],"picked":"Pummel","floor":1},{"not_picked":["Thunderclap","Intimidate"],"picked":"Sword Boomerang","floor":2},{"not_picked":["Body Slam","Corruption"],"picked":"Bludgeon","floor":5},{"not_picked":["Perfected Strike","Clash"],"picked":"Flex","floor":6},{"not_picked":["Rage","Burning Pact"],"picked":"Shrug It Off","floor":8},{"not_picked":["Iron Wave","Twin Strike","Shockwave","Juggernaut"],"picked":"SKIP","floor":12},{"not_picked":["Feed","Impervious","Brutality"],"picked":"Reaper","floor":16},{"not_picked":["Twin Strike","Clothesline","Corruption"],"picked":"Flex","floor":17},{"not_picked":["True Grit+1","Pommel Strike+1","Feel No Pain+1","Dropkick"],"picked":"SKIP","floor":18},{"not_picked":["Dropkick+1","True Grit+1","Warcry"],"picked":"Flex","floor":21},{"not_picked":["Impervious","Clash","Rage"],"picked":"Dual Wield+1","floor":27},{"not_picked":["Cleave","Corruption","Hemokinesis"],"picked":"Sword Boomerang","floor":28},{"not_picked":["Searing Blow","Combust","Fire Breathing"],"picked":"Sword Boomerang","floor":29},{"not_picked":["Perfected Strike","Twin Strike+1","Corruption"],"picked":"Iron Wave","floor":31},{"not_picked":["Impervious","Barricade","Demon Form"],"picked":"Limit Break","floor":33},{"not_picked":["Anger+1","Intimidate+1","Corruption+1"],"picked":"Shrug It Off+1","floor":35},{"not_picked":["Body Slam","Perfected Strike+1","Corruption","Bloodletting"],"picked":"SKIP","floor":38}],"player_experience":26240,"relics_obtained":[{"floor":6,"key":"Ice Cream"},{"floor":9,"key":"Question Card"},{"floor":26,"key":"Unceasing Top"},{"floor":27,"key":"FossilizedHelix"},{"floor":31,"key":"Blood Vial"}],"event_choices":[{"damage_healed":0,"gold_gain":0,"player_choice":"Donut","damage_taken":0,"max_hp_gain":5,"max_hp_loss":0,"event_name":"Big Fish","floor":3,"gold_loss":0},{"damage_healed":0,"gold_gain":175,"player_choice":"AGREE","damage_taken":0,"max_hp_gain":0,"max_hp_loss":0,"event_name":"Liars Game","floor":4,"gold_loss":0,"cards_obtained":["Doubt"]},{"cards_removed":["Strike_R"],"damage_healed":0,"gold_gain":0,"player_choice":"Forget","damage_taken":0,"max_hp_gain":0,"max_hp_loss":0,"event_name":"Living Wall","floor":14,"gold_loss":0},{"damage_healed":0,"gold_gain":0,"player_choice":"Obtained Book","damage_taken":16,"max_hp_gain":0,"max_hp_loss":0,"event_name":"Cursed Tome","floor":19,"gold_loss":0},{"damage_healed":0,"gold_gain":0,"player_choice":"Paid Fearfully","damage_taken":0,"max_hp_gain":0,"max_hp_loss":0,"event_name":"Masked Bandits","floor":22,"gold_loss":95},{"damage_healed":0,"gold_gain":0,"player_choice":"Stole Relic","damage_taken":0,"relics_obtained":["Letter Opener"],"max_hp_gain":0,"max_hp_loss":0,"event_name":"Addict","floor":24,"gold_loss":0,"cards_obtained":["Shame"]},{"damage_healed":0,"gold_gain":999,"player_choice":"Gold","damage_taken":0,"max_hp_gain":0,"max_hp_loss":0,"event_name":"MindBloom","floor":37,"gold_loss":0,"cards_obtained":["Normality","Normality"]}],"is_beta":false,"boss_relics":[{"not_picked":["Coffee Dripper","Snecko Eye"],"picked":"Tiny House"},{"not_picked":["Sozu","Runic Cube"],"picked":"Lizard Tail"}],"items_purged_floors":[11,20,36,39],"is_endless":false,"potions_floor_spawned":[1,5,12,18,21,27,33,35,38],"killed_by":"Reptomancer","ascension_level":0}