{"path_per_floor":["M","M","$","M","M","R","M","R","T","$","R","M","E","M","R","B",null,"M","M","?","?","M","R","$","R","T","M","R","M","M","M","R","B",null,"M","?","M","M","M","E","R","M","T","?","R","$","?","$","R","B"],"character_chosen":"THE_SILENT","items_purchased":["Backflip","Skewer","Swift Potion"],"gold_per_floor":[113,126,2,22,36,36,55,55,55,55,55,67,97,110,110,184,184,184,184,184,184,184,184,149,149,149,149,149,149,149,149,149,149,149,149,149,149,149,149,149,149,149,149,149,149,49,49,0,0,0],"floor_reached":51,"campfire_rested":4,"playtime":4628,"current_hp_per_floor":[61,58,58,58,58,58,48,48,62,62,62,59,40,40,40,15,65,61,61,61,45,33,33,33,43,43,22,49,48,47,49,49,44,79,81,68,70,65,61,3,30,32,32,32,59,59,59,59,86,7],"items_purged":["Strike_G","Writhe"],"gold":0,"score":822,"play_id":"edc90ae2-074c-4664-af0b-232c7126505c","is_prod":false,"is_daily":false,"is_ascension_mode":true,"campfire_upgraded":5,"path_taken":["M","M","$","M","M","R","M","R","T","$","R","M","E","M","R","BOSS","M","M","?","?","M","R","$","R","T","?","R","M","?","M","R","BOSS","M","?","M","M","?","E","R","M","T","?","R","$","?","?","R","BOSS"],"build_version":"2018-02-08-PROD1","purchased_purges":2,"victory":true,"master_deck":["Defend_G","Defend_G","Defend_G","Defend_G","Defend_G","Strike_G+1","Strike_G+1","Strike_G","Strike_G","Survivor","Neutralize+1","Dagger Throw","Backflip","Footwork+1","Dagger Spray+1","Backflip","Backstab","Burst+1","Blur","Necronomicurse","Backstab","Skewer+1","Riddle With Holes","Dash","Die Die Die","Noxious Fumes","Skewer","Malaise+1","Skewer+1"],"max_hp_per_floor":[67,67,67,67,67,67,67,67,81,81,81,81,81,81,81,81,81,81,81,81,81,81,81,81,91,91,91,91,91,91,91,91,91,91,91,91,91,91,91,91,91,91,91,91,91,91,91,91,91,91],"relics":["Ring of the Snake","Mango","Shovel","Whetstone","Ectoplasm","Necronomicon","Pear","Blood Vial","Cursed Key","Frozen Eye","Kunai","Unceasing Top"],"card_choices":[{"not_picked":["Predator","Expertise"],"picked":"Dagger Throw"},{"not_picked":["Cloak And Dagger","Deflect"],"picked":"Footwork"},{"not_picked":["Underhanded Strike","Deadly Poison"],"picked":"Dagger Spray"},{"not_picked":["Unload","Flying Knee"],"picked":"Backflip"},{"not_picked":["Outmaneuver","Flying Knee"],"picked":"Backstab"},{"not_picked":["Night Terror","A Thousand Cuts"],"picked":"Burst"},{"not_picked":["Finisher","Deadly Poison"],"picked":"Blur"},{"not_picked":["Bane","Poisoned Stab"],"picked":"Backstab"},{"not_picked":["Eviscerate","Concentrate"],"picked":"Riddle With Holes"},{"not_picked":["Concentrate","Predator"],"picked":"Dash"},{"not_picked":["Phantasmal Killer","Tactician"],"picked":"Die Die Die"},{"not_picked":["Predator","Prepared"],"picked":"Noxious Fumes"},{"not_picked":["Outmaneuver","Quick Slash"],"picked":"Skewer"},{"not_picked":["Setup","Cloak And Dagger"],"picked":"Malaise"}],"player_experience":297402,"potions_floor_usage":[40,42,50],"damage_taken":[{"damage":2.0,"enemies":"Cultist","floor":1.0,"turns":4.0},{"damage":3.0,"enemies":"Jaw Worm","floor":2.0,"turns":4.0},{"damage":0.0,"enemies":"2 Louse","floor":4.0,"turns":2.0},{"damage":0.0,"enemies":"Red Slaver","floor":5.0,"turns":8.0},{"damage":10.0,"enemies":"Lots of Slimes","floor":7.0,"turns":6.0},{"damage":3.0,"enemies":"3 Louse","floor":12.0,"turns":2.0},{"damage":19.0,"enemies":"Gremlin Nob","floor":13.0,"turns":5.0},{"damage":0.0,"enemies":"Looter","floor":14.0,"turns":4.0},{"damage":25.0,"enemies":"Slime Boss","floor":16.0,"turns":13.0},{"damage":4.0,"enemies":"Chosen","floor":18.0,"turns":6.0},{"damage":0.0,"enemies":"Spheric Guardian","floor":19.0,"turns":4.0},{"damage":12.0,"enemies":"Snake Plant","floor":22.0,"turns":8.0},{"damage":23.0,"enemies":"Chosen and Byrds","floor":27.0,"turns":7.0},{"damage":3.0,"enemies":"Snecko","floor":29.0,"turns":5.0},{"damage":3.0,"enemies":"Snake Plant","floor":30.0,"turns":3.0},{"damage":0.0,"enemies":"Centurion and Healer","floor":31.0,"turns":2.0},{"damage":7.0,"enemies":"Champ","floor":33.0,"turns":13.0},{"damage":0.0,"enemies":"3 Darklings","floor":35.0,"turns":4.0},{"damage":15.0,"enemies":"Mysterious Sphere","floor":36.0,"turns":7.0},{"damage":0,"enemies":"Orb Walker","floor":37,"turns":2},{"damage":7,"enemies":"4 Shapes","floor":38,"turns":6},{"damage":6,"enemies":"3 Darklings","floor":39,"turns":7},{"damage":60,"enemies":"Giant Head","floor":40,"turns":10},{"damage":0,"enemies":"Maw","floor":42,"turns":6},{"damage":81,"enemies":"Time Eater","floor":50,"turns":12}],"event_choices":[{"event_name":"Drug Dealer","player_choice":"Ignored","floor":20.0,"damage_taken":0.0},{"event_name":"Cursed Tome","player_choice":"Obtained Book","floor":21.0,"damage_taken":0.0},{"event_name":"Mysterious Sphere","player_choice":"Fight","floor":36.0,"damage_taken":0.0},{"event_name":"Duplicator","player_choice":"One dupe","floor":44,"damage_taken":0},{"event_name":"Wheel of Change","player_choice":"Gold","floor":47,"damage_taken":0}],"boss_relics":[],"potions_floor_spawned":[1,12,14,16,22,30,31,36,39],"seed_played":"3705499438030651175","ascension_level":13,"is_trial":false}