{"gold_per_floor":[119,194,204,90,107,107,122,133,133,166,166,66,95,112,112,217,217,232,232,251,270,270],"floor_reached":22,"playtime":2773,"items_purged":["Strike_G","Defend_G"],"score":208,"play_id":"cd3c413e-7dba-45f7-a377-4b740371ae6e","local_time":"20190504201736","is_ascension_mode":true,"campfire_choices":[{"floor":6,"key":"RECALL"},{"floor":11,"key":"REST"},{"floor":15,"key":"REST"}],"neow_cost":"NONE","seed_source_timestamp":58174654741044,"circlet_count":0,"master_deck":["Defend_G+1","Defend_G","Defend_G","Defend_G+1","Strike_G","Strike_G","Strike_G","Survivor","Neutralize","Envenom","Backflip","Bane","Infinite Blades","Reflex","Deadly Poison","Crippling Poison","Dodge and Roll","A Thousand Cuts","Deflect","Night Terror","Backflip+1","Bouncing Flask","Accuracy"],"relics":["Ring of the Snake","War Paint","Vajra","Molten Egg 2","WristBlade"],"potions_floor_usage":[10,10,16],"damage_taken":[{"damage":12,"enemies":"Jaw Worm","floor":1,"turns":4},{"damage":4,"enemies":"Cultist","floor":3,"turns":5},{"damage":0,"enemies":"2 Louse","floor":5,"turns":3},{"damage":13,"enemies":"Exordium Thugs","floor":7,"turns":5},{"damage":13,"enemies":"3 Louse","floor":8,"turns":4},{"damage":11,"enemies":"3 Sentries","floor":10,"turns":7},{"damage":12,"enemies":"Lagavulin","floor":13,"turns":7},{"damage":4,"enemies":"2 Fungi Beasts","floor":14,"turns":4},{"damage":17,"enemies":"Hexaghost","floor":16,"turns":10},{"damage":8,"enemies":"Shell Parasite","floor":18,"turns":6},{"damage":9,"enemies":"Chosen","floor":20,"turns":5},{"damage":35,"enemies":"Centurion and Healer","floor":21,"turns":9},{"damage":22,"enemies":"3 Cultists","floor":22,"turns":3}],"seed_played":"5031079094567915382","potions_obtained":[{"floor":1,"key":"PowerPotion"},{"floor":3,"key":"Explosive Potion"},{"floor":7,"key":"LiquidBronze"},{"floor":10,"key":"GamblersBrew"},{"floor":21,"key":"Poison Potion"}],"is_trial":false,"path_per_floor":["M","?","M","$","M","R","M","M","T","E","R","$","E","M","R","B",null,"M","?","M","M","M"],"character_chosen":"THE_SILENT","items_purchased":["Infinite Blades"],"campfire_rested":2,"item_purchase_floors":[4],"current_hp_per_floor":[58,51,47,47,47,47,34,21,21,10,31,31,19,15,36,19,70,62,62,53,18,0],"gold":270,"neow_bonus":"ONE_RANDOM_RARE_CARD","is_prod":false,"is_daily":false,"chose_seed":false,"campfire_upgraded":0,"win_rate":0,"timestamp":1557019056,"path_taken":["M","?","M","$","M","R","M","?","T","E","R","$","E","M","R","BOSS","M","?","M","?","M"],"build_version":"2019-01-23","purchased_purges":2,"victory":false,"max_hp_per_floor":[70,70,70,70,70,70,70,70,70,70,70,70,70,70,70,70,70,70,70,70,70,70],"card_choices":[{"not_picked":["Skewer","Underhanded Strike"],"picked":"Backflip","floor":1},{"not_picked":["Dagger Throw","All Out Attack"],"picked":"Bane","floor":3},{"not_picked":["Setup","Dagger Throw"],"picked":"Reflex","floor":5},{"not_picked":["Quick Slash","Riddle With Holes"],"picked":"Deadly Poison","floor":7},{"not_picked":["Wraith Form v2","Dagger Throw"],"picked":"Crippling Poison","floor":8},{"not_picked":["Choke","Flying Knee"],"picked":"Dodge and Roll","floor":10},{"not_picked":["Underhanded Strike","Eviscerate"],"picked":"A Thousand Cuts","floor":13},{"not_picked":["Reflex","Dagger Throw+1"],"picked":"Deflect","floor":14},{"not_picked":["Glass Knife+1","Storm of Steel"],"picked":"Night Terror","floor":16},{"not_picked":["Slice+1","Predator+1"],"picked":"Backflip+1","floor":18},{"not_picked":["Blade Dance","Poisoned Stab+1"],"picked":"Bouncing Flask","floor":20},{"not_picked":["Bouncing Flask","Eviscerate+1"],"picked":"Accuracy","floor":21}],"player_experience":129467,"relics_obtained":[{"floor":9,"key":"War Paint"},{"floor":10,"key":"Vajra"},{"floor":13,"key":"Molten Egg 2"}],"event_choices":[{"damage_healed":0,"gold_gain":75,"player_choice":"Touch","damage_taken":7,"max_hp_gain":0,"max_hp_loss":0,"event_name":"FaceTrader","floor":2,"gold_loss":0},{"cards_removed":["Strike_G"],"damage_healed":0,"gold_gain":0,"player_choice":"Offered Basic","damage_taken":0,"max_hp_gain":0,"max_hp_loss":0,"event_name":"Bonfire Elementals","floor":19,"gold_loss":0}],"is_beta":false,"boss_relics":[{"not_picked":["Busted Crown","Black Star"],"picked":"WristBlade"}],"items_purged_floors":[4,12],"is_endless":false,"potions_floor_spawned":[1,3,7,10,21],"killed_by":"3 Cultists","ascension_level":1}