{"path_per_floor":["M","M","M","M","?","R","M","$","T","?","R","?","M","E","R","B",null,"M","?","M","M","M","R","M","?","T","M","R","?","$","M","R","B",null,"M","?","?","?","$","E","M","R","T","R","M","$","M","?","R","B"],"character_chosen":"THE_SILENT","items_purchased":["Cloak And Dagger","Backflip","Footwork","Adrenaline","Oddly Smooth Stone","Calculated Gamble"],"gold_per_floor":[116,136,150,163,163,163,177,53,78,104,104,104,122,149,149,248,248,265,265,277,296,308,308,322,322,322,339,339,339,91,106,106,208,208,220,270,270,270,121,155,172,172,172,172,184,5,23,23,23,23],"floor_reached":51,"campfire_rested":3,"playtime":3953,"current_hp_per_floor":[70,70,69,69,69,69,68,68,68,63,63,63,54,54,54,36,70,70,70,69,57,43,43,41,41,41,21,42,42,42,33,54,32,70,58,56,46,64,64,34,34,55,55,55,55,55,55,55,55,29],"items_purged":["Strike_G","Writhe"],"gold":23,"score":679,"play_id":"f47f41c7-4b13-4645-9cb8-bde61c2630a9","local_time":"20180404074232","is_prod":false,"is_daily":false,"is_ascension_mode":false,"campfire_upgraded":6,"timestamp":1522849352,"path_taken":["M","M","M","M","?","R","M","$","T","?","R","?","M","E","R","BOSS","M","?","M","M","M","R","M","?","T","M","R","?","$","M","R","BOSS","M","?","?","?","$","E","M","R","T","R","?","$","M","?","R","BOSS"],"build_version":"2018-03-29","purchased_purges":2,"victory":true,"master_deck":["Defend_G+1","Defend_G+1","Defend_G+1","Defend_G+1","Defend_G+1","Strike_G+1","Strike_G+1","Survivor","Neutralize+1","Cloak And Dagger+1","Backflip","Flying Knee","Noxious Fumes+1","Riddle With Holes","Leg Sweep","Cloak And Dagger","Bane+1","Escape Plan","Catalyst","Burst+1","Bane+1","Malaise","Terror+1","Deadly Poison","Dagger Spray+1","Leg Sweep","Distraction+1","Backflip","Footwork+1","Adrenaline","Cloak And Dagger","Deflect","Die Die Die","Expertise+1","PiercingWail","Thinking Ahead","Panache","Dark Shackles","Acrobatics+1","Backflip+1","Adrenaline","Calculated Gamble","Footwork+1","Calculated Gamble"],"max_hp_per_floor":[70,70,70,70,70,70,70,70,70,70,70,70,70,70,70,70,70,70,70,70,70,70,70,70,70,70,70,70,70,70,70,70,70,70,70,70,70,70,70,70,70,70,70,70,70,70,70,70,70,70],"relics":["Ring of the Snake","Whetstone","Odd Mushroom","Dream Catcher","Cursed Key","Tingsha","Sozu","Gambling Chip","Oddly Smooth Stone","Bottled Lightning"],"card_choices":[{"not_picked":["Accuracy","Distraction"],"picked":"Cloak And Dagger","floor":1.0},{"not_picked":["Acrobatics","Bane"],"picked":"Backflip","floor":2.0},{"not_picked":["Backflip","PiercingWail"],"picked":"Flying Knee","floor":3.0},{"not_picked":["Concentrate","Dagger Spray"],"picked":"Noxious Fumes","floor":4.0},{"not_picked":["Terror","Flying Knee"],"picked":"Leg Sweep","floor":7.0},{"not_picked":["Slice","Underhanded Strike"],"picked":"Bane","floor":10.0},{"not_picked":["Riddle With Holes","Endless Agony"],"picked":"Escape Plan","floor":13.0},{"not_picked":["Dagger Throw","Deflect"],"picked":"Catalyst","floor":14.0},{"not_picked":["Adrenaline","Envenom"],"picked":"Burst","floor":16.0},{"not_picked":["Concentrate","Crippling Poison"],"picked":"Bane","floor":18.0},{"not_picked":["Calculated Gamble","Infinite Blades"],"picked":"Terror","floor":20.0},{"not_picked":["Prepared","Terror"],"picked":"Deadly Poison","floor":21.0},{"not_picked":["Dodge and Roll","Prepared"],"picked":"Dagger Spray","floor":22.0},{"not_picked":["Quick Slash","Caltrops"],"picked":"Leg Sweep","floor":24.0},{"not_picked":["Skewer","Calculated Gamble"],"picked":"Distraction","floor":28.0},{"not_picked":["Bullet Time","Blade Dance"],"picked":"Cloak And Dagger","floor":31.0},{"not_picked":["Quick Slash","Outmaneuver"],"picked":"Deflect","floor":32.0},{"not_picked":["Phantasmal Killer","Unload"],"picked":"Die Die Die","floor":33.0},{"not_picked":["Deflect","Dodge and Roll"],"picked":"Expertise","floor":35.0},{"not_picked":["Outmaneuver","Flying Knee"],"picked":"PiercingWail","floor":36.0},{"not_picked":["Dark Shackles","Blind"],"picked":"Thinking Ahead","floor":37.0},{"not_picked":["Dark Shackles","Purity"],"picked":"Panache","floor":37.0},{"not_picked":["Deep Breath","Trip"],"picked":"Dark Shackles","floor":37.0},{"not_picked":["Dodge and Roll","All Out Attack"],"picked":"Acrobatics","floor":41.0},{"not_picked":["Dagger Spray","Deadly Poison"],"picked":"Backflip","floor":42.0},{"not_picked":["Malaise","Slice"],"picked":"Adrenaline","floor":45},{"not_picked":["Underhanded Strike","Prepared"],"picked":"Footwork","floor":47}],"player_experience":989079,"potions_floor_usage":[50],"damage_taken":[{"damage":0.0,"enemies":"2 Louse","floor":1.0,"turns":3.0},{"damage":0.0,"enemies":"Cultist","floor":2.0,"turns":4.0},{"damage":1.0,"enemies":"Jaw Worm","floor":3.0,"turns":5.0},{"damage":0.0,"enemies":"Large Slime","floor":4.0,"turns":6.0},{"damage":1.0,"enemies":"Looter","floor":7.0,"turns":3.0},{"damage":5.0,"enemies":"The Mushroom Lair","floor":10.0,"turns":4.0},{"damage":9.0,"enemies":"Exordium Thugs","floor":13.0,"turns":4.0},{"damage":0.0,"enemies":"Gremlin Nob","floor":14.0,"turns":3.0},{"damage":18.0,"enemies":"The Guardian","floor":16.0,"turns":11.0},{"damage":0.0,"enemies":"3 Byrds","floor":18.0,"turns":4.0},{"damage":1.0,"enemies":"2 Thieves","floor":20.0,"turns":5.0},{"damage":12.0,"enemies":"3 Cultists","floor":21.0,"turns":6.0},{"damage":14.0,"enemies":"Sentry and Sphere","floor":22.0,"turns":6.0},{"damage":2.0,"enemies":"Centurion and Healer","floor":24.0,"turns":5.0},{"damage":20.0,"enemies":"Cultist and Chosen","floor":27.0,"turns":6.0},{"damage":9.0,"enemies":"Sentry and Sphere","floor":31.0,"turns":7.0},{"damage":22.0,"enemies":"Automaton","floor":33.0,"turns":9.0},{"damage":12.0,"enemies":"3 Darklings","floor":35.0,"turns":8.0},{"damage":2.0,"enemies":"Mysterious Sphere","floor":36.0,"turns":3.0},{"damage":30.0,"enemies":"Nemesis","floor":40.0,"turns":7.0},{"damage":0.0,"enemies":"Orb Walker","floor":41.0,"turns":2.0},{"damage":0,"enemies":"Maw","floor":45,"turns":6},{"damage":0,"enemies":"4 Shapes","floor":47,"turns":4},{"damage":26,"enemies":"Time Eater","floor":50,"turns":18}],"event_choices":[{"event_name":"Transmorgrifier","player_choice":"Transform","floor":5.0,"damage_taken":0.0},{"event_name":"Mushrooms","player_choice":"Fought Mushrooms","floor":10.0,"damage_taken":0.0},{"event_name":"The Woman in Blue","player_choice":"Bought 0 Potions","floor":12.0,"damage_taken":0.0},{"event_name":"The Library","player_choice":"Read","floor":19.0,"damage_taken":0.0},{"event_name":"The Mausoleum","player_choice":"Yes","floor":25.0,"damage_taken":0.0},{"event_name":"Back to Basics","player_choice":"Simplicity","floor":29.0,"damage_taken":0.0},{"event_name":"Mysterious Sphere","player_choice":"Fight","floor":36.0,"damage_taken":0.0},{"event_name":"SensoryStone","player_choice":"Memory 3","floor":37.0,"damage_taken":0.0},{"event_name":"Winding Halls","player_choice":"Writhe","floor":38.0,"damage_taken":0.0},{"event_name":"Transmorgrifier","player_choice":"Transform","floor":48,"damage_taken":0}],"boss_relics":[],"potions_floor_spawned":[2,4,10,16,18,24,33,45,47],"seed_played":"-960201930641071986","ascension_level":0,"is_trial":false}