{"gold_per_floor":[110,35,50,66,81,81,109,125,125,125,125,125,139,101,101,101],"floor_reached":16,"playtime":684,"items_purged":["Strike_R"],"score":158,"play_id":"3450f203-be92-4a42-9c69-4ad6dd2254f6","local_time":"20181208222010","is_ascension_mode":true,"campfire_choices":[{"data":"Whirlwind","floor":6,"key":"SMITH"},{"data":"Bash","floor":10,"key":"SMITH"},{"data":"Defend_R","floor":12,"key":"SMITH"},{"data":"Defend_R","floor":15,"key":"SMITH"}],"neow_cost":"NONE","seed_source_timestamp":483629642690060,"circlet_count":0,"master_deck":["AscendersBane","Strike_R","Strike_R","Strike_R","Defend_R+1","Defend_R+1","Defend_R","Defend_R","Bash+1","Whirlwind+1"],"relics":["Burning Blood","Bronze Scales","The Courier"],"potions_floor_usage":[4,16],"damage_taken":[{"damage":1,"enemies":"Cultist","floor":1,"turns":3},{"damage":10,"enemies":"Small Slimes","floor":3,"turns":4},{"damage":3,"enemies":"Jaw Worm","floor":4,"turns":6},{"damage":3,"enemies":"3 Louse","floor":5,"turns":2},{"damage":32,"enemies":"Gremlin Nob","floor":7,"turns":4},{"damage":17,"enemies":"Exordium Thugs","floor":8,"turns":3},{"damage":0,"enemies":"Lots of Slimes","floor":13,"turns":1},{"damage":49,"enemies":"Hexaghost","floor":16,"turns":9}],"seed_played":"850962692160032731","potions_obtained":[{"floor":3,"key":"Block Potion"},{"floor":5,"key":"Energy Potion"}],"is_trial":false,"path_per_floor":["M","$","M","M","M","R","E","M","T","R","?","R","M","?","R","B"],"character_chosen":"IRONCLAD","items_purchased":[],"campfire_rested":0,"item_purchase_floors":[],"current_hp_per_floor":[77,77,73,76,79,79,53,42,42,42,42,42,48,48,48,0],"gold":101,"neow_bonus":"REMOVE_CARD","is_prod":false,"is_daily":false,"chose_seed":false,"campfire_upgraded":4,"win_rate":0,"timestamp":1544278810,"path_taken":["M","$","M","M","M","R","E","M","T","R","?","R","M","?","R","BOSS"],"build_version":"2018-12-06","purchased_purges":1,"victory":false,"max_hp_per_floor":[80,80,80,80,80,80,80,80,80,80,80,80,80,80,80,80],"card_choices":[{"not_picked":["Twin Strike","Ghostly Armor","True Grit"],"picked":"SKIP","floor":1},{"not_picked":["Intimidate","Iron Wave"],"picked":"Whirlwind","floor":3},{"not_picked":["Blood for Blood","True Grit","Metallicize"],"picked":"SKIP","floor":4},{"not_picked":["Headbutt","Wild Strike","Anger"],"picked":"SKIP","floor":5},{"not_picked":["Shrug It Off","Wild Strike","Iron Wave"],"picked":"SKIP","floor":7},{"not_picked":["Rupture","Warcry","Shrug It Off"],"picked":"SKIP","floor":8},{"not_picked":["Exhume","Inflame","Armaments"],"picked":"SKIP","floor":13}],"player_experience":506007,"relics_obtained":[{"floor":7,"key":"Bronze Scales"},{"floor":9,"key":"The Courier"}],"event_choices":[{"damage_healed":0,"gold_gain":0,"player_choice":"Ignored","damage_taken":0,"max_hp_gain":0,"max_hp_loss":0,"event_name":"Liars Game","floor":11,"gold_loss":0},{"damage_healed":0,"gold_gain":0,"player_choice":"Left Gold","damage_taken":0,"max_hp_gain":0,"max_hp_loss":0,"event_name":"World of Goop","floor":14,"gold_loss":38}],"is_beta":false,"boss_relics":[],"items_purged_floors":[2],"is_endless":false,"potions_floor_spawned":[3,5],"killed_by":"Hexaghost","ascension_level":11}