{"gold_per_floor":[117,127,127,52,52,52,91,91,145,145,145,179,192,192],"floor_reached":14,"playtime":283,"items_purged":["Strike_R"],"score":218,"play_id":"7753800e-b87c-490f-8369-be9c1531ef15","local_time":"20190101231748","is_ascension_mode":true,"campfire_choices":[{"data":"Clothesline","floor":6,"key":"SMITH"},{"data":"Bash","floor":11,"key":"SMITH"}],"neow_cost":"NONE","seed_source_timestamp":210045341013162,"circlet_count":0,"master_deck":["AscendersBane","Strike_R","Strike_R","Strike_R","Defend_R","Defend_R","Defend_R","Defend_R","Bash+1","Clothesline+1","Spot Weakness","Impervious","Battle Trance","Pommel Strike"],"relics":["Burning Blood","NeowsBlessing","Golden Idol","Boot","Frozen Egg 2","Regal Pillow","Sundial"],"potions_floor_usage":[],"damage_taken":[{"damage":0,"enemies":"Small Slimes","floor":1,"turns":1},{"damage":0,"enemies":"Jaw Worm","floor":2,"turns":1},{"damage":0,"enemies":"Lagavulin","floor":7,"turns":1},{"damage":42,"enemies":"Gremlin Nob","floor":12,"turns":5},{"damage":11,"enemies":"2 Louse","floor":13,"turns":3},{"damage":9,"enemies":"Lots of Slimes","floor":14,"turns":1}],"seed_played":"-3448196744973058230","potions_obtained":[{"floor":13,"key":"LiquidBronze"}],"is_trial":false,"path_per_floor":["M","M","?","$","?","R","E","?","T","?","R","E","M","M"],"character_chosen":"IRONCLAD","items_purchased":[],"campfire_rested":0,"item_purchase_floors":[],"current_hp_per_floor":[74,75,68,68,68,68,68,50,50,50,50,14,9,0],"gold":192,"neow_bonus":"THREE_ENEMY_KILL","is_prod":false,"is_daily":false,"chose_seed":false,"campfire_upgraded":2,"win_rate":0,"timestamp":1546355868,"path_taken":["M","M","?","$","?","R","E","?","T","?","R","E","M","M"],"build_version":"2018-12-20","purchased_purges":1,"victory":false,"max_hp_per_floor":[75,75,68,68,68,68,68,68,68,68,68,68,68,68],"card_choices":[{"not_picked":["Anger","Second Wind"],"picked":"Clothesline","floor":1},{"not_picked":["Entrench","Perfected Strike"],"picked":"Spot Weakness","floor":2},{"not_picked":["Perfected Strike","Burning Pact"],"picked":"Impervious","floor":7},{"not_picked":["Intimidate","Searing Blow"],"picked":"Battle Trance","floor":12},{"not_picked":["Warcry","Headbutt"],"picked":"Pommel Strike","floor":13}],"player_experience":640383,"relics_obtained":[{"floor":7,"key":"Boot"},{"floor":9,"key":"Regal Pillow"},{"floor":12,"key":"Sundial"}],"event_choices":[{"damage_healed":0,"gold_gain":0,"player_choice":"Lose Max HP","damage_taken":0,"relics_obtained":["Golden Idol"],"max_hp_gain":0,"max_hp_loss":7,"event_name":"Golden Idol","floor":3,"gold_loss":0},{"damage_healed":0,"gold_gain":0,"player_choice":"Ignored","damage_taken":0,"max_hp_gain":0,"max_hp_loss":0,"event_name":"Liars Game","floor":5,"gold_loss":0},{"damage_healed":0,"gold_gain":0,"player_choice":"Success","damage_taken":18,"relics_obtained":["Frozen Egg 2"],"max_hp_gain":0,"max_hp_loss":0,"event_name":"Scrap Ooze","floor":8,"gold_loss":0},{"cards_removed":["Strike_R"],"damage_healed":0,"gold_gain":0,"player_choice":"Purged","damage_taken":0,"max_hp_gain":0,"max_hp_loss":0,"event_name":"Purifier","floor":10,"gold_loss":0}],"is_beta":false,"boss_relics":[],"items_purged_floors":[4],"is_endless":false,"potions_floor_spawned":[13],"killed_by":"Lots of Slimes","ascension_level":16}