{"gold_per_floor":[116,142,155,165,90,90,119,69,94,94,94,106,106,140,140,140],"floor_reached":16,"playtime":517,"items_purged":["Defend_R"],"score":173,"play_id":"4ab7245d-500a-413d-8538-0f0a6607aeab","local_time":"20181215201821","is_ascension_mode":true,"campfire_choices":[{"data":"Bash","floor":6,"key":"SMITH"},{"data":"Headbutt","floor":11,"key":"SMITH"},{"data":"Ghostly Armor","floor":13,"key":"SMITH"},{"data":"Ghostly Armor","floor":15,"key":"SMITH"}],"neow_cost":"NONE","seed_source_timestamp":266214861408093,"circlet_count":0,"master_deck":["AscendersBane","Strike_R","Strike_R","Strike_R","Strike_R","Defend_R","Defend_R","Defend_R","Bash+1","Ghostly Armor+1","Headbutt+1","Ghostly Armor+1"],"relics":["Burning Blood","NeowsBlessing","Happy Flower","Bag of Marbles","Boot","Ornamental Fan","Lantern"],"potions_floor_usage":[7,7],"damage_taken":[{"damage":0,"enemies":"Cultist","floor":1,"turns":1},{"damage":0,"enemies":"Jaw Worm","floor":3,"turns":1},{"damage":0,"enemies":"2 Louse","floor":4,"turns":1},{"damage":16,"enemies":"Gremlin Nob","floor":7,"turns":4},{"damage":10,"enemies":"Large Slime","floor":12,"turns":7},{"damage":21,"enemies":"Lagavulin","floor":14,"turns":6},{"damage":60,"enemies":"Slime Boss","floor":16,"turns":11}],"seed_played":"7336983752563655191","potions_obtained":[{"floor":1,"key":"Energy Potion"},{"floor":4,"key":"Weak Potion"}],"is_trial":false,"path_per_floor":["M","T","M","M","$","R","E","?","T","?","R","M","R","E","R","B"],"character_chosen":"IRONCLAD","items_purchased":[],"campfire_rested":0,"item_purchase_floors":[],"current_hp_per_floor":[78,78,80,80,80,80,70,70,70,70,70,66,66,51,51,0],"gold":140,"neow_bonus":"THREE_ENEMY_KILL","is_prod":false,"is_daily":false,"chose_seed":false,"campfire_upgraded":4,"win_rate":0,"timestamp":1544876301,"path_taken":["M","?","M","M","$","R","E","?","T","?","R","M","R","E","R","BOSS"],"build_version":"2018-12-13","purchased_purges":1,"victory":false,"max_hp_per_floor":[80,80,80,80,80,80,80,80,80,80,80,80,80,80,80,80],"card_choices":[{"not_picked":["Cleave","Headbutt"],"picked":"Ghostly Armor","floor":1},{"not_picked":["Combust","Body Slam"],"picked":"Headbutt","floor":3},{"not_picked":["Iron Wave","Thunderclap"],"picked":"Ghostly Armor","floor":4},{"not_picked":["Inflame","Reckless Charge","Shockwave"],"picked":"SKIP","floor":7},{"not_picked":["Iron Wave","Body Slam","Second Wind"],"picked":"SKIP","floor":12},{"not_picked":["True Grit","Thunderclap","Havoc"],"picked":"SKIP","floor":14}],"player_experience":578325,"relics_obtained":[{"floor":2,"key":"Happy Flower"},{"floor":7,"key":"Bag of Marbles"},{"floor":9,"key":"Boot"},{"floor":14,"key":"Lantern"}],"event_choices":[{"cards_removed":["Strike_R"],"damage_healed":0,"gold_gain":0,"player_choice":"Card Removal","damage_taken":0,"max_hp_gain":0,"max_hp_loss":0,"event_name":"The Cleric","floor":8,"gold_loss":50},{"damage_healed":0,"gold_gain":0,"player_choice":"Searched \u00271\u0027 times","damage_taken":0,"relics_obtained":["Ornamental Fan"],"max_hp_gain":0,"max_hp_loss":0,"event_name":"Dead Adventurer","floor":10,"gold_loss":0}],"is_beta":false,"boss_relics":[],"items_purged_floors":[5],"is_endless":false,"potions_floor_spawned":[1,4],"killed_by":"Slime Boss","ascension_level":12}