{"gold_per_floor":[11,11,31,48,68,95,108,108,108,134,199,209,209,209,209,283,283,299,127,140,157,157,157,192,192,192,192,204,204,234,253,253,331,331,350,364,364,380,480,480,497,497,497,497,497],"floor_reached":45,"playtime":2163,"items_purged":[],"score":907,"play_id":"d71256f2-0f5f-4740-91f5-23da56534da5","local_time":"20190611231000","is_ascension_mode":true,"campfire_choices":[{"data":"Defragment","floor":8.0,"key":"SMITH"},{"floor":13.0,"key":"REST"},{"data":"Sunder","floor":15.0,"key":"SMITH"},{"floor":23.0,"key":"REST"},{"floor":25.0,"key":"REST"},{"floor":27.0,"key":"REST"},{"floor":29.0,"key":"REST"},{"floor":32.0,"key":"REST"},{"floor":40,"key":"REST"},{"floor":42,"key":"REST"},{"floor":44,"key":"REST"}],"neow_cost":"NO_GOLD","seed_source_timestamp":865354382415150,"circlet_count":0,"master_deck":["AscendersBane","Strike_B","Strike_B","Strike_B","Defend_B","Defend_B","Defend_B","Zap","Dualcast","Defragment+1","Sunder+1","Self Repair","Glacier","Seek","Coolheaded","Undo","Buffer","Cold Snap","Cold Snap","RitualDagger","Seek","Core Surge","Conserve Battery","Chill","Recycle+1"],"special_seed":0,"relics":["Cracked Core","Mango","Ancient Tea Set","Blue Candle","Ice Cream","Bottled Lightning","Fusion Hammer","PreservedInsect","Sundial","Incense Burner","Art of War","Black Star","Ginger","Gremlin Horn"],"potions_floor_usage":[38,38,41,45],"damage_taken":[{"damage":4.0,"enemies":"Jaw Worm","floor":1.0,"turns":4.0},{"damage":1.0,"enemies":"Cultist","floor":3.0,"turns":3.0},{"damage":4.0,"enemies":"Small Slimes","floor":4.0,"turns":3.0},{"damage":27.0,"enemies":"Exordium Thugs","floor":5.0,"turns":4.0},{"damage":13.0,"enemies":"3 Sentries","floor":6.0,"turns":7.0},{"damage":2.0,"enemies":"Blue Slaver","floor":7.0,"turns":5.0},{"damage":16.0,"enemies":"Lagavulin","floor":10.0,"turns":13.0},{"damage":30.0,"enemies":"3 Sentries","floor":11.0,"turns":12.0},{"damage":1.0,"enemies":"Red Slaver","floor":12.0,"turns":4.0},{"damage":34.0,"enemies":"Slime Boss","floor":16.0,"turns":12.0},{"damage":5.0,"enemies":"Chosen","floor":18.0,"turns":5.0},{"damage":17.0,"enemies":"3 Byrds","floor":20.0,"turns":4.0},{"damage":20.0,"enemies":"Snake Plant","floor":21.0,"turns":5.0},{"damage":25.0,"enemies":"Gremlin Leader","floor":24.0,"turns":7.0},{"damage":0.0,"enemies":"Cultist and Chosen","floor":28.0,"turns":9.0},{"damage":9.0,"enemies":"Book of Stabbing","floor":30.0,"turns":5.0},{"damage":0.0,"enemies":"Snecko","floor":31.0,"turns":8.0},{"damage":10.0,"enemies":"Collector","floor":33.0,"turns":14.0},{"damage":0.0,"enemies":"Orb Walker","floor":35.0,"turns":6.0},{"damage":0.0,"enemies":"3 Shapes","floor":36.0,"turns":5.0},{"damage":30,"enemies":"Writhing Mass","floor":38,"turns":7},{"damage":0,"enemies":"Mind Bloom Boss Battle","floor":39,"turns":13},{"damage":13,"enemies":"Transient","floor":41,"turns":6},{"damage":105,"enemies":"Reptomancer","floor":45,"turns":13}],"seed_played":"-2937830703128317347","potions_obtained":[{"floor":1.0,"key":"SkillPotion"},{"floor":3.0,"key":"SteroidPotion"},{"floor":7.0,"key":"Swift Potion"},{"floor":10.0,"key":"EssenceOfSteel"},{"floor":16.0,"key":"LiquidBronze"},{"floor":20.0,"key":"Swift Potion"},{"floor":21.0,"key":"AttackPotion"},{"floor":28.0,"key":"PowerPotion"},{"floor":36.0,"key":"Fire Potion"},{"floor":38,"key":"Swift Potion"},{"floor":41,"key":"Regen Potion"}],"is_trial":false,"path_per_floor":["M","?","M","M","M","E","M","R","T","E","?","M","R","?","R","B",null,"M","$","M","M","?","R","E","R","T","R","M","R","E","M","R","B",null,"M","M","?","M","?","R","M","R","T","R","E"],"character_chosen":"DEFECT","items_purchased":["PreservedInsect"],"campfire_rested":9,"item_purchase_floors":[19],"current_hp_per_floor":[74,74,73,69,49,43,48,48,48,39,16,22,47,47,47,20,69,71,71,61,48,42,67,49,74,74,85,85,85,83,85,85,82,84,85,85,85,62,69,85,79,85,85,85,0],"gold":497,"neow_bonus":"ONE_RARE_RELIC","is_prod":false,"is_daily":false,"chose_seed":false,"campfire_upgraded":2,"win_rate":0,"timestamp":1560265800,"path_taken":["M","?","M","?","M","E","M","R","T","E","?","M","R","?","R","BOSS","M","$","M","M","?","R","E","R","T","R","M","R","E","M","R","BOSS","M","M","?","?","?","R","M","R","T","R","E"],"build_version":"2019-01-23","purchased_purges":0,"victory":false,"max_hp_per_floor":[85,85,85,85,85,85,85,85,85,85,85,85,85,85,85,85,85,85,85,85,85,85,85,85,85,85,85,85,85,85,85,85,85,85,85,85,85,85,85,85,85,85,85,85,85],"card_choices":[{"not_picked":["Steam","Ball Lightning"],"picked":"Defragment","floor":1.0},{"not_picked":["Gash","Streamline"],"picked":"Sunder","floor":3.0},{"not_picked":["Turbo","Force Field"],"picked":"Self Repair","floor":4.0},{"not_picked":["Steam","Sweeping Beam"],"picked":"Glacier","floor":5.0},{"not_picked":["FTL","Storm"],"picked":"Seek","floor":6.0},{"not_picked":["Beam Cell","Aggregate"],"picked":"Coolheaded","floor":7.0},{"not_picked":["Stack","Rebound"],"picked":"Undo","floor":10.0},{"not_picked":["Redo","Turbo","Melter"],"picked":"SKIP","floor":12.0},{"not_picked":["Multi-Cast","Machine Learning"],"picked":"Buffer","floor":16.0},{"not_picked":["Gash","Rip and Tear"],"picked":"Cold Snap","floor":18.0},{"not_picked":["Redo","Sweeping Beam"],"picked":"Cold Snap","floor":20.0},{"not_picked":["Cold Snap","Scrape","Redo"],"picked":"SKIP","floor":21.0},{"not_picked":["Consume","Steam"],"picked":"Seek","floor":24.0},{"not_picked":["Hologram","Barrage","Chaos"],"picked":"SKIP","floor":28.0},{"not_picked":["Hello World","Sweeping Beam","Hologram"],"picked":"SKIP","floor":30.0},{"not_picked":["Stack","Sweeping Beam","Go for the Eyes"],"picked":"SKIP","floor":31.0},{"not_picked":["Biased Cognition","Machine Learning"],"picked":"Core Surge","floor":33.0},{"not_picked":["Hologram","Coolheaded"],"picked":"Conserve Battery","floor":35.0},{"not_picked":["Reinforced Body","Gash","Redo"],"picked":"SKIP","floor":36.0},{"not_picked":["Beam Cell","Hello World"],"picked":"Chill","floor":38},{"not_picked":["Aggregate","Multi-Cast"],"picked":"Recycle+1","floor":39},{"not_picked":["Reinforced Body","Steam+1","Cold Snap"],"picked":"SKIP","floor":41}],"player_experience":667056,"relics_obtained":[{"floor":6.0,"key":"Ancient Tea Set"},{"floor":9.0,"key":"Blue Candle"},{"floor":10.0,"key":"Ice Cream"},{"floor":11.0,"key":"Bottled Lightning"},{"floor":24.0,"key":"Sundial"},{"floor":26.0,"key":"Incense Burner"},{"floor":30.0,"key":"Art of War"},{"floor":39,"key":"Ginger"},{"floor":43,"key":"Gremlin Horn"}],"event_choices":[{"cards_removed":["Strike_B"],"damage_healed":0.0,"max_hp_gain":0.0,"max_hp_loss":0.0,"gold_gain":0.0,"event_name":"Bonfire Elementals","player_choice":"Offered Basic","floor":2.0,"gold_loss":0.0,"damage_taken":0.0},{"damage_healed":0.0,"max_hp_gain":0.0,"max_hp_loss":0.0,"gold_gain":30.0,"event_name":"Dead Adventurer","player_choice":"Searched \u00272\u0027 times","floor":11.0,"gold_loss":0.0,"damage_taken":0.0},{"cards_removed":["Defend_B"],"damage_healed":0.0,"max_hp_gain":0.0,"max_hp_loss":0.0,"gold_gain":0.0,"event_name":"Purifier","player_choice":"Purged","floor":14.0,"gold_loss":0.0,"damage_taken":0.0},{"damage_healed":0.0,"max_hp_gain":0.0,"max_hp_loss":0.0,"gold_gain":0.0,"event_name":"Nest","player_choice":"Joined the Cult","floor":22.0,"gold_loss":0.0,"damage_taken":6.0,"cards_obtained":["RitualDagger"]},{"damage_healed":0.0,"max_hp_gain":0.0,"max_hp_loss":0.0,"gold_gain":0.0,"event_name":"SecretPortal","player_choice":"Ignored","floor":37.0,"gold_loss":0.0,"damage_taken":0.0},{"damage_healed":0,"gold_gain":0,"player_choice":"Fight","damage_taken":0,"max_hp_gain":0,"max_hp_loss":0,"event_name":"MindBloom","floor":39,"gold_loss":0}],"is_beta":false,"boss_relics":[{"not_picked":["FrozenCore","Coffee Dripper"],"picked":"Fusion Hammer"},{"not_picked":["Snecko Eye","Runic Pyramid"],"picked":"Black Star"}],"items_purged_floors":[],"is_endless":false,"potions_floor_spawned":[1,3,7,10,16,20,21,24,28,36,38,41],"killed_by":"Reptomancer","ascension_level":19}