{"gold_per_floor":[116,116,41,141,151,180,180,237,287,287,247,247,108,123,123,218,218,203,203,78,78,90,115,115,125,125,46,46,46,61,72,72,72],"floor_reached":33,"playtime":3226,"items_purged":["Strike_R","Strike_R","Decay"],"score":261,"play_id":"36f4d43f-9ea1-420b-9dfc-16314f42cc36","local_time":"20180720092817","is_ascension_mode":false,"campfire_choices":[{"data":"Searing Blow","floor":7,"key":"SMITH"},{"data":"Searing Blow+1","floor":10,"key":"SMITH"},{"data":"Armaments","floor":12,"key":"SMITH"},{"data":"Seeing Red","floor":15,"key":"SMITH"},{"data":"Searing Blow+2","floor":24,"key":"SMITH"},{"data":"Searing Blow+3","floor":28,"key":"SMITH"},{"data":"Searing Blow+4","floor":32,"key":"SMITH"}],"neow_cost":"CURSE","seed_source_timestamp":39931779478973,"circlet_count":0,"master_deck":["Strike_R","Strike_R","Strike_R","Defend_R","Defend_R","Defend_R","Defend_R","Bash","Searing Blow+5","Armaments+1","Seeing Red+1","Headbutt","Reaper","Shrug It Off","Battle Trance","Blood for Blood","Infernal Blade","Burning Pact","Rampage"],"relics":["Burning Blood","Ice Cream","Letter Opener","Juzu Bracelet","Dream Catcher","Busted Crown","Orichalcum","Bottled Lightning"],"potions_floor_usage":[8,16,33,33],"damage_taken":[{"damage":3,"enemies":"2 Louse","floor":1,"turns":3},{"damage":3,"enemies":"Cultist","floor":5,"turns":3},{"damage":40,"enemies":"3 Sentries","floor":6,"turns":11},{"damage":23,"enemies":"3 Sentries","floor":8,"turns":10},{"damage":3,"enemies":"Jaw Worm","floor":14,"turns":3},{"damage":19,"enemies":"Slime Boss","floor":16,"turns":12},{"damage":22,"enemies":"2 Thieves","floor":18,"turns":4},{"damage":14,"enemies":"Spheric Guardian","floor":22,"turns":4},{"damage":21,"enemies":"Slavers","floor":23,"turns":5},{"damage":16,"enemies":"Snake Plant","floor":25,"turns":4},{"damage":18,"enemies":"Sentry and Sphere","floor":30,"turns":5},{"damage":10,"enemies":"Snecko","floor":31,"turns":3},{"damage":107,"enemies":"Collector","floor":33,"turns":9}],"seed_played":"8584575729841771538","potions_obtained":[{"floor":5,"key":"Ancient Potion"},{"floor":6,"key":"Fruit Juice"},{"floor":11,"key":"FairyPotion"},{"floor":11,"key":"GamblersBrew"},{"floor":11,"key":"SkillPotion"},{"floor":14,"key":"EssenceOfSteel"},{"floor":30,"key":"Poison Potion"},{"floor":31,"key":"Fruit Juice"}],"is_trial":false,"path_per_floor":["M","?","$","?","M","E","R","?","T","R","?","R","$","M","R","B",null,"M","?","$","?","M","E","R","M","T","$","R","$","M","M","R"],"character_chosen":"IRONCLAD","items_purchased":["Seeing Red","Rampage"],"campfire_rested":0,"item_purchase_floors":[13,27],"current_hp_per_floor":[80,80,80,80,80,46,46,34,34,34,34,34,34,37,37,24,85,81,81,81,81,78,71,71,61,61,61,61,61,49,49,49,0],"gold":72,"neow_bonus":"ONE_RARE_RELIC","is_prod":false,"is_daily":false,"chose_seed":false,"campfire_upgraded":7,"win_rate":0,"timestamp":1532050097,"path_taken":["M","?","$","?","M","E","R","?","T","R","?","R","$","M","R","BOSS","M","?","?","?","M","E","R","M","T","?","R","$","M","M","R","BOSS"],"build_version":"2018-07-19","purchased_purges":3,"victory":false,"max_hp_per_floor":[80,80,80,80,80,80,80,85,85,85,85,85,85,85,85,85,85,85,85,85,85,85,85,85,85,85,85,85,85,85,85,85,90],"card_choices":[{"not_picked":["Pommel Strike","Uppercut"],"picked":"Searing Blow","floor":1},{"not_picked":["Sever Soul","Clash","Twin Strike"],"picked":"SKIP","floor":5},{"not_picked":["Whirlwind","Pummel"],"picked":"Second Wind","floor":6},{"not_picked":["Flex","Body Slam"],"picked":"Armaments","floor":8},{"not_picked":["Battle Trance","Heavy Blade"],"picked":"Headbutt","floor":14},{"not_picked":["Brutality","Demon Form"],"picked":"Reaper","floor":16},{"not_picked":[],"picked":"Shrug It Off","floor":18},{"not_picked":[],"picked":"Infernal Blade","floor":22},{"not_picked":["Sword Boomerang"],"picked":"SKIP","floor":23},{"not_picked":[],"picked":"Burning Pact","floor":25},{"not_picked":["Flex+1"],"picked":"SKIP","floor":30},{"not_picked":["Twin Strike"],"picked":"SKIP","floor":31}],"player_experience":154840,"relics_obtained":[{"floor":6,"key":"Letter Opener"},{"floor":8,"key":"Juzu Bracelet"},{"floor":9,"key":"Dream Catcher"},{"floor":23,"key":"Orichalcum"},{"floor":26,"key":"Bottled Lightning"}],"event_choices":[{"event_name":"Accursed Blacksmith","player_choice":"Ignore","floor":2,"damage_taken":0},{"event_name":"Golden Shrine","player_choice":"Pray","floor":4,"damage_taken":0},{"event_name":"Dead Adventurer","player_choice":"Searched \u00271\u0027 times","floor":8,"damage_taken":0},{"event_name":"The Woman in Blue","player_choice":"Bought 3 Potions","floor":11,"damage_taken":0},{"event_name":"The Library","player_choice":"Read","floor":19,"damage_taken":0},{"event_name":"Transmorgrifier","player_choice":"Transform","floor":21,"damage_taken":0}],"is_beta":false,"boss_relics":[{"not_picked":["Astrolabe","Cursed Key"],"picked":"Busted Crown"}],"items_purged_floors":[3,13,20],"is_endless":false,"potions_floor_spawned":[5,6,14,30,31],"killed_by":"Collector","ascension_level":0}