{"gold_per_floor":[117,130,140,140,140,140,161,184,184,184,199,230,230,251,251,377,377,393,408,323,323,323,352,372,372],"floor_reached":25,"playtime":1492,"items_purged":[],"score":225,"play_id":"9c590561-b0b9-4e07-bf41-816092083c12","local_time":"20180816171536","is_ascension_mode":false,"campfire_choices":[{"data":"Dualcast","floor":6,"key":"SMITH"},{"data":"Zap","floor":10,"key":"SMITH"},{"data":"Hologram","floor":13,"key":"SMITH"},{"data":"Buffer","floor":15,"key":"SMITH"}],"neow_cost":"","seed_source_timestamp":32795830175412,"circlet_count":0,"master_deck":["Strike_B","Strike_B","Strike_B","Strike_B+1","Defend_B","Defend_B","Defend_B","Defend_B+1","Zap+1","Dualcast+1","Sweeping Beam","Hologram+1","FTL","Chill","Conserve Battery","Rebound","FTL","Buffer+1","Fission","Cold Snap","Conserve Battery","Melter","Gash"],"relics":["Cracked Core","Bloody Idol","Ornamental Fan","Bottled Lightning","Inserter","Cables","Bottled Tornado","DataDisk"],"potions_floor_usage":[16,24],"damage_taken":[{"damage":1,"enemies":"Jaw Worm","floor":1,"turns":3},{"damage":0,"enemies":"Small Slimes","floor":2,"turns":2},{"damage":6,"enemies":"2 Louse","floor":3,"turns":2},{"damage":0,"enemies":"2 Fungi Beasts","floor":7,"turns":2},{"damage":0,"enemies":"Red Slaver","floor":8,"turns":3},{"damage":0,"enemies":"Gremlin Gang","floor":11,"turns":4},{"damage":2,"enemies":"3 Sentries","floor":12,"turns":6},{"damage":0,"enemies":"Looter","floor":14,"turns":3},{"damage":46,"enemies":"The Guardian","floor":16,"turns":10},{"damage":14,"enemies":"3 Byrds","floor":18,"turns":6},{"damage":8,"enemies":"2 Thieves","floor":19,"turns":4},{"damage":37,"enemies":"Slavers","floor":23,"turns":7},{"damage":0,"enemies":"Sentry and Sphere","floor":24,"turns":3},{"damage":20,"enemies":"Snecko","floor":25,"turns":9}],"seed_played":"-7967305974801760309","potions_obtained":[{"floor":3,"key":"Explosive Potion"},{"floor":12,"key":"FocusPotion"},{"floor":16,"key":"Swift Potion"},{"floor":19,"key":"SteroidPotion"}],"is_trial":false,"path_per_floor":["M","M","M","?","?","R","M","M","T","R","M","E","R","M","R","B",null,"M","M","?","T","?","E","M"],"character_chosen":"DEFECT","items_purchased":[],"campfire_rested":0,"item_purchase_floors":[],"current_hp_per_floor":[74,74,68,53,53,53,53,53,53,53,53,51,51,51,51,5,69,55,47,47,47,47,15,20,0],"gold":372,"neow_bonus":"","is_prod":false,"is_daily":false,"chose_seed":false,"campfire_upgraded":4,"win_rate":0,"timestamp":1534410936,"path_taken":["M","M","M","?","?","R","?","M","T","R","M","E","R","M","R","BOSS","M","?","?","?","?","E","M","M"],"build_version":"2018-08-09","purchased_purges":0,"victory":false,"max_hp_per_floor":[75,75,75,75,69,69,69,69,69,69,69,69,69,69,69,69,69,69,69,69,69,69,69,69,69],"card_choices":[{"not_picked":["Auto Shields","Go for the Eyes"],"picked":"Sweeping Beam","floor":1},{"not_picked":["Stack","Redo"],"picked":"Hologram","floor":2},{"not_picked":["Chaos","BootSequence"],"picked":"FTL","floor":3},{"not_picked":["Cold Snap","Streamline"],"picked":"Chill","floor":7},{"not_picked":["Leap","Heatsinks"],"picked":"Conserve Battery","floor":8},{"not_picked":["Streamline","Doom and Gloom"],"picked":"Rebound","floor":11},{"not_picked":["Hello World","Streamline"],"picked":"FTL","floor":12},{"not_picked":["Go for the Eyes","Chaos"],"picked":"Buffer","floor":14},{"not_picked":["All For One","Biased Cognition"],"picked":"Fission","floor":16},{"not_picked":["Rebound","Barrage"],"picked":"Cold Snap","floor":18},{"not_picked":["Steam Power","Rebound"],"picked":"Conserve Battery","floor":19},{"not_picked":["Turbo","Coolheaded"],"picked":"Melter","floor":23},{"not_picked":["Redo","Hologram"],"picked":"Gash","floor":24}],"player_experience":478580,"relics_obtained":[{"floor":9,"key":"Ornamental Fan"},{"floor":12,"key":"Bottled Lightning"},{"floor":21,"key":"Bottled Tornado"},{"floor":23,"key":"DataDisk"}],"event_choices":[{"event_name":"Shining Light","player_choice":"Entered Light","floor":4,"damage_taken":0},{"event_name":"Golden Idol","player_choice":"Lose Max HP","floor":5,"damage_taken":0},{"event_name":"Addict","player_choice":"Obtained Relic","floor":20,"damage_taken":0},{"event_name":"Forgotten Altar","player_choice":"Gave Idol","floor":22,"damage_taken":0}],"is_beta":false,"boss_relics":[{"not_picked":["Pandora\u0027s Box","Cursed Key"],"picked":"Inserter"}],"items_purged_floors":[],"is_endless":false,"potions_floor_spawned":[3,12,16,19,23],"killed_by":"Snecko","ascension_level":0}