{"gold_per_floor":[110,129,129,129,129,129,129,129,129,163,88,124,24,48,48,143,143,162,181,97,97],"floor_reached":21,"playtime":1265,"items_purged":["Strike_R","Strike_R"],"score":342,"play_id":"34383795-c3f9-4741-9a76-49e3c58f6e42","local_time":"20190113102140","is_ascension_mode":true,"campfire_choices":[{"data":"Bash","floor":6,"key":"SMITH"},{"data":"True Grit","floor":8,"key":"SMITH"},{"data":"Ghostly Armor","floor":15,"key":"SMITH"}],"neow_cost":"NONE","seed_source_timestamp":41976001639095,"circlet_count":0,"master_deck":["AscendersBane","Strike_R","Strike_R","Defend_R","Defend_R","Defend_R","Bash+1","True Grit+1","Inflame","Dropkick","Ghostly Armor+1","Rampage","Pommel Strike","Dropkick"],"relics":["Black Blood","Golden Idol","Ornamental Fan","Art of War","Bronze Scales"],"potions_floor_usage":[10,16,18],"damage_taken":[{"damage":10,"enemies":"Cultist","floor":1,"turns":5},{"damage":3,"enemies":"2 Louse","floor":2,"turns":4},{"damage":16,"enemies":"Gremlin Nob","floor":10,"turns":3},{"damage":16,"enemies":"Lagavulin","floor":12,"turns":4},{"damage":0,"enemies":"Small Slimes","floor":14,"turns":4},{"damage":35,"enemies":"The Guardian","floor":16,"turns":13},{"damage":18,"enemies":"Chosen","floor":18,"turns":7},{"damage":34,"enemies":"3 Byrds","floor":19,"turns":5},{"damage":36,"enemies":"Centurion and Healer","floor":21,"turns":4}],"seed_played":"-8723141774042915813","potions_obtained":[{"floor":1,"key":"SteroidPotion"},{"floor":10,"key":"Dexterity Potion"},{"floor":16,"key":"Weak Potion"},{"floor":19,"key":"FearPotion"}],"is_trial":false,"path_per_floor":["M","M","?","?","?","R","?","R","T","E","$","E","$","M","R","B",null,"M","M","$","M"],"character_chosen":"IRONCLAD","items_purchased":["Dropkick"],"campfire_rested":0,"item_purchase_floors":[20],"current_hp_per_floor":[64,67,67,67,60,60,60,60,60,50,50,40,40,46,46,17,55,47,23,23,0],"gold":97,"neow_bonus":"THREE_CARDS","is_prod":false,"is_daily":false,"chose_seed":false,"campfire_upgraded":3,"win_rate":0,"timestamp":1547346100,"path_taken":["M","M","?","?","?","R","?","R","T","E","$","E","$","M","R","BOSS","M","M","$","M"],"build_version":"2019-01-10","purchased_purges":2,"victory":false,"max_hp_per_floor":[75,75,68,68,68,68,68,68,68,68,68,68,68,68,68,68,68,68,68,68,68],"card_choices":[{"not_picked":["Searing Blow","Heavy Blade"],"picked":"True Grit","floor":0},{"not_picked":["Corruption","Armaments","Fire Breathing"],"picked":"SKIP","floor":1},{"not_picked":["Body Slam","True Grit"],"picked":"Inflame","floor":2},{"not_picked":["Fiend Fire","Iron Wave"],"picked":"Dropkick","floor":10},{"not_picked":["Clash","Anger"],"picked":"Ghostly Armor","floor":12},{"not_picked":["Clothesline","Hemokinesis","Disarm"],"picked":"SKIP","floor":14},{"not_picked":["Anger","Uppercut"],"picked":"Rampage","floor":18},{"not_picked":["Clash","True Grit"],"picked":"Pommel Strike","floor":19}],"player_experience":664351,"relics_obtained":[{"floor":9,"key":"Ornamental Fan"},{"floor":10,"key":"Art of War"},{"floor":12,"key":"Bronze Scales"}],"event_choices":[{"damage_healed":0,"gold_gain":0,"player_choice":"Lose Max HP","damage_taken":0,"relics_obtained":["Golden Idol"],"max_hp_gain":0,"max_hp_loss":7,"event_name":"Golden Idol","floor":3,"gold_loss":0},{"cards_removed":["Strike_R"],"damage_healed":0,"gold_gain":0,"player_choice":"Forget","damage_taken":0,"max_hp_gain":0,"max_hp_loss":0,"event_name":"Living Wall","floor":4,"gold_loss":0},{"cards_removed":["Defend_R"],"damage_healed":0,"gold_gain":0,"player_choice":"Card Removal","damage_taken":7,"max_hp_gain":0,"max_hp_loss":0,"event_name":"Golden Wing","floor":5,"gold_loss":0},{"damage_healed":0,"gold_gain":0,"player_choice":"Ignored","damage_taken":0,"max_hp_gain":0,"max_hp_loss":0,"event_name":"Liars Game","floor":7,"gold_loss":0}],"is_beta":false,"boss_relics":[{"not_picked":["Astrolabe","White Beast Statue"],"picked":"Black Blood"}],"items_purged_floors":[11,13],"is_endless":false,"potions_floor_spawned":[1,10,16,19],"killed_by":"Centurion and Healer","ascension_level":17}