{"gold_per_floor":[113,133,150,165,165,165,165,15,15,15,29,49,69,89,89,186,186,206,131,131,51,51,51,63,63,89,89],"floor_reached":27,"playtime":1650,"items_purged":["Defend_R"],"score":205,"play_id":"be58d8fb-61cd-420c-bbfc-8a07e7b6a68a","local_time":"20190608014347","is_ascension_mode":false,"campfire_choices":[{"data":"Armaments","floor":6,"key":"SMITH"},{"data":"Demon Form","floor":10,"key":"SMITH"},{"data":"Shrug It Off","floor":15,"key":"SMITH"},{"data":"Berserk","floor":23,"key":"SMITH"},{"floor":25,"key":"REST"}],"neow_cost":"NONE","seed_source_timestamp":542129442160400,"circlet_count":0,"master_deck":["Strike_R","Strike_R","Defend_R","Defend_R","Defend_R","Bash","Demon Form+1","Shrug It Off","Armaments+1","Clash","Pommel Strike","Combust","Double Tap","Infernal Blade","Shrug It Off+1","Berserk+1","Heavy Blade","Rampage","Bloodletting","Burning Pact"],"relics":["Burning Blood"],"potions_floor_usage":[16,16,27,27],"damage_taken":[{"damage":10,"enemies":"Jaw Worm","floor":1,"turns":6},{"damage":1,"enemies":"Cultist","floor":2,"turns":4},{"damage":2,"enemies":"2 Louse","floor":3,"turns":3},{"damage":16,"enemies":"Exordium Wildlife","floor":4,"turns":4},{"damage":10,"enemies":"2 Fungi Beasts","floor":11,"turns":3},{"damage":5,"enemies":"Looter","floor":12,"turns":4},{"damage":16,"enemies":"Exordium Wildlife","floor":13,"turns":4},{"damage":2,"enemies":"Blue Slaver","floor":14,"turns":3},{"damage":54,"enemies":"Hexaghost","floor":16,"turns":6},{"damage":12,"enemies":"Shell Parasite","floor":18,"turns":5},{"damage":26,"enemies":"Spheric Guardian","floor":24,"turns":4},{"damage":92,"enemies":"Book of Stabbing","floor":27,"turns":7}],"seed_played":"-8186881033974268525","potions_obtained":[{"floor":1,"key":"Regen Potion"},{"floor":3,"key":"Regen Potion"},{"floor":14,"key":"SteroidPotion"},{"floor":16,"key":"Dexterity Potion"}],"is_trial":false,"path_per_floor":["M","M","M","M","?","R","T","$","T","R","M","M","M","M","R","B",null,"M","?","?","$","?","R","M","R","T","E"],"character_chosen":"IRONCLAD","items_purchased":["Combust","Rampage"],"campfire_rested":1,"item_purchase_floors":[8,21],"current_hp_per_floor":[76,80,80,70,70,70,70,70,70,70,66,67,57,61,61,25,80,74,74,74,74,74,74,54,78,78,0],"gold":89,"neow_bonus":"ONE_RANDOM_RARE_CARD","is_prod":false,"is_daily":false,"chose_seed":false,"campfire_upgraded":4,"win_rate":0,"timestamp":1559969027,"path_taken":["M","M","M","M","?","R","?","$","T","R","M","M","M","?","R","BOSS","M","?","?","?","?","R","M","R","T","E"],"build_version":"2019-01-23","purchased_purges":1,"victory":false,"max_hp_per_floor":[80,80,80,80,80,80,80,80,80,80,80,80,80,80,80,80,80,80,80,80,80,80,80,80,80,80,80],"card_choices":[{"not_picked":["Ghostly Armor","True Grit"],"picked":"Shrug It Off","floor":1},{"not_picked":["Intimidate","Carnage"],"picked":"Armaments","floor":2},{"not_picked":["Cleave","Pummel"],"picked":"Clash","floor":3},{"not_picked":["Anger","Havoc"],"picked":"Pommel Strike","floor":4},{"not_picked":["Cleave","Inflame"],"picked":"Double Tap","floor":11},{"not_picked":["Hemokinesis","Perfected Strike"],"picked":"Infernal Blade","floor":12},{"not_picked":["Pommel Strike","Havoc","Seeing Red"],"picked":"SKIP","floor":13},{"not_picked":["Burning Pact","Corruption"],"picked":"Shrug It Off","floor":14},{"not_picked":["Immolate","Demon Form"],"picked":"Berserk","floor":16},{"not_picked":["Wild Strike+1","Warcry"],"picked":"Heavy Blade","floor":18},{"not_picked":["Perfected Strike","Havoc+1","Searing Blow"],"picked":"SKIP","floor":24}],"player_experience":225435,"relics_obtained":[],"event_choices":[{"damage_healed":0,"gold_gain":0,"player_choice":"Ignored","damage_taken":0,"max_hp_gain":0,"max_hp_loss":0,"event_name":"Liars Game","floor":5,"gold_loss":0},{"cards_removed":["Strike_R"],"damage_healed":0,"gold_gain":0,"player_choice":"Gave Gold","damage_taken":0,"max_hp_gain":0,"max_hp_loss":0,"event_name":"Beggar","floor":19,"gold_loss":75},{"damage_healed":0,"gold_gain":0,"player_choice":"Ignored","damage_taken":0,"max_hp_gain":0,"max_hp_loss":0,"event_name":"Ghosts","floor":20,"gold_loss":0},{"damage_healed":0,"gold_gain":0,"cards_transformed":["Strike_R","Strike_R"],"player_choice":"Became Test Subject","damage_taken":0,"max_hp_gain":0,"max_hp_loss":0,"event_name":"Drug Dealer","floor":22,"gold_loss":0,"cards_obtained":["Bloodletting","Burning Pact"]}],"is_beta":false,"boss_relics":[{"not_picked":["Sozu","Black Blood","Mark of Pain"]}],"items_purged_floors":[8],"is_endless":false,"potions_floor_spawned":[1,3,14,16],"killed_by":"Book of Stabbing","ascension_level":0}