{"gold_per_floor":[115,40,60,77,91,91,67,99,123,150,150,150,184,184],"floor_reached":14,"playtime":573,"items_purged":["Strike_R"],"score":173,"play_id":"301df095-07b8-431d-8720-d593fad58433","local_time":"20181215130307","is_ascension_mode":true,"campfire_choices":[{"data":"Bash","floor":6,"key":"SMITH"},{"data":"Cleave","floor":12,"key":"SMITH"}],"neow_cost":"NONE","seed_source_timestamp":240043996968227,"circlet_count":0,"master_deck":["AscendersBane","Strike_R","Strike_R","Strike_R","Defend_R","Defend_R","Defend_R","Defend_R","Bash+1","Forethought","Clash","Rupture","Cleave+1"],"relics":["Burning Blood","Red Skull","Ancient Tea Set","Strawberry","Dream Catcher"],"potions_floor_usage":[10,13,13],"damage_taken":[{"damage":1,"enemies":"Cultist","floor":1,"turns":3},{"damage":4,"enemies":"Small Slimes","floor":3,"turns":4},{"damage":6,"enemies":"Jaw Worm","floor":4,"turns":4},{"damage":12,"enemies":"Gremlin Gang","floor":5,"turns":7},{"damage":30,"enemies":"Gremlin Nob","floor":8,"turns":4},{"damage":30,"enemies":"Lagavulin","floor":10,"turns":6},{"damage":40,"enemies":"3 Sentries","floor":13,"turns":6},{"damage":23,"enemies":"Exordium Thugs","floor":14,"turns":2}],"seed_played":"3825470489767685515","potions_obtained":[{"floor":1,"key":"Swift Potion"},{"floor":8,"key":"Regen Potion"},{"floor":10,"key":"Regen Potion"}],"is_trial":false,"path_per_floor":["M","$","M","M","M","R","$","E","T","E","?","R","E","M"],"character_chosen":"IRONCLAD","items_purchased":["Cleave"],"campfire_rested":0,"item_purchase_floors":[7],"current_hp_per_floor":[77,77,79,79,73,73,73,49,49,46,39,39,17,0],"gold":184,"neow_bonus":"RANDOM_COLORLESS","is_prod":false,"is_daily":false,"chose_seed":false,"campfire_upgraded":2,"win_rate":0,"timestamp":1544850187,"path_taken":["M","$","M","?","M","R","$","E","T","E","?","R","E","M"],"build_version":"2018-12-13","purchased_purges":1,"victory":false,"max_hp_per_floor":[80,80,80,80,80,80,80,80,80,87,87,87,87,87],"card_choices":[{"not_picked":["Dual Wield","Warcry","Sentinel"],"picked":"SKIP","floor":1},{"not_picked":["Blood for Blood","Wild Strike","Perfected Strike"],"picked":"SKIP","floor":3},{"not_picked":["Flex","Shrug It Off"],"picked":"Clash","floor":4},{"not_picked":["Flex","Cleave"],"picked":"Rupture","floor":5},{"not_picked":["Anger","Shockwave","Wild Strike"],"picked":"SKIP","floor":8},{"not_picked":["Shockwave","Second Wind","Rage"],"picked":"SKIP","floor":10},{"not_picked":["Intimidate","Havoc","Rage"],"picked":"SKIP","floor":13}],"player_experience":570360,"relics_obtained":[{"floor":8,"key":"Red Skull"},{"floor":9,"key":"Ancient Tea Set"},{"floor":10,"key":"Strawberry"},{"floor":13,"key":"Dream Catcher"}],"event_choices":[{"cards_removed":["Strike_R"],"damage_healed":0,"gold_gain":0,"player_choice":"Card Removal","damage_taken":7,"max_hp_gain":0,"max_hp_loss":0,"event_name":"Golden Wing","floor":11,"gold_loss":0}],"is_beta":false,"boss_relics":[],"items_purged_floors":[2],"is_endless":false,"potions_floor_spawned":[1,8,10],"killed_by":"Exordium Thugs","ascension_level":12}