{"gold_per_floor":[114,39,50,50,69,69,89,89,115,115,130,146,201,278,278,278],"floor_reached":16,"playtime":685,"items_purged":["Strike_B"],"score":122,"play_id":"5054c4c3-cf64-4abf-b9d8-98e99fdbaba4","local_time":"20180725095113","is_ascension_mode":true,"campfire_choices":[{"data":"Zap","floor":6,"key":"SMITH"},{"data":"Chill","floor":8,"key":"SMITH"},{"data":"Dualcast","floor":10,"key":"SMITH"},{"data":"Barrage","floor":15,"key":"SMITH"}],"neow_cost":"","seed_source_timestamp":303128837863999,"circlet_count":0,"master_deck":["Strike_B","Strike_B","Strike_B","Defend_B","Defend_B","Defend_B","Defend_B","Zap+1","Dualcast+1","Chill+1","Conserve Battery","Capacitor","Ball Lightning","Conserve Battery","Barrage+1","Beam Cell"],"relics":["Cracked Core","Omamori","Tiny Chest","Pantograph"],"potions_floor_usage":[12,16],"damage_taken":[{"damage":1,"enemies":"Cultist","floor":1,"turns":3},{"damage":0,"enemies":"Small Slimes","floor":3,"turns":3},{"damage":0,"enemies":"Jaw Worm","floor":5,"turns":3},{"damage":9,"enemies":"3 Louse","floor":7,"turns":4},{"damage":0,"enemies":"Gremlin Gang","floor":11,"turns":5},{"damage":0,"enemies":"Exordium Thugs","floor":12,"turns":5},{"damage":51,"enemies":"Gremlin Nob","floor":13,"turns":5},{"damage":43,"enemies":"Hexaghost","floor":16,"turns":9}],"seed_played":"-5655603389739545296","potions_obtained":[{"floor":5,"key":"Explosive Potion"},{"floor":11,"key":"Fire Potion"}],"is_trial":false,"path_per_floor":["M","$","M","?","M","R","M","R","T","R","M","M","E","T","R"],"character_chosen":"DEFECT","items_purchased":[],"campfire_rested":0,"item_purchase_floors":[],"current_hp_per_floor":[74,74,74,74,74,74,65,65,65,65,65,65,14,14,14,0],"gold":278,"neow_bonus":"","is_prod":false,"is_daily":false,"chose_seed":false,"campfire_upgraded":4,"win_rate":0,"timestamp":1532483473,"path_taken":["M","$","M","?","M","R","M","R","T","R","M","?","E","?","R","BOSS"],"build_version":"2018-07-19v2","purchased_purges":1,"victory":false,"max_hp_per_floor":[75,75,75,75,75,75,75,75,75,75,75,75,75,75,75,75],"card_choices":[{"not_picked":["Compile Driver","Rebound"],"picked":"Chill","floor":1},{"not_picked":["Stack","Sweeping Beam"],"picked":"Conserve Battery","floor":3},{"not_picked":["Stack","Double Energy"],"picked":"Capacitor","floor":5},{"not_picked":["Beam Cell","Streamline"],"picked":"Ball Lightning","floor":7},{"not_picked":["Fission","Reinforced Body"],"picked":"Conserve Battery","floor":11},{"not_picked":["Capacitor","Auto Shields"],"picked":"Barrage","floor":12},{"not_picked":["Reinforced Body","Redo"],"picked":"Beam Cell","floor":13}],"player_experience":236482,"relics_obtained":[{"floor":9,"key":"Omamori"},{"floor":13,"key":"Tiny Chest"},{"floor":14,"key":"Pantograph"}],"event_choices":[{"event_name":"Golden Idol","player_choice":"Ignored","floor":4,"damage_taken":0}],"is_beta":false,"boss_relics":[],"items_purged_floors":[2],"is_endless":false,"potions_floor_spawned":[5,11],"killed_by":"Hexaghost","ascension_level":4}