{"gold_per_floor":[110,35,55,73,84,84,104,131,201,211,211,228,228,245,245,346,346,361,261,261],"floor_reached":20,"playtime":1612,"items_purged":["Strike_R","Strike_R"],"score":285,"play_id":"9cdf6600-f910-4164-b804-b2ea2e9fbb52","local_time":"20181214104013","is_ascension_mode":true,"campfire_choices":[{"data":"Flame Barrier","floor":6.0,"key":"SMITH"},{"data":"Body Slam","floor":11.0,"key":"SMITH"},{"data":"Body Slam","floor":13.0,"key":"SMITH"},{"floor":15.0,"key":"REST"}],"neow_cost":"NONE","seed_source_timestamp":0,"circlet_count":0,"master_deck":["AscendersBane","Defend_R","Defend_R","Defend_R","Defend_R","Bash","Impervious","Cleave","Body Slam+1","Flame Barrier+1","Spot Weakness","Juggernaut","Iron Wave","Body Slam+1","Barricade","Berserk"],"special_seed":0,"relics":["Burning Blood","Strawberry","Shuriken","Empty Cage"],"potions_floor_usage":[18,20],"damage_taken":[{"damage":11.0,"enemies":"Small Slimes","floor":1.0,"turns":4.0},{"damage":1.0,"enemies":"Cultist","floor":3.0,"turns":3.0},{"damage":0.0,"enemies":"2 Louse","floor":4.0,"turns":3.0},{"damage":11.0,"enemies":"Looter","floor":5.0,"turns":4.0},{"damage":1.0,"enemies":"2 Fungi Beasts","floor":7.0,"turns":4.0},{"damage":64.0,"enemies":"Lagavulin","floor":8.0,"turns":14.0},{"damage":11.0,"enemies":"Exordium Wildlife","floor":10.0,"turns":4.0},{"damage":0.0,"enemies":"Red Slaver","floor":12.0,"turns":3.0},{"damage":13.0,"enemies":"Large Slime","floor":14.0,"turns":7.0},{"damage":45.0,"enemies":"Hexaghost","floor":16.0,"turns":13.0},{"damage":0,"enemies":"Chosen","floor":18,"turns":5},{"damage":41,"enemies":"Colosseum Slavers","floor":20,"turns":4},{"damage":67,"enemies":"Colosseum Nobs","floor":20,"turns":3}],"seed_played":"9203116018114937070","potions_obtained":[{"floor":4.0,"key":"FearPotion"},{"floor":7.0,"key":"SpeedPotion"},{"floor":14.0,"key":"Explosive Potion"}],"is_trial":false,"path_per_floor":["M","$","M","M","M","R","M","E","T","M","R","M","R","M","R","B",null,"M","$","?"],"character_chosen":"IRONCLAD","items_purchased":[],"campfire_rested":1,"item_purchase_floors":[],"current_hp_per_floor":[67,67,72,78,73,73,78,27,27,22,22,28,28,21,47,8,67,73,73,0],"gold":261,"neow_bonus":"TRANSFORM_CARD","is_prod":false,"is_daily":false,"chose_seed":false,"campfire_upgraded":3,"win_rate":0,"timestamp":1544755213,"path_taken":["M","$","M","M","M","R","M","E","T","M","R","M","R","M","R","BOSS","M","$","?"],"build_version":"2018-12-13","purchased_purges":2,"victory":false,"max_hp_per_floor":[80,80,80,80,80,80,80,87,87,87,87,87,87,87,87,87,87,87,87,87],"card_choices":[{"not_picked":["Warcry","Wild Strike"],"picked":"Cleave","floor":1.0},{"not_picked":["Heavy Blade","Searing Blow","Sentinel"],"picked":"SKIP","floor":3.0},{"not_picked":["Heavy Blade","Disarm"],"picked":"Body Slam","floor":4.0},{"not_picked":["Clothesline","Metallicize"],"picked":"Flame Barrier","floor":5.0},{"not_picked":["Clothesline","Clash"],"picked":"Spot Weakness","floor":7.0},{"not_picked":["Combust","Inflame"],"picked":"Juggernaut","floor":8.0},{"not_picked":["Perfected Strike","Reckless Charge"],"picked":"Iron Wave","floor":10.0},{"not_picked":["Carnage","Heavy Blade"],"picked":"Body Slam","floor":12.0},{"not_picked":["Rampage","Corruption"],"picked":"Barricade","floor":14.0},{"not_picked":["Fiend Fire","Barricade"],"picked":"Berserk","floor":16.0},{"not_picked":["Wild Strike","Blood for Blood","Twin Strike"],"picked":"SKIP","floor":18}],"player_experience":559960,"relics_obtained":[{"floor":8.0,"key":"Strawberry"},{"floor":9.0,"key":"Shuriken"}],"event_choices":[{"damage_healed":0,"gold_gain":0,"player_choice":"Fight","damage_taken":0,"max_hp_gain":0,"max_hp_loss":0,"event_name":"Colosseum","floor":20,"gold_loss":0},{"damage_healed":0,"gold_gain":0,"player_choice":"Fought Nobs","damage_taken":0,"max_hp_gain":0,"max_hp_loss":0,"event_name":"Colosseum","floor":20,"gold_loss":0}],"is_beta":false,"boss_relics":[{"not_picked":["Black Star","Runic Pyramid"],"picked":"Empty Cage"}],"items_purged_floors":[2,19],"is_endless":false,"potions_floor_spawned":[4,7,10,14,20],"killed_by":"Colosseum Nobs","ascension_level":12}