{"gold_per_floor":[118,118,11,11,27,27,27,27,27,83,83,116,127,127],"floor_reached":14,"playtime":834,"items_purged":[],"score":86,"play_id":"78e26797-86d2-4c01-bea9-ed7af70ce89d","local_time":"20190121075745","is_ascension_mode":false,"campfire_choices":[{"data":"Rampage","floor":6,"key":"SMITH"},{"data":"Clothesline","floor":8,"key":"SMITH"},{"data":"Rage","floor":11,"key":"SMITH"}],"neow_cost":"PERCENT_DAMAGE","seed_source_timestamp":192105763392500,"circlet_count":0,"master_deck":["Strike_R","Strike_R","Strike_R","Strike_R","Strike_R","Defend_R","Bash","Clothesline+1","Reckless Charge","Perfected Strike","Rampage+1","Rage+1","Pain","Disarm","Anger","Thunderclap","Shrug It Off"],"relics":["Burning Blood","WarpedTongs","Mummified Hand","Boot","Matryoshka"],"potions_floor_usage":[14,14],"damage_taken":[{"damage":11,"enemies":"Small Slimes","floor":1,"turns":2},{"damage":3,"enemies":"2 Louse","floor":5,"turns":2},{"damage":21,"enemies":"Gremlin Nob","floor":10,"turns":4},{"damage":27,"enemies":"Lagavulin","floor":12,"turns":4},{"damage":3,"enemies":"Cultist","floor":13,"turns":2},{"damage":21,"enemies":"Exordium Wildlife","floor":14,"turns":2}],"seed_played":"4500625388807221613","potions_obtained":[{"floor":12,"key":"Ancient Potion"},{"floor":13,"key":"Swift Potion"}],"is_trial":false,"path_per_floor":["M","?","$","?","M","R","$","R","T","?","R","E","M","M"],"character_chosen":"IRONCLAD","items_purchased":["Rampage","Rage"],"campfire_rested":0,"item_purchase_floors":[3,3],"current_hp_per_floor":[51,44,44,44,47,47,47,47,47,32,32,11,14,0],"gold":127,"neow_bonus":"TRANSFORM_TWO_CARDS","is_prod":false,"is_daily":false,"chose_seed":false,"campfire_upgraded":3,"win_rate":0.0,"timestamp":1548053865,"path_taken":["M","?","$","?","?","R","$","R","T","?","R","E","M","M"],"build_version":"2019-01-17v2","purchased_purges":0,"victory":false,"max_hp_per_floor":[80,80,80,80,80,80,80,80,80,80,80,80,80,80],"card_choices":[{"not_picked":["Clothesline","True Grit"],"picked":"Perfected Strike","floor":1},{"not_picked":["Ghostly Armor","Rupture"],"picked":"Disarm","floor":5},{"not_picked":["Metallicize","Spot Weakness"],"picked":"Anger","floor":10},{"not_picked":["Clash","Fire Breathing"],"picked":"Thunderclap","floor":12},{"not_picked":["Dropkick","Blood for Blood"],"picked":"Shrug It Off","floor":13}],"player_experience":5137,"relics_obtained":[{"floor":9,"key":"Mummified Hand"},{"floor":10,"key":"Boot"},{"floor":12,"key":"Matryoshka"}],"event_choices":[{"cards_removed":["Defend_R"],"damage_healed":0,"gold_gain":0,"player_choice":"Card Removal","damage_taken":7,"max_hp_gain":0,"max_hp_loss":0,"event_name":"Golden Wing","floor":2,"gold_loss":0},{"damage_healed":0,"gold_gain":0,"player_choice":"Rummage","damage_taken":0,"relics_obtained":["WarpedTongs"],"max_hp_gain":0,"max_hp_loss":0,"event_name":"Accursed Blacksmith","floor":4,"gold_loss":0,"cards_obtained":["Pain"]},{"damage_healed":0,"gold_gain":0,"player_choice":"Searched \u00272\u0027 times","damage_taken":0,"max_hp_gain":0,"max_hp_loss":0,"event_name":"Dead Adventurer","floor":10,"gold_loss":0}],"is_beta":false,"boss_relics":[],"items_purged_floors":[],"is_endless":false,"potions_floor_spawned":[12,13],"killed_by":"Exordium Wildlife","ascension_level":0}