{"gold_per_floor":[118,97,117,135,148,182,192,192,192,117,129,129],"floor_reached":12,"playtime":1563,"items_purged":["Defend_B"],"score":82,"play_id":"fdff76f3-2d4a-4c3c-889a-00a120f5243a","local_time":"20180718040715","is_ascension_mode":false,"campfire_choices":[{"data":"Streamline","floor":8,"key":"SMITH"}],"neow_cost":"","seed_source_timestamp":193732155307085,"circlet_count":0,"master_deck":["Strike_B","Strike_B","Strike_B","Strike_B","Defend_B","Defend_B","Defend_B","Zap","Dualcast","Conserve Battery","Beam Cell","Streamline+1","Reinforced Body","Glacier","Conserve Battery","Steam"],"relics":["Cracked Core","Potion Belt","Matryoshka"],"potions_floor_usage":[7],"damage_taken":[{"damage":3,"enemies":"2 Louse","floor":1,"turns":2},{"damage":1,"enemies":"Jaw Worm","floor":3,"turns":4},{"damage":1,"enemies":"Cultist","floor":4,"turns":3},{"damage":14,"enemies":"Exordium Thugs","floor":5,"turns":4},{"damage":17,"enemies":"3 Sentries","floor":6,"turns":7},{"damage":2,"enemies":"Lots of Slimes","floor":7,"turns":4},{"damage":0,"enemies":"Large Slime","floor":11,"turns":6},{"damage":48,"enemies":"Gremlin Nob","floor":12,"turns":5}],"seed_played":"2090745198301698644","potions_obtained":[{"floor":1,"key":"LiquidBronze"},{"floor":5,"key":"FearPotion"},{"floor":6,"key":"Ancient Potion"}],"is_trial":false,"path_per_floor":["M","?","M","M","M","E","M","R","T","$","M"],"character_chosen":"DEFECT","items_purchased":[],"campfire_rested":0,"item_purchase_floors":[],"current_hp_per_floor":[72,72,71,70,56,39,37,37,37,37,37,0],"gold":129,"neow_bonus":"","is_prod":false,"is_daily":false,"chose_seed":false,"campfire_upgraded":1,"win_rate":0.0,"timestamp":1531858035,"path_taken":["M","?","M","M","M","E","M","R","T","?","M","E"],"build_version":"2018-07-12","purchased_purges":1,"victory":false,"max_hp_per_floor":[75,75,75,75,75,75,75,75,75,75,75,75],"card_choices":[{"not_picked":["Darkness","Steam"],"picked":"Conserve Battery","floor":1},{"not_picked":["Conserve Battery","Barrage"],"picked":"Beam Cell","floor":3},{"not_picked":["Leap","Steam"],"picked":"Streamline","floor":4},{"not_picked":["Leap","Force Field"],"picked":"Reinforced Body","floor":5},{"not_picked":["White Noise","Static Discharge"],"picked":"Glacier","floor":6},{"not_picked":["Streamline","Beam Cell"],"picked":"Conserve Battery","floor":7},{"not_picked":["Consume","Cold Snap"],"picked":"Steam","floor":11}],"player_experience":35374,"relics_obtained":[{"floor":6,"key":"Potion Belt"},{"floor":9,"key":"Matryoshka"}],"event_choices":[{"event_name":"World of Goop","player_choice":"Left","floor":2,"damage_taken":0}],"boss_relics":[],"items_purged_floors":[10],"is_endless":false,"potions_floor_spawned":[1,5,6],"killed_by":"Gremlin Nob","ascension_level":0}