{"gold_per_floor":[117,117,67,80,107,146,146,180,180,180,105,123,156,180,180,180],"floor_reached":16,"playtime":751,"items_purged":["Strike_R"],"score":136,"play_id":"e15b86a0-7c41-4406-a895-011c5cb1933c","local_time":"20180803161531","is_ascension_mode":true,"campfire_choices":[{"data":"Infernal Blade","floor":7,"key":"SMITH"},{"data":"Clothesline","floor":10,"key":"SMITH"},{"data":"Bash","floor":15,"key":"SMITH"}],"neow_cost":"NONE","seed_source_timestamp":90131862431803,"circlet_count":0,"master_deck":["Strike_R","Strike_R","Defend_R","Defend_R","Defend_R+1","Defend_R+1","Bash+1","Infernal Blade+1","Flame Barrier","Thunderclap","Clothesline+1"],"relics":["Burning Blood","Golden Idol","Regal Pillow","War Paint","Incense Burner","Blue Candle","Girya"],"potions_floor_usage":[4,8,16],"damage_taken":[{"damage":7,"enemies":"Jaw Worm","floor":1,"turns":3},{"damage":10,"enemies":"2 Louse","floor":4,"turns":3},{"damage":20,"enemies":"Gremlin Nob","floor":6,"turns":4},{"damage":11,"enemies":"3 Sentries","floor":8,"turns":6},{"damage":0,"enemies":"Small Slimes","floor":12,"turns":2},{"damage":24,"enemies":"Lagavulin","floor":13,"turns":7},{"damage":0,"enemies":"Red Slaver","floor":14,"turns":4},{"damage":39,"enemies":"Slime Boss","floor":16,"turns":9}],"seed_played":"-5470477430047643408","potions_obtained":[{"floor":1,"key":"BloodPotion"},{"floor":6,"key":"Fire Potion"},{"floor":12,"key":"AttackPotion"},{"floor":13,"key":"FearPotion"}],"is_trial":false,"path_per_floor":["M","?","?","M","T","E","R","E","T","R","$","M","E","M","R"],"character_chosen":"IRONCLAD","items_purchased":[],"campfire_rested":0,"item_purchase_floors":[],"current_hp_per_floor":[79,59,59,63,63,49,49,44,44,44,44,50,32,38,38,0],"gold":180,"neow_bonus":"REMOVE_CARD","is_prod":false,"is_daily":false,"chose_seed":false,"campfire_upgraded":3,"win_rate":0,"timestamp":1533284131,"path_taken":["M","?","?","?","?","E","R","E","T","R","$","?","E","M","R","BOSS"],"build_version":"2018-08-02","purchased_purges":1,"victory":false,"max_hp_per_floor":[80,80,80,80,80,80,80,80,80,80,80,80,80,80,80,80],"card_choices":[{"not_picked":["Combust","Battle Trance"],"picked":"Infernal Blade","floor":1},{"not_picked":["Clash","Anger"],"picked":"Flame Barrier","floor":4},{"not_picked":["Warcry","Reckless Charge"],"picked":"Thunderclap","floor":6},{"not_picked":["Wild Strike","Uppercut"],"picked":"Clothesline","floor":8},{"not_picked":["Sword Boomerang","Rage","Bloodletting"],"picked":"SKIP","floor":12},{"not_picked":["Carnage","Sentinel","Clash"],"picked":"SKIP","floor":13},{"not_picked":["Heavy Blade","Shrug It Off","Anger"],"picked":"SKIP","floor":14}],"player_experience":308710,"relics_obtained":[{"floor":5,"key":"Regal Pillow"},{"floor":6,"key":"War Paint"},{"floor":8,"key":"Incense Burner"},{"floor":9,"key":"Blue Candle"},{"floor":13,"key":"Girya"}],"event_choices":[{"event_name":"Golden Idol","player_choice":"Take Damage","floor":2,"damage_taken":0},{"event_name":"The Cleric","player_choice":"Card Removal","floor":3,"damage_taken":0}],"is_beta":false,"boss_relics":[],"items_purged_floors":[11],"is_endless":false,"potions_floor_spawned":[1,6,12,13],"killed_by":"Slime Boss","ascension_level":3}