{"path_per_floor":["M","?","M","?","$","R","M","R","T","?","M","$","T","$","R","B",null,"M","M","?","M","M","M","R","M","T","$","?","?","?","?","R","B",null,"M","M","?","$","?","R","?","M","T","R","M","M","T","?","R"],"character_chosen":"DEFECT","items_purchased":["Leap","Tempest","Juzu Bracelet"],"gold_per_floor":[115,115,127,127,52,52,70,70,141,141,155,103,103,65,65,167,167,181,197,112,130,145,155,155,165,165,19,19,19,19,19,19,114,114,133,153,153,53,53,53,53,72,72,72,83,93,93,0,0,0],"floor_reached":50,"campfire_rested":3,"playtime":3405,"current_hp_per_floor":[67,67,55,52,52,52,44,44,44,44,42,42,42,42,42,19,61,40,29,29,29,12,6,28,25,25,25,25,50,50,50,72,17,61,55,40,75,75,75,75,75,63,63,63,36,26,26,26,48,0],"items_purged":["Strike_B","Strike_B"],"gold":0,"score":584,"play_id":"e9ac860b-587c-4859-9872-a6e5fd831f8e","local_time":"20180429021915","is_prod":false,"is_daily":false,"chose_seed":false,"is_ascension_mode":true,"campfire_upgraded":5,"timestamp":1524986355,"path_taken":["M","?","M","?","$","R","M","R","T","?","M","?","?","$","R","BOSS","M","M","?","M","M","M","R","M","T","?","?","?","?","?","R","BOSS","M","M","?","$","?","R","?","M","T","R","M","M","?","?","R","BOSS"],"build_version":"2018-04-27v3","seed_source_timestamp":0,"purchased_purges":2,"victory":false,"master_deck":["Defend_B","Defend_B","Zap+1","Dualcast","Seek+1","Multi-Cast+1","Sweeping Beam+1","Leap","Tempest+1","Creative AI","Ball Lightning+1","Tempest","Chill+1","Leap+1","Recycle","Decay","Seek","Conserve Battery+1","Reinforced Body"],"max_hp_per_floor":[75,75,75,75,75,75,75,75,75,75,75,75,75,75,75,75,75,75,75,75,75,75,75,75,75,75,75,75,75,75,75,75,75,75,75,75,75,75,75,75,75,75,75,75,75,75,75,75,75,75],"relics":["Astrolabe","DataDisk","Gremlin Horn","Turnip","Velvet Choker","Anchor","Pen Nib","Juzu Bracelet","Cursed Key","Red Mask"],"card_choices":[{"not_picked":["Leap","Hologram"],"picked":"Sweeping Beam","floor":7.0},{"not_picked":["Meteor Strike","Reboot"],"picked":"Creative AI","floor":16},{"not_picked":["Leap","Recycle"],"picked":"Ball Lightning","floor":18},{"not_picked":["Hello World","Rebound"],"picked":"Tempest","floor":19},{"not_picked":["Rebound","Capacitor"],"picked":"Chill","floor":21},{"not_picked":["Streamline","Skim"],"picked":"Leap","floor":22},{"not_picked":["Chaos","Self Repair"],"picked":"Recycle","floor":23},{"not_picked":["All For One","Fusion"],"picked":"Seek","floor":33},{"not_picked":["Ball Lightning","Doom and Gloom"],"picked":"Conserve Battery","floor":35},{"not_picked":["Capacitor","Rebound"],"picked":"Reinforced Body","floor":46}],"player_experience":100762,"potions_floor_usage":[33,33,42,50,50],"damage_taken":[{"damage":1.0,"enemies":"Cultist","floor":1.0,"turns":3.0},{"damage":12.0,"enemies":"2 Louse","floor":3.0,"turns":2.0},{"damage":8.0,"enemies":"Small Slimes","floor":7.0,"turns":4.0},{"damage":2.0,"enemies":"Exordium Thugs","floor":11.0,"turns":2.0},{"damage":23,"enemies":"Hexaghost","floor":16,"turns":8},{"damage":21,"enemies":"2 Thieves","floor":18,"turns":3},{"damage":11,"enemies":"Shell Parasite","floor":19,"turns":4},{"damage":0,"enemies":"Snake Plant","floor":21,"turns":2},{"damage":17,"enemies":"Centurion and Healer","floor":22,"turns":4},{"damage":6,"enemies":"Snecko","floor":23,"turns":4},{"damage":3,"enemies":"Snake Plant","floor":25,"turns":2},{"damage":55,"enemies":"Automaton","floor":33,"turns":9},{"damage":6,"enemies":"Orb Walker","floor":35,"turns":3},{"damage":15,"enemies":"3 Shapes","floor":36,"turns":3},{"damage":15,"enemies":"3 Darklings","floor":42,"turns":4},{"damage":27,"enemies":"Sphere and 2 Shapes","floor":45,"turns":4},{"damage":10,"enemies":"Spire Growth","floor":46,"turns":4},{"damage":62,"enemies":"Donu and Deca","floor":50,"turns":6}],"event_choices":[{"event_name":"The Woman in Blue","player_choice":"Bought 0 Potions","floor":2.0,"damage_taken":0.0},{"event_name":"Scrap Ooze","player_choice":"success","floor":4.0,"damage_taken":3.0},{"event_name":"Bonfire Elementals","player_choice":"BASIC","floor":10.0,"damage_taken":0.0},{"event_name":"Addict","player_choice":"Obtained Relic","floor":20,"damage_taken":0},{"event_name":"Cursed Tome","player_choice":"Ignored","floor":28,"damage_taken":0},{"event_name":"The Library","player_choice":"Heal","floor":29,"damage_taken":0},{"event_name":"Drug Dealer","player_choice":"Ignored","floor":30,"damage_taken":0},{"event_name":"Forgotten Altar","player_choice":"Smashed Altar","floor":31,"damage_taken":0},{"event_name":"Wheel of Change","player_choice":"Full Heal","floor":37,"damage_taken":0},{"event_name":"Mysterious Sphere","player_choice":"Ignore","floor":41,"damage_taken":0},{"event_name":"Tomb of Lord Red Mask","player_choice":"Paid","floor":48,"damage_taken":0}],"boss_relics":[{"not_picked":["White Beast Statue","Eternal Feather"],"picked":"Velvet Choker"},{"not_picked":["Lizard Tail","Nuclear Battery"],"picked":"Cursed Key"}],"potions_floor_spawned":[7,16,18,21,23,33,35,42],"seed_played":"7941305765992757038","killed_by":"Donu and Deca","ascension_level":6,"is_trial":false}