{"gold_per_floor":[119,119,119,137,153,182,182,210,240,259,273,273,288,299,299,299],"floor_reached":16,"playtime":779,"items_purged":[],"score":188,"play_id":"e02aae5b-ec1c-4ec3-9571-c9934d439a23","local_time":"20181219225636","is_ascension_mode":true,"campfire_choices":[{"floor":7,"key":"REST"},{"data":"Flame Barrier","floor":12,"key":"SMITH"},{"floor":15,"key":"REST"}],"neow_cost":"NONE","seed_source_timestamp":621046008415499,"circlet_count":0,"master_deck":["AscendersBane","Strike_R","Strike_R","Strike_R","Strike_R","Defend_R","Defend_R","Defend_R","Bash","Clothesline","True Grit","Flame Barrier+1","Carnage"],"relics":["Burning Blood","Bag of Marbles","Oddly Smooth Stone","Dodecahedron","Tiny Chest"],"potions_floor_usage":[13,13,16,16,16],"damage_taken":[{"damage":11,"enemies":"Cultist","floor":1,"turns":4},{"damage":20,"enemies":"Small Slimes","floor":4,"turns":4},{"damage":5,"enemies":"Jaw Worm","floor":5,"turns":4},{"damage":51,"enemies":"3 Sentries","floor":6,"turns":11},{"damage":31,"enemies":"Lagavulin","floor":8,"turns":10},{"damage":0,"enemies":"Exordium Wildlife","floor":10,"turns":5},{"damage":1,"enemies":"Blue Slaver","floor":11,"turns":6},{"damage":0,"enemies":"Exordium Thugs","floor":13,"turns":6},{"damage":8,"enemies":"2 Fungi Beasts","floor":14,"turns":4},{"damage":49,"enemies":"Hexaghost","floor":16,"turns":11}],"seed_played":"-3331956887838935208","potions_obtained":[{"floor":4,"key":"SpeedPotion"},{"floor":5,"key":"Weak Potion"},{"floor":11,"key":"Poison Potion"},{"floor":13,"key":"PowerPotion"},{"floor":14,"key":"EntropicBrew"}],"is_trial":false,"path_per_floor":["M","?","?","M","M","E","R","E","T","M","M","R","M","M","R","B"],"character_chosen":"IRONCLAD","items_purchased":[],"campfire_rested":2,"item_purchase_floors":[],"current_hp_per_floor":[67,67,67,53,54,9,33,8,8,14,19,19,25,23,47,0],"gold":299,"neow_bonus":"RANDOM_COMMON_RELIC","is_prod":false,"is_daily":false,"chose_seed":false,"campfire_upgraded":1,"win_rate":0,"timestamp":1545231396,"path_taken":["M","?","?","?","M","E","R","E","T","M","M","R","M","M","R","BOSS"],"build_version":"2018-12-13","purchased_purges":0,"victory":false,"max_hp_per_floor":[80,80,80,80,80,80,80,80,80,80,80,80,80,80,80,80],"card_choices":[{"not_picked":["True Grit","Second Wind","Sword Boomerang"],"picked":"SKIP","floor":1},{"not_picked":["Burning Pact","Pommel Strike"],"picked":"Clothesline","floor":4},{"not_picked":["Uppercut","Iron Wave","Rupture"],"picked":"SKIP","floor":5},{"not_picked":["Uppercut","Blood for Blood"],"picked":"True Grit","floor":6},{"not_picked":["Heavy Blade","Intimidate"],"picked":"Flame Barrier","floor":8},{"not_picked":["Warcry","Headbutt"],"picked":"Carnage","floor":10},{"not_picked":["Body Slam","Corruption","Thunderclap"],"picked":"SKIP","floor":11},{"not_picked":["Heavy Blade","Thunderclap","Sentinel"],"picked":"SKIP","floor":13},{"not_picked":["Body Slam","Exhume","True Grit"],"picked":"SKIP","floor":14}],"player_experience":591032,"relics_obtained":[{"floor":6,"key":"Oddly Smooth Stone"},{"floor":8,"key":"Dodecahedron"},{"floor":9,"key":"Tiny Chest"}],"event_choices":[{"cards_removed":["Strike_R"],"damage_healed":0,"gold_gain":0,"player_choice":"Forget","damage_taken":0,"max_hp_gain":0,"max_hp_loss":0,"event_name":"Living Wall","floor":2,"gold_loss":0},{"cards_removed":["Defend_R"],"damage_healed":0,"gold_gain":0,"player_choice":"Purged","damage_taken":0,"max_hp_gain":0,"max_hp_loss":0,"event_name":"Purifier","floor":3,"gold_loss":0}],"is_beta":false,"boss_relics":[],"items_purged_floors":[],"is_endless":false,"potions_floor_spawned":[4,5,11,13,14],"killed_by":"Hexaghost","ascension_level":13}