{"gold_per_floor":[118,118,136,211,258,258,289,289,289,289,307,325,357,282,282,282],"floor_reached":16,"playtime":611,"items_purged":["Strike_R"],"score":206,"play_id":"9b540c07-d34b-40e4-9fff-5e1b9c4e2bfc","local_time":"20181208223927","is_ascension_mode":true,"campfire_choices":[{"data":"Cleave","floor":6,"key":"SMITH"},{"data":"Barricade","floor":10,"key":"SMITH"},{"data":"Clothesline","floor":15,"key":"SMITH"}],"neow_cost":"NONE","seed_source_timestamp":484860563788394,"circlet_count":0,"master_deck":["AscendersBane","Strike_R","Strike_R","Strike_R","Defend_R","Defend_R","Defend_R","Defend_R","Bash","Cleave+1","Clothesline+1","Barricade+1","Disarm+1"],"relics":["Burning Blood","NeowsBlessing","Happy Flower","Omamori","Toxic Egg 2","Ancient Tea Set"],"potions_floor_usage":[16,16],"damage_taken":[{"damage":0,"enemies":"Jaw Worm","floor":1,"turns":1},{"damage":0,"enemies":"2 Louse","floor":3,"turns":1},{"damage":0,"enemies":"Gremlin Nob","floor":7,"turns":1},{"damage":3,"enemies":"Small Slimes","floor":11,"turns":2},{"damage":21,"enemies":"Exordium Thugs","floor":12,"turns":4},{"damage":25,"enemies":"Lagavulin","floor":13,"turns":8},{"damage":42,"enemies":"Hexaghost","floor":16,"turns":12}],"seed_played":"-8178500017614686436","potions_obtained":[{"floor":3,"key":"Fire Potion"},{"floor":11,"key":"FearPotion"}],"is_trial":false,"path_per_floor":["M","?","M","?","T","R","E","?","T","R","M","M","E","$","R","B"],"character_chosen":"IRONCLAD","items_purchased":[],"campfire_rested":0,"item_purchase_floors":[],"current_hp_per_floor":[78,71,77,66,66,66,72,72,72,72,75,60,41,41,41,0],"gold":282,"neow_bonus":"THREE_ENEMY_KILL","is_prod":false,"is_daily":false,"chose_seed":false,"campfire_upgraded":3,"win_rate":0,"timestamp":1544279967,"path_taken":["M","?","M","?","?","R","E","?","T","R","M","?","E","$","R","BOSS"],"build_version":"2018-12-06","purchased_purges":1,"victory":false,"max_hp_per_floor":[80,80,80,80,80,80,80,80,80,80,80,80,80,80,80,80],"card_choices":[{"not_picked":["Shrug It Off","Iron Wave"],"picked":"Cleave","floor":1},{"not_picked":["Thunderclap","Sever Soul"],"picked":"Clothesline","floor":3},{"not_picked":["Wild Strike","Power Through","Iron Wave"],"picked":"SKIP","floor":7},{"not_picked":["Burning Pact+1","Pummel","Iron Wave"],"picked":"SKIP","floor":11},{"not_picked":["Evolve","Iron Wave","Perfected Strike"],"picked":"SKIP","floor":12},{"not_picked":["Inflame","Perfected Strike"],"picked":"Disarm+1","floor":13}],"player_experience":507216,"relics_obtained":[{"floor":5,"key":"Happy Flower"},{"floor":7,"key":"Omamori"},{"floor":9,"key":"Toxic Egg 2"},{"floor":13,"key":"Ancient Tea Set"}],"event_choices":[{"cards_removed":["Strike_R"],"damage_healed":0,"gold_gain":0,"player_choice":"Card Removal","damage_taken":7,"max_hp_gain":0,"max_hp_loss":0,"event_name":"Golden Wing","floor":2,"gold_loss":0},{"damage_healed":0,"gold_gain":75,"player_choice":"Gather Gold","damage_taken":11,"max_hp_gain":0,"max_hp_loss":0,"event_name":"World of Goop","floor":4,"gold_loss":0},{"damage_healed":0,"gold_gain":0,"player_choice":"1 cards matched","damage_taken":0,"max_hp_gain":0,"max_hp_loss":0,"event_name":"Match and Keep!","floor":8,"gold_loss":0,"cards_obtained":["Barricade"]}],"is_beta":false,"boss_relics":[],"items_purged_floors":[14],"is_endless":false,"potions_floor_spawned":[3,11],"killed_by":"Hexaghost","ascension_level":11}