{"gold_per_floor":[114,130,149,164,183,183,183,283,329,329,339,357,357,68,68,166,166,185,204,204,0,0],"floor_reached":22,"playtime":1998,"items_purged":[],"score":203,"play_id":"dc67678e-c283-4de1-a957-626622fa3445","local_time":"20190121114331","is_ascension_mode":false,"campfire_choices":[{"data":"Fission","floor":6,"key":"SMITH"},{"floor":10,"key":"REST"},{"data":"Defragment","floor":13,"key":"SMITH"},{"data":"Chaos","floor":15,"key":"SMITH"}],"neow_cost":"NONE","seed_source_timestamp":204487940799000,"circlet_count":0,"master_deck":["Strike_B","Strike_B","Strike_B","Strike_B","Defend_B","Defend_B","Defend_B","Defend_B","Zap","Dualcast","Redo","Streamline","Fission+1","Defragment+1","Capacitor","Genetic Algorithm","Chaos+1","PanicButton","Magnetism","Creative AI","Aggregate","Self Repair","Ghostly","Ghostly","Ghostly","Ghostly","Ghostly"],"relics":["Cracked Core","Letter Opener","Strawberry","Eternal Feather"],"potions_floor_usage":[12,16,16],"damage_taken":[{"damage":6,"enemies":"Cultist","floor":1,"turns":3},{"damage":6,"enemies":"2 Louse","floor":2,"turns":3},{"damage":3,"enemies":"Small Slimes","floor":3,"turns":3},{"damage":14,"enemies":"2 Fungi Beasts","floor":4,"turns":3},{"damage":21,"enemies":"Lots of Slimes","floor":5,"turns":5},{"damage":5,"enemies":"Large Slime","floor":11,"turns":5},{"damage":0,"enemies":"2 Fungi Beasts","floor":12,"turns":2},{"damage":37,"enemies":"The Guardian","floor":16,"turns":8},{"damage":8,"enemies":"Chosen","floor":18,"turns":6},{"damage":78,"enemies":"3 Byrds","floor":19,"turns":6},{"damage":4,"enemies":"Shelled Parasite and Fungi","floor":22,"turns":3}],"seed_played":"7641925075962028900","potions_obtained":[{"floor":4,"key":"Energy Potion"},{"floor":5,"key":"Fire Potion"},{"floor":12,"key":"AttackPotion"},{"floor":19,"key":"SpeedPotion"}],"is_trial":false,"path_per_floor":["M","M","M","M","M","R","?","?","T","R","M","M","R","$","R","B",null,"M","M","?","?","M"],"character_chosen":"DEFECT","items_purchased":["PanicButton","Magnetism"],"campfire_rested":1,"item_purchase_floors":[14,14],"current_hp_per_floor":[76,70,67,53,32,32,14,14,21,47,42,42,42,42,42,5,89,81,3,3,3,0],"gold":0,"neow_bonus":"TEN_PERCENT_HP_BONUS","is_prod":false,"is_daily":false,"chose_seed":false,"campfire_upgraded":3,"win_rate":0.0,"timestamp":1548067411,"path_taken":["M","M","M","M","M","R","?","?","T","R","?","M","R","?","R","BOSS","M","M","?","?","M"],"build_version":"2019-01-17v2","purchased_purges":0,"victory":false,"max_hp_per_floor":[82,82,82,82,82,82,82,82,89,89,89,89,89,89,89,89,89,89,89,44,44,44],"card_choices":[{"not_picked":["Hologram","Gash"],"picked":"Redo","floor":1},{"not_picked":["Force Field","Leap"],"picked":"Streamline","floor":2},{"not_picked":["Gash","Compile Driver"],"picked":"Fission","floor":3},{"not_picked":["Lockon","Coolheaded"],"picked":"Defragment","floor":4},{"not_picked":["Melter","Doom and Gloom"],"picked":"Capacitor","floor":5},{"not_picked":["Gash","Beam Cell"],"picked":"Genetic Algorithm","floor":11},{"not_picked":["Cold Snap","Glacier"],"picked":"Chaos","floor":12},{"not_picked":["All For One","Amplify"],"picked":"Creative AI","floor":16},{"not_picked":["Steam","Undo"],"picked":"Aggregate","floor":18},{"not_picked":["Sweeping Beam","Ball Lightning"],"picked":"Self Repair","floor":19}],"player_experience":17276,"relics_obtained":[{"floor":9,"key":"Strawberry"}],"event_choices":[{"damage_healed":0,"gold_gain":0,"player_choice":"Success","damage_taken":18,"relics_obtained":["Letter Opener"],"max_hp_gain":0,"max_hp_loss":0,"event_name":"Scrap Ooze","floor":7,"gold_loss":0},{"damage_healed":0,"gold_gain":100,"player_choice":"Pray","damage_taken":0,"max_hp_gain":0,"max_hp_loss":0,"event_name":"Golden Shrine","floor":8,"gold_loss":0},{"damage_healed":0,"gold_gain":0,"player_choice":"Became a Ghost","damage_taken":0,"max_hp_gain":0,"max_hp_loss":45,"event_name":"Ghosts","floor":20,"gold_loss":0,"cards_obtained":["Ghostly","Ghostly","Ghostly","Ghostly","Ghostly"]},{"damage_healed":0,"gold_gain":0,"player_choice":"Paid Fearfully","damage_taken":0,"max_hp_gain":0,"max_hp_loss":0,"event_name":"Masked Bandits","floor":21,"gold_loss":204}],"is_beta":false,"boss_relics":[{"not_picked":["Orrery","Calling Bell"],"picked":"Eternal Feather"}],"items_purged_floors":[],"is_endless":false,"potions_floor_spawned":[4,5,12,19],"killed_by":"Shelled Parasite and Fungi","ascension_level":0}