{"gold_per_floor":[109,34,34,34,49,78,94,94,117,117,17,17,17,35,35,108,108,118,118,118],"floor_reached":20,"playtime":652,"items_purged":["Strike_R","Strike_R"],"score":315,"play_id":"8ee4bd17-0d50-434a-a700-3234694f02be","local_time":"20190113103250","is_ascension_mode":true,"campfire_choices":[{"data":"Rampage","floor":8,"key":"SMITH"},{"data":"Bash","floor":10,"key":"SMITH"},{"data":"Forethought","floor":12,"key":"SMITH"},{"data":"True Grit","floor":15,"key":"SMITH"}],"neow_cost":"NONE","seed_source_timestamp":43259885063024,"circlet_count":0,"master_deck":["AscendersBane","Bash+1","Forethought+1","Cleave+1","Rampage+1","Headbutt+1","True Grit+1","Juggernaut","Disarm","Cleave","Pommel Strike","Hemokinesis","Disarm","Clash","Limit Break","Flex+1"],"relics":["Burning Blood","Oddly Smooth Stone","Dream Catcher","Pandora\u0027s Box"],"potions_floor_usage":[16,16,20],"damage_taken":[{"damage":4,"enemies":"Small Slimes","floor":1,"turns":4},{"damage":2,"enemies":"Cultist","floor":5,"turns":4},{"damage":30,"enemies":"3 Sentries","floor":6,"turns":6},{"damage":0,"enemies":"2 Louse","floor":7,"turns":3},{"damage":7,"enemies":"Gremlin Gang","floor":14,"turns":2},{"damage":46,"enemies":"Hexaghost","floor":16,"turns":9},{"damage":42,"enemies":"Spheric Guardian","floor":18,"turns":5},{"damage":25,"enemies":"3 Byrds","floor":20,"turns":3}],"seed_played":"5605451750110133944","potions_obtained":[{"floor":6,"key":"Strength Potion"},{"floor":7,"key":"SkillPotion"},{"floor":16,"key":"SteroidPotion"}],"is_trial":false,"path_per_floor":["M","$","?","$","M","E","M","R","T","R","$","R","?","M","R","B",null,"M","$","M"],"character_chosen":"IRONCLAD","items_purchased":[],"campfire_rested":0,"item_purchase_floors":[],"current_hp_per_floor":[70,70,70,70,74,50,56,56,56,56,56,56,56,55,55,15,60,24,24,0],"gold":118,"neow_bonus":"RANDOM_COLORLESS","is_prod":false,"is_daily":false,"chose_seed":false,"campfire_upgraded":4,"win_rate":0,"timestamp":1547346770,"path_taken":["M","$","?","?","M","E","M","R","T","R","$","R","?","M","R","BOSS","M","$","?"],"build_version":"2019-01-10","purchased_purges":2,"victory":false,"max_hp_per_floor":[75,75,75,75,75,75,75,75,75,75,75,75,75,75,75,75,75,75,75,75],"card_choices":[{"not_picked":["Bloodletting","Power Through"],"picked":"Cleave","floor":1},{"not_picked":["Clash","Warcry"],"picked":"Rampage","floor":5},{"not_picked":["Clothesline","Dual Wield"],"picked":"Headbutt","floor":6},{"not_picked":["Power Through","Flex","Sword Boomerang"],"picked":"SKIP","floor":7},{"not_picked":["Metallicize","Iron Wave"],"picked":"True Grit","floor":14},{"not_picked":["Fiend Fire","Limit Break"],"picked":"Juggernaut","floor":16},{"not_picked":["Wild Strike","Armaments"],"picked":"Flex+1","floor":18}],"player_experience":665616,"relics_obtained":[{"floor":6,"key":"Oddly Smooth Stone"},{"floor":9,"key":"Dream Catcher"}],"event_choices":[{"damage_healed":0,"gold_gain":0,"player_choice":"Upgraded","damage_taken":0,"max_hp_gain":0,"max_hp_loss":0,"event_name":"Upgrade Shrine","floor":3,"gold_loss":0,"cards_upgraded":["Cleave"]},{"damage_healed":0,"gold_gain":0,"player_choice":"Forge","damage_taken":0,"max_hp_gain":0,"max_hp_loss":0,"event_name":"Accursed Blacksmith","floor":13,"gold_loss":0,"cards_upgraded":["Headbutt"]}],"is_beta":false,"boss_relics":[{"not_picked":["Lizard Tail","Coffee Dripper"],"picked":"Pandora\u0027s Box"}],"items_purged_floors":[2,11],"is_endless":false,"potions_floor_spawned":[6,7,16],"killed_by":"3 Byrds","ascension_level":17}