{"path_per_floor":["M","?","$","?","M","E","?","E","T","R","M","M","M","$","R","B",null,"M","$","?","M"],"character_chosen":"THE_SILENT","items_purchased":["Infinite Blades","Dodge and Roll","Infinite Blades"],"gold_per_floor":[110,110,35,35,53,80,110,137,137,137,152,167,182,99,99,175,175,141,61,61,76],"floor_reached":22,"campfire_rested":2,"playtime":1240,"current_hp_per_floor":[63,63,63,68,68,68,68,24,24,45,44,40,18,18,39,45,65,42,42,42,42],"items_purged":["Parasite"],"gold":76,"score":361,"play_id":"7e952c68-b8b9-4eb2-80f9-a347e381610b","local_time":"20180321210155","is_prod":false,"is_daily":false,"is_ascension_mode":true,"campfire_upgraded":0,"timestamp":1521684115,"path_taken":["M","?","$","?","M","E","?","E","T","R","M","M","M","$","R","BOSS","M","$","?","M","?"],"build_version":"2018-03-15v3","purchased_purges":2,"victory":false,"master_deck":["Defend_G","Defend_G","Defend_G","Defend_G","Strike_G","Strike_G","Strike_G","Survivor","Neutralize+1","Backflip","Dodge and Roll","Backflip","Blur+1","Dodge and Roll+1","Infinite Blades+1","Dodge and Roll+1","Tools of the Trade+1","Catalyst+1","Blade Dance+1","Slice+1","Infinite Blades+1","Infinite Blades+1"],"max_hp_per_floor":[70,70,67,72,72,72,72,72,72,72,72,72,72,72,72,72,72,72,72,72,72],"relics":["Ring of the Snake","NeowsBlessing","Pantograph","Frozen Egg 2","Toxic Egg 2","Astrolabe"],"card_choices":[{"not_picked":["PiercingWail","Endless Agony"],"picked":"Backflip"},{"not_picked":["PiercingWail","Flying Knee"],"picked":"Dodge and Roll"},{"not_picked":["Cloak And Dagger","Riddle With Holes"],"picked":"Backflip"},{"not_picked":["Sucker Punch","PiercingWail"],"picked":"Blur"},{"not_picked":["Tactician","Outmaneuver"],"picked":"Dodge and Roll"},{"not_picked":["Burst","Glass Knife"],"picked":"Tools of the Trade"},{"not_picked":["Prepared","Outmaneuver"],"picked":"Infinite Blades"}],"player_experience":312231,"potions_floor_usage":[16,21],"damage_taken":[{"damage":0,"enemies":"Cultist","floor":1,"turns":1},{"damage":0,"enemies":"Small Slimes","floor":5,"turns":1},{"damage":0,"enemies":"Lagavulin","floor":6,"turns":1},{"damage":44,"enemies":"Gremlin Nob","floor":8,"turns":6},{"damage":1,"enemies":"2 Louse","floor":11,"turns":3},{"damage":4,"enemies":"Blue Slaver","floor":12,"turns":7},{"damage":22,"enemies":"Large Slime","floor":13,"turns":16},{"damage":19,"enemies":"The Guardian","floor":16,"turns":27},{"damage":23,"enemies":"2 Thieves","floor":18,"turns":5},{"damage":0,"enemies":"Shell Parasite","floor":21,"turns":6},{"damage":45,"enemies":"Cultist and Chosen","floor":22,"turns":7}],"event_choices":[{"event_name":"Upgrade Shrine","player_choice":"Upgraded","floor":2,"damage_taken":0},{"event_name":"Big Fish","player_choice":"Donut","floor":4,"damage_taken":0},{"event_name":"Dead Adventurer","player_choice":"Searched \u00271\u0027 times","floor":7,"damage_taken":0},{"event_name":"Beggar","player_choice":"Ignored","floor":20,"damage_taken":0}],"boss_relics":[{"not_picked":["Calling Bell","Snecko Eye"],"picked":"Astrolabe"}],"potions_floor_spawned":[5,11,13],"seed_played":"-4534661300920366709","killed_by":"Cultist and Chosen","ascension_level":13,"is_trial":false}