{"gold_per_floor":[118,43,43,43,67,92,92,124,124,124,155,172,172,189,189,291,291,301,301,301,314,229,258,258,258],"floor_reached":25,"playtime":1190,"items_purged":["Buffer"],"score":294,"play_id":"9875b3d9-f4b2-481e-bdde-cc2f409b8a88","local_time":"20180726123655","is_ascension_mode":true,"campfire_choices":[{"data":"Dualcast","floor":7,"key":"SMITH"},{"data":"Beam Cell","floor":10,"key":"SMITH"},{"data":"Fusion","floor":13,"key":"SMITH"},{"floor":15,"key":"REST"},{"data":"Doom and Gloom","floor":24,"key":"SMITH"}],"neow_cost":"NONE","seed_source_timestamp":398966502554567,"circlet_count":0,"master_deck":["Strike_B+1","Strike_B","Defend_B","Defend_B","Defend_B","Defend_B","Zap+1","Dualcast+1","Conserve Battery","Ball Lightning+1","Beam Cell+1","Fusion+1","Rip and Tear","Conserve Battery","Reboot","Reprogram+1","Doom and Gloom+1","Compile Driver+1","Coolheaded+1"],"relics":["Cracked Core","Regal Pillow","Pantograph","Turnip","Ginger","Cables","Sozu","NlothsMask","Happy Flower","Whetstone"],"potions_floor_usage":[6,11,25],"damage_taken":[{"damage":2,"enemies":"Small Slimes","floor":1,"turns":4},{"damage":26,"enemies":"3 Sentries","floor":6,"turns":8},{"damage":18,"enemies":"Lagavulin","floor":8,"turns":6},{"damage":24,"enemies":"3 Sentries","floor":11,"turns":5},{"damage":0,"enemies":"Cultist","floor":12,"turns":4},{"damage":0,"enemies":"Jaw Worm","floor":14,"turns":2},{"damage":29,"enemies":"Slime Boss","floor":16,"turns":9},{"damage":14,"enemies":"Shell Parasite","floor":18,"turns":4},{"damage":0,"enemies":"Spheric Guardian","floor":21,"turns":1},{"damage":37,"enemies":"Gremlin Leader","floor":23,"turns":7},{"damage":23,"enemies":"Slavers","floor":25,"turns":1}],"seed_played":"3401237298536706539","potions_obtained":[{"floor":1,"key":"SkillPotion"},{"floor":8,"key":"LiquidBronze"},{"floor":16,"key":"Ancient Potion"}],"is_trial":false,"path_per_floor":["M","$","?","?","T","E","R","E","T","R","E","M","R","M","R","B",null,"M","?","?","M","?","E","R"],"character_chosen":"DEFECT","items_purchased":[],"campfire_rested":1,"item_purchase_floors":[],"current_hp_per_floor":[73,73,73,73,73,47,47,29,29,29,5,5,5,5,42,38,66,52,52,52,52,52,15,15,0],"gold":258,"neow_bonus":"TRANSFORM_CARD","is_prod":false,"is_daily":false,"chose_seed":false,"campfire_upgraded":4,"win_rate":0,"timestamp":1532579815,"path_taken":["M","$","?","?","?","E","R","E","T","R","E","?","R","M","R","BOSS","M","?","?","M","?","E","R","E"],"build_version":"2018-07-19v2","purchased_purges":1,"victory":false,"max_hp_per_floor":[75,75,75,75,75,75,75,75,75,75,75,75,75,75,75,75,75,75,75,75,75,75,75,75,75],"card_choices":[{"not_picked":["Genetic Algorithm","Double Energy"],"picked":"Conserve Battery","floor":1},{"not_picked":["Fusion","Reinforced Body"],"picked":"Ball Lightning","floor":6},{"not_picked":["Leap","Hologram"],"picked":"Beam Cell","floor":8},{"not_picked":["Leap","Creative AI"],"picked":"Fusion","floor":11},{"not_picked":["Scrape","Cold Snap"],"picked":"Rip and Tear","floor":12},{"not_picked":["Aggregate","Compile Driver"],"picked":"Conserve Battery","floor":14},{"not_picked":["Hyperbeam","Biased Cognition"],"picked":"Reboot","floor":16},{"not_picked":["Stack+1","Steam Power"],"picked":"Reprogram+1","floor":18},{"not_picked":["FTL","Beam Cell"],"picked":"Compile Driver+1","floor":21},{"not_picked":["Double Energy","Redo+1"],"picked":"Coolheaded+1","floor":23}],"player_experience":249982,"relics_obtained":[{"floor":5,"key":"Regal Pillow"},{"floor":6,"key":"Pantograph"},{"floor":8,"key":"Turnip"},{"floor":9,"key":"Ginger"},{"floor":11,"key":"Cables"},{"floor":23,"key":"Whetstone"}],"event_choices":[{"event_name":"Accursed Blacksmith","player_choice":"Forge","floor":3,"damage_taken":0},{"event_name":"Purifier","player_choice":"One Purge","floor":4,"damage_taken":0},{"event_name":"The Library","player_choice":"Read","floor":19,"damage_taken":0},{"event_name":"FaceTrader","player_choice":"Trade","floor":20,"damage_taken":0},{"event_name":"Addict","player_choice":"Obtained Relic","floor":22,"damage_taken":0}],"is_beta":false,"boss_relics":[{"not_picked":["Busted Crown","Coffee Dripper"],"picked":"Sozu"}],"items_purged_floors":[2],"is_endless":false,"potions_floor_spawned":[1,8,16,23],"killed_by":"Slavers","ascension_level":5}