{"gold_per_floor":[116,116,72,72,90,90,103,103,103,131,147,147,158,189,189,261,261,278,278,293,306,326,326],"floor_reached":23,"playtime":813,"items_purged":[],"score":396,"play_id":"2fbd7a7c-a5d4-4b42-9a6c-b423bf1f4f18","local_time":"20190609205040","is_ascension_mode":true,"campfire_choices":[{"data":"Fiend Fire","floor":6.0,"key":"SMITH"},{"data":"Seeing Red","floor":8.0,"key":"SMITH"},{"data":"Feed","floor":12.0,"key":"SMITH"},{"floor":15.0,"key":"REST"}],"neow_cost":"NONE","seed_source_timestamp":685538129303585,"circlet_count":0,"master_deck":["AscendersBane","Strike_R","Strike_R","Strike_R","Strike_R","Strike_R","Defend_R","Defend_R","Defend_R","Defend_R","Bash+1","Evolve","Seeing Red+1","Fiend Fire+1","Dropkick","Battle Trance","Feed+1","Cleave","Shrug It Off","Bludgeon","Feed+1","Ghostly Armor","Twin Strike+1","Whirlwind"],"special_seed":0,"relics":["Burning Blood","Bronze Scales","PreservedInsect","Calipers","Fusion Hammer"],"potions_floor_usage":[21,22,23],"damage_taken":[{"damage":11.0,"enemies":"Jaw Worm","floor":1.0,"turns":4.0},{"damage":6.0,"enemies":"Cultist","floor":5.0,"turns":3.0},{"damage":13.0,"enemies":"Small Slimes","floor":7.0,"turns":2.0},{"damage":8.0,"enemies":"Gremlin Nob","floor":10.0,"turns":3.0},{"damage":9.0,"enemies":"Red Slaver","floor":11.0,"turns":2.0},{"damage":11.0,"enemies":"Blue Slaver","floor":13.0,"turns":3.0},{"damage":25.0,"enemies":"3 Sentries","floor":14.0,"turns":5.0},{"damage":18.0,"enemies":"Slime Boss","floor":16.0,"turns":8.0},{"damage":1.0,"enemies":"Spheric Guardian","floor":18.0,"turns":3.0},{"damage":0.0,"enemies":"Chosen","floor":20.0,"turns":2.0},{"damage":18,"enemies":"Centurion and Healer","floor":21,"turns":3},{"damage":48,"enemies":"Snake Plant","floor":22,"turns":5},{"damage":33,"enemies":"Gremlin Leader","floor":23,"turns":2}],"seed_played":"5069054749939206433","potions_obtained":[{"floor":0.0,"key":"SmokeBomb"},{"floor":0.0,"key":"EssenceOfSteel"},{"floor":0.0,"key":"LiquidBronze"},{"floor":5.0,"key":"Explosive Potion"},{"floor":13.0,"key":"Block Potion"},{"floor":16.0,"key":"SkillPotion"},{"floor":18.0,"key":"Strength Potion"},{"floor":21,"key":"Dexterity Potion"}],"is_trial":false,"path_per_floor":["M","?","$","?","M","R","M","R","T","E","M","R","M","E","R","B",null,"M","?","M","M","M","E"],"character_chosen":"IRONCLAD","items_purchased":["Seeing Red"],"campfire_rested":1,"item_purchase_floors":[3],"current_hp_per_floor":[63,63,63,63,63,63,56,56,56,54,51,51,46,31,54,42,70,75,75,79,67,29,0],"gold":326,"neow_bonus":"THREE_SMALL_POTIONS","is_prod":false,"is_daily":false,"chose_seed":false,"campfire_upgraded":3,"win_rate":0,"timestamp":1560084640,"path_taken":["M","?","?","?","M","R","M","R","T","E","?","R","M","E","R","BOSS","M","?","M","?","M","E"],"build_version":"2019-01-23","purchased_purges":0,"victory":false,"max_hp_per_floor":[75,75,75,75,75,75,75,75,75,75,75,75,75,79,79,79,79,79,79,79,79,83,83],"card_choices":[{"not_picked":["Searing Blow","Flex"],"picked":"Evolve","floor":1.0},{"not_picked":["Armaments","Rage"],"picked":"Battle Trance","floor":5.0},{"not_picked":["Iron Wave","Reckless Charge","Headbutt"],"picked":"SKIP","floor":7.0},{"not_picked":["Uppercut","Shrug It Off"],"picked":"Feed","floor":10.0},{"not_picked":["Sever Soul","Body Slam","Thunderclap"],"picked":"SKIP","floor":11.0},{"not_picked":["Clash","Corruption"],"picked":"Cleave","floor":13.0},{"not_picked":["Sword Boomerang","Anger"],"picked":"Shrug It Off","floor":14.0},{"not_picked":["Barricade","Immolate"],"picked":"Bludgeon","floor":16.0},{"not_picked":["Warcry","True Grit","Sword Boomerang+1"],"picked":"SKIP","floor":18.0},{"not_picked":["Dual Wield","Flex"],"picked":"Ghostly Armor","floor":20.0},{"not_picked":["Clothesline","Perfected Strike"],"picked":"Twin Strike+1","floor":21},{"not_picked":["Sword Boomerang","Anger+1"],"picked":"Whirlwind","floor":22}],"player_experience":660435,"relics_obtained":[{"floor":9.0,"key":"Bronze Scales"},{"floor":10.0,"key":"PreservedInsect"},{"floor":14.0,"key":"Calipers"}],"event_choices":[{"damage_healed":0.0,"max_hp_gain":0.0,"max_hp_loss":0.0,"gold_gain":0.0,"event_name":"Upgrade Shrine","player_choice":"Upgraded","floor":2.0,"gold_loss":0.0,"damage_taken":0.0,"cards_upgraded":["Bash"]},{"damage_healed":0.0,"max_hp_gain":0.0,"max_hp_loss":0.0,"gold_gain":0.0,"event_name":"Match and Keep!","player_choice":"2 cards matched","floor":4.0,"gold_loss":0.0,"damage_taken":0.0,"cards_obtained":["Fiend Fire","Dropkick"]},{"damage_healed":0.0,"max_hp_gain":0.0,"max_hp_loss":0.0,"gold_gain":0.0,"event_name":"Duplicator","player_choice":"Copied","floor":19.0,"gold_loss":0.0,"damage_taken":0.0,"cards_obtained":["Feed"]}],"is_beta":false,"boss_relics":[{"not_picked":["Empty Cage","Cursed Key"],"picked":"Fusion Hammer"}],"items_purged_floors":[],"is_endless":false,"potions_floor_spawned":[5,7,13,16,18,21],"killed_by":"Gremlin Leader","ascension_level":19}