{"gold_per_floor":[117,42,55,55,69,95,95,121,146,146,158,172,185,204,204,303,303,319,319,319,319,333,367,396,333,369,381,393,415,427,457,469,577,589,613,643,655],"floor_reached":37,"playtime":2694,"items_purged":["Strike_R"],"score":488,"play_id":"2ab74a04-bff4-469c-955d-134586c414c2","local_time":"20180804104706","is_ascension_mode":true,"campfire_choices":[{"data":"Iron Wave","floor":7,"key":"SMITH"},{"data":"Double Tap","floor":10,"key":"SMITH"},{"data":"Body Slam","floor":15,"key":"SMITH"},{"data":"Entrench","floor":27,"key":"SMITH"},{"data":"Infernal Blade","floor":30,"key":"SMITH"},{"data":"Flame Barrier","floor":32,"key":"SMITH"}],"neow_cost":"","seed_source_timestamp":154883774817616,"circlet_count":0,"master_deck":["Defend_R+1","Defend_R+1","Defend_R","Defend_R","Bash+1","Entrench+1","Iron Wave+1","Iron Wave","Double Tap+1","Cleave","Flame Barrier","Shrug It Off","Body Slam+1","Reaper","Clothesline+1","Bite","Bite","Bite","Bite","Bite","Flame Barrier+1","Armaments+1","Metallicize+1","Infernal Blade+1","Immolate","Exhume","Shrug It Off+1"],"relics":["Burning Blood","Whetstone","Orichalcum","Omamori","Cursed Key","Bronze Scales","MawBank","War Paint","Eternal Feather"],"potions_floor_usage":[6,11,16,22,23,24,37],"damage_taken":[{"damage":6,"enemies":"Cultist","floor":1,"turns":4},{"damage":9,"enemies":"Jaw Worm","floor":3,"turns":3},{"damage":2,"enemies":"2 Louse","floor":5,"turns":2},{"damage":30,"enemies":"Gremlin Nob","floor":6,"turns":5},{"damage":24,"enemies":"3 Sentries","floor":8,"turns":10},{"damage":5,"enemies":"Lots of Slimes","floor":11,"turns":3},{"damage":8,"enemies":"Large Slime","floor":12,"turns":5},{"damage":5,"enemies":"Looter","floor":13,"turns":3},{"damage":8,"enemies":"Blue Slaver","floor":14,"turns":3},{"damage":38,"enemies":"Hexaghost","floor":16,"turns":10},{"damage":10,"enemies":"Shell Parasite","floor":18,"turns":5},{"damage":22,"enemies":"2 Thieves","floor":22,"turns":4},{"damage":30,"enemies":"Book of Stabbing","floor":23,"turns":7},{"damage":6,"enemies":"Snake Plant","floor":24,"turns":3},{"damage":7,"enemies":"Centurion and Healer","floor":29,"turns":10},{"damage":5,"enemies":"Slaver and Parasite","floor":31,"turns":5},{"damage":85,"enemies":"Champ","floor":33,"turns":16},{"damage":0,"enemies":"Orb Walker","floor":35,"turns":4},{"damage":0,"enemies":"Flame Bruiser 1 Orb","floor":36,"turns":7},{"damage":80,"enemies":"Transient","floor":37,"turns":5}],"seed_played":"-8572324190905981195","potions_obtained":[{"floor":3,"key":"BloodPotion"},{"floor":8,"key":"Energy Potion"},{"floor":11,"key":"GamblersBrew"},{"floor":16,"key":"Ancient Potion"},{"floor":18,"key":"Block Potion"},{"floor":23,"key":"EssenceOfSteel"},{"floor":35,"key":"Regen Potion"},{"floor":36,"key":"Dexterity Potion"}],"is_trial":false,"path_per_floor":["M","$","M","?","M","E","R","E","T","R","M","M","M","M","R","B",null,"M","?","?","?","M","E","M","?","T","R","$","M","R","M","R","B",null,"M","M"],"character_chosen":"IRONCLAD","items_purchased":[],"campfire_rested":0,"item_purchase_floors":[],"current_hp_per_floor":[80,80,77,82,85,69,69,51,51,51,52,50,51,49,49,17,85,81,59,43,43,41,23,23,23,23,23,23,48,48,58,58,16,59,59,59,0],"gold":655,"neow_bonus":"","is_prod":false,"is_daily":false,"chose_seed":false,"campfire_upgraded":6,"win_rate":0,"timestamp":1533350826,"path_taken":["M","$","?","?","M","E","R","E","T","R","M","M","M","?","R","BOSS","M","?","?","?","?","E","M","?","T","R","$","M","R","M","R","BOSS","M","M","M"],"build_version":"2018-08-02","purchased_purges":1,"victory":false,"max_hp_per_floor":[80,80,80,85,85,85,85,85,85,85,85,85,85,85,85,85,85,85,59,59,59,59,59,59,59,59,59,59,59,59,59,59,59,59,59,59,59],"card_choices":[{"not_picked":["Headbutt","Feel No Pain"],"picked":"Heavy Blade","floor":1},{"not_picked":["Headbutt","Warcry"],"picked":"Entrench","floor":3},{"not_picked":["Whirlwind","Bloodletting"],"picked":"Iron Wave","floor":5},{"not_picked":["Clash","Warcry"],"picked":"Iron Wave","floor":6},{"not_picked":["Anger","Combust"],"picked":"Double Tap","floor":8},{"not_picked":["Clothesline","Pommel Strike"],"picked":"Cleave","floor":11},{"not_picked":["Fire Breathing","Iron Wave"],"picked":"Flame Barrier","floor":12},{"not_picked":["Pommel Strike","Clothesline"],"picked":"Shrug It Off","floor":13},{"not_picked":["Impervious","Havoc"],"picked":"Body Slam","floor":14},{"not_picked":["Berserk","Double Tap"],"picked":"Reaper","floor":16},{"not_picked":["Havoc","Reckless Charge"],"picked":"Clothesline+1","floor":18},{"not_picked":["Headbutt+1","True Grit"],"picked":"Flame Barrier","floor":22},{"not_picked":["Warcry","Sword Boomerang+1"],"picked":"Armaments+1","floor":23},{"not_picked":["Flex","Cleave"],"picked":"Metallicize+1","floor":24},{"not_picked":["Power Through+1","Second Wind"],"picked":"Infernal Blade","floor":29},{"not_picked":["Heavy Blade+1","Rampage+1"],"picked":"Immolate","floor":31},{"not_picked":["Limit Break","Immolate"],"picked":"Exhume","floor":33},{"not_picked":["Warcry","Sword Boomerang+1"],"picked":"Shrug It Off+1","floor":35},{"not_picked":["Blood for Blood","Clothesline","Reckless Charge"],"picked":"SKIP","floor":36}],"player_experience":310758,"relics_obtained":[{"floor":6,"key":"Whetstone"},{"floor":8,"key":"Orichalcum"},{"floor":9,"key":"Omamori"},{"floor":23,"key":"MawBank"},{"floor":26,"key":"War Paint"}],"event_choices":[{"event_name":"Big Fish","player_choice":"Donut","floor":4,"damage_taken":0},{"event_name":"Vampires","player_choice":"Became a vampire","floor":19,"damage_taken":0},{"event_name":"Cursed Tome","player_choice":"Obtained Book","floor":20,"damage_taken":0},{"event_name":"The Mausoleum","player_choice":"Yes","floor":21,"damage_taken":0},{"event_name":"Beggar","player_choice":"Gave Gold","floor":25,"damage_taken":0}],"is_beta":false,"boss_relics":[{"not_picked":["Runic Cube","Orrery"],"picked":"Cursed Key"},{"not_picked":["Coffee Dripper","Philosopher\u0027s Stone"],"picked":"Eternal Feather"}],"items_purged_floors":[2],"is_endless":false,"potions_floor_spawned":[3,8,11,16,18,23,35,36],"killed_by":"Transient","ascension_level":3}