{"gold_per_floor":[118,293,48,48,62,62,79,79,79,79,97,97],"floor_reached":12,"playtime":441,"items_purged":[],"score":78,"play_id":"850492c8-d3ac-48b8-86bd-9ec0f0b387cb","local_time":"20190612211931","is_ascension_mode":true,"campfire_choices":[{"data":"Zap","floor":6,"key":"SMITH"},{"data":"Conserve Battery","floor":8,"key":"SMITH"}],"neow_cost":"NONE","seed_source_timestamp":2831808291795,"circlet_count":0,"master_deck":["Strike_B","Strike_B","Strike_B","Defend_B","Defend_B","Defend_B","Zap+1","Dualcast","Conserve Battery+1","Doubt","Regret","Conserve Battery"],"relics":["Empty Cage","Bottled Lightning","Anchor","Ornamental Fan","Gremlin Horn"],"potions_floor_usage":[],"damage_taken":[{"damage":6,"enemies":"Jaw Worm","floor":1,"turns":5},{"damage":1,"enemies":"2 Louse","floor":5,"turns":3},{"damage":10,"enemies":"Cultist","floor":7,"turns":6},{"damage":16,"enemies":"Lots of Slimes","floor":11,"turns":5},{"damage":44,"enemies":"Lagavulin","floor":12,"turns":8}],"seed_played":"-5347997816121255297","potions_obtained":[{"floor":7,"key":"Energy Potion"}],"is_trial":false,"path_per_floor":["M","?","$","?","M","R","M","R","T","T","M","E"],"character_chosen":"DEFECT","items_purchased":["Bottled Lightning"],"campfire_rested":0,"item_purchase_floors":[3],"current_hp_per_floor":[69,69,69,69,68,68,58,58,58,58,42,0],"gold":97,"neow_bonus":"BOSS_RELIC","is_prod":false,"is_daily":false,"chose_seed":false,"campfire_upgraded":2,"win_rate":0,"timestamp":1560388771,"path_taken":["M","?","$","?","M","R","M","R","T","?","?","E"],"build_version":"2019-01-23","purchased_purges":0,"victory":false,"max_hp_per_floor":[75,75,75,75,75,75,75,75,75,75,75,75],"card_choices":[{"not_picked":["Steam","Go for the Eyes"],"picked":"Conserve Battery","floor":1},{"not_picked":["Heatsinks","Fusion"],"picked":"Conserve Battery","floor":5},{"not_picked":["Streamline","Stack","Barrage"],"picked":"SKIP","floor":7},{"not_picked":["Scrape","Barrage","Force Field"],"picked":"SKIP","floor":11}],"player_experience":394503,"relics_obtained":[{"floor":9,"key":"Ornamental Fan"},{"floor":10,"key":"Gremlin Horn"}],"event_choices":[{"damage_healed":0,"gold_gain":175,"player_choice":"AGREE","damage_taken":0,"max_hp_gain":0,"max_hp_loss":0,"event_name":"Liars Game","floor":2,"gold_loss":0,"cards_obtained":["Doubt"]},{"damage_healed":0,"gold_gain":0,"player_choice":"Box","damage_taken":0,"relics_obtained":["Anchor"],"max_hp_gain":0,"max_hp_loss":0,"event_name":"Big Fish","floor":4,"gold_loss":0,"cards_obtained":["Regret"]}],"is_beta":false,"boss_relics":[],"items_purged_floors":[],"is_endless":false,"potions_floor_spawned":[7],"killed_by":"Lagavulin","ascension_level":3}