{"gold_per_floor":[117,42,52,52,66,66,91,91,91,103,129,152,64,75,75,173,173,188,188,188,218,230,230,256,256,256,256,273,273,148,163,163,264,314,327,354,372,372,388,388,388],"floor_reached":41,"playtime":3155,"items_purged":["Strike_B","Strike_B","Strike_B"],"score":578,"play_id":"008cfd48-9907-418b-a93e-1cdeb631b6c3","local_time":"20180724200027","is_ascension_mode":true,"campfire_choices":[{"data":"Coolheaded","floor":6,"key":"SMITH"},{"data":"Dualcast","floor":8,"key":"SMITH"},{"data":"Gash","floor":10,"key":"SMITH"},{"data":"Conserve Battery","floor":15,"key":"SMITH"},{"data":"Zap","floor":23,"key":"SMITH"},{"data":"Undo","floor":25,"key":"SMITH"},{"data":"Skim","floor":27,"key":"SMITH"},{"data":"Conserve Battery","floor":29,"key":"SMITH"},{"floor":32,"key":"REST"},{"data":"Go for the Eyes","floor":40,"key":"SMITH"}],"neow_cost":"NONE","seed_source_timestamp":250817432093285,"circlet_count":0,"master_deck":["Defend_B","Defend_B","Defend_B","Defend_B+1","Zap+1","Dualcast+1","Undo+1","Gash+1","Coolheaded+1","Lockon","Go for the Eyes+1","Skim+1","Conserve Battery+1","Core Surge","Conserve Battery+1","Barrage+1","Chill+1","Conserve Battery+1","Conserve Battery+1","Echo Form","Streamline+1","Aggregate+1","Gash"],"relics":["Cracked Core","Cables","MawBank","Sozu","Red Mask","Dodecahedron","DataDisk","Tiny House","Omamori"],"potions_floor_usage":[7,11,16,16],"damage_taken":[{"damage":0,"enemies":"2 Louse","floor":1,"turns":1},{"damage":0,"enemies":"Small Slimes","floor":3,"turns":3},{"damage":0,"enemies":"Cultist","floor":5,"turns":4},{"damage":40,"enemies":"Gremlin Nob","floor":7,"turns":5},{"damage":0,"enemies":"2 Fungi Beasts","floor":11,"turns":4},{"damage":0,"enemies":"Large Slime","floor":12,"turns":5},{"damage":12,"enemies":"Exordium Thugs","floor":14,"turns":7},{"damage":0,"enemies":"The Guardian","floor":16,"turns":9},{"damage":7,"enemies":"3 Byrds","floor":18,"turns":6},{"damage":13,"floor":21,"turns":7},{"damage":5,"enemies":"Shell Parasite","floor":22,"turns":7},{"damage":24,"enemies":"Book of Stabbing","floor":24,"turns":6},{"damage":0,"enemies":"Cultist and Chosen","floor":28,"turns":5},{"damage":0,"enemies":"Centurion and Healer","floor":31,"turns":5},{"damage":46,"enemies":"Automaton","floor":33,"turns":15},{"damage":6,"enemies":"3 Shapes","floor":35,"turns":5},{"damage":3,"enemies":"Orb Walker","floor":37,"turns":4},{"damage":53,"enemies":"4 Shapes","floor":39,"turns":5},{"damage":37,"enemies":"Giant Head","floor":41,"turns":10}],"seed_played":"7816833212797671994","potions_obtained":[{"floor":1,"key":"GamblersBrew"},{"floor":7,"key":"AttackPotion"},{"floor":11,"key":"FocusPotion"},{"floor":12,"key":"Ancient Potion"}],"is_trial":false,"path_per_floor":["M","$","M","?","M","R","E","R","T","R","M","M","$","M","R","B",null,"M","?","?","?","M","R","E","R","T","R","M","R","$","M","R","B",null,"M","T","M","?","M","R"],"character_chosen":"DEFECT","items_purchased":[],"campfire_rested":1,"item_purchase_floors":[],"current_hp_per_floor":[75,75,75,75,75,75,35,35,35,35,35,35,35,23,23,23,75,68,68,68,55,50,50,26,26,26,26,26,26,26,26,48,2,80,74,74,71,80,27,27,0],"gold":388,"neow_bonus":"REMOVE_CARD","is_prod":false,"is_daily":false,"chose_seed":false,"campfire_upgraded":9,"win_rate":0,"timestamp":1532433627,"path_taken":["M","$","M","?","M","R","E","R","T","R","M","M","$","?","R","BOSS","M","?","?","?","M","R","E","R","T","R","?","R","$","?","R","BOSS","M","?","M","?","M","R","E"],"build_version":"2018-07-19v2","purchased_purges":3,"victory":false,"max_hp_per_floor":[75,75,75,75,75,75,75,75,75,75,75,75,75,75,75,75,75,75,75,75,75,75,75,75,75,75,75,75,75,75,75,75,75,80,80,80,80,80,80,80,80],"card_choices":[{"not_picked":["Steam Power","Hello World"],"picked":"Undo","floor":1},{"not_picked":["Genetic Algorithm","Conserve Battery"],"picked":"Gash","floor":3},{"not_picked":["Ball Lightning","Conserve Battery"],"picked":"Coolheaded","floor":5},{"not_picked":["Glacier","Chaos"],"picked":"Lockon","floor":7},{"not_picked":["Rebound","Ball Lightning"],"picked":"Go for the Eyes","floor":11},{"not_picked":["Go for the Eyes","Reprogram"],"picked":"Skim","floor":12},{"not_picked":["Steam","Hologram"],"picked":"Conserve Battery","floor":14},{"not_picked":["Creative AI","Hyperbeam"],"picked":"Core Surge","floor":16},{"not_picked":["Cold Snap","Beam Cell"],"picked":"Conserve Battery+1","floor":18},{"not_picked":["Rebound+1","Hologram"],"picked":"Barrage+1","floor":22},{"not_picked":["Self Repair","Stack"],"picked":"Chill+1","floor":24},{"not_picked":["Rebound+1","Beam Cell"],"picked":"Conserve Battery","floor":28},{"not_picked":["Skim","Hologram"],"picked":"Conserve Battery+1","floor":31},{"not_picked":["Multi-Cast","Meteor Strike"],"picked":"Echo Form","floor":33},{"not_picked":["Steam","Storm"],"picked":"Streamline+1","floor":34},{"not_picked":["Fusion","Conserve Battery+1"],"picked":"Aggregate+1","floor":35},{"not_picked":["Rebound+1","Hologram"],"picked":"Gash","floor":37},{"not_picked":["Darkness","Heatsinks","Streamline"],"picked":"SKIP","floor":39}],"player_experience":227650,"relics_obtained":[{"floor":7,"key":"Cables"},{"floor":9,"key":"MawBank"},{"floor":21,"key":"Red Mask"},{"floor":24,"key":"Dodecahedron"},{"floor":26,"key":"DataDisk"},{"floor":36,"key":"Omamori"}],"event_choices":[{"event_name":"Golden Idol","player_choice":"Ignored","floor":4,"damage_taken":0},{"event_name":"Drug Dealer","player_choice":"Ignored","floor":19,"damage_taken":0},{"event_name":"Ghosts","player_choice":"Ignored","floor":20,"damage_taken":0},{"event_name":"Masked Bandits","player_choice":"Fought over 188 gold","floor":21,"damage_taken":0},{"event_name":"Winding Halls","player_choice":"Writhe","floor":38,"damage_taken":0}],"is_beta":false,"boss_relics":[{"not_picked":["Snecko Eye","White Beast Statue"],"picked":"Sozu"},{"not_picked":["Runic Dome","FrozenCore"],"picked":"Tiny House"}],"items_purged_floors":[2,13,30],"is_endless":false,"potions_floor_spawned":[1,7,11,12,21,22,31,37],"killed_by":"Giant Head","ascension_level":4}