{"gold_per_floor":[109,34,44,44,59,84,84,99,99,115,115,145,145,160,160,237,237,254,270,270,270,76,76],"floor_reached":23,"playtime":957,"items_purged":[],"score":392,"play_id":"93c29b52-9daf-42e1-8a81-014983a55697","local_time":"20190609203547","is_ascension_mode":true,"campfire_choices":[{"data":"Demon Form","floor":7,"key":"SMITH"},{"data":"Bash","floor":11,"key":"SMITH"},{"floor":15,"key":"REST"}],"neow_cost":"NONE","seed_source_timestamp":684571655939595,"circlet_count":0,"master_deck":["AscendersBane","Strike_R","Strike_R","Defend_R","Defend_R","Defend_R","Bash+1","Pommel Strike","Pommel Strike","Spot Weakness","Demon Form+1","Reckless Charge","Battle Trance","Shockwave","Feed","Havoc+1","Disarm","Body Slam"],"relics":["Burning Blood","NeowsBlessing","Kunai","Self Forming Clay","Gremlin Horn","Empty Cage","MutagenicStrength","Ancient Tea Set"],"potions_floor_usage":[6,12,18,19],"damage_taken":[{"damage":0,"enemies":"Jaw Worm","floor":1,"turns":1},{"damage":0,"enemies":"Small Slimes","floor":3,"turns":1},{"damage":0,"enemies":"Cultist","floor":5,"turns":1},{"damage":8,"enemies":"Gremlin Nob","floor":6,"turns":3},{"damage":12,"enemies":"Large Slime","floor":8,"turns":6},{"damage":23,"enemies":"Lots of Slimes","floor":10,"turns":4},{"damage":34,"enemies":"3 Sentries","floor":12,"turns":6},{"damage":13,"enemies":"Blue Slaver","floor":14,"turns":2},{"damage":26,"enemies":"Hexaghost","floor":16,"turns":6},{"damage":20,"enemies":"Spheric Guardian","floor":18,"turns":5},{"damage":17,"enemies":"3 Byrds","floor":19,"turns":3},{"damage":57,"enemies":"Gremlin Leader","floor":23,"turns":5}],"seed_played":"-6729013390424199784","potions_obtained":[{"floor":1,"key":"AttackPotion"},{"floor":10,"key":"AttackPotion"},{"floor":12,"key":"Ancient Potion"},{"floor":16,"key":"LiquidBronze"},{"floor":18,"key":"FearPotion"}],"is_trial":false,"path_per_floor":["M","?","M","?","M","E","R","M","T","M","R","E","?","M","R","B",null,"M","M","?","?","$","E"],"character_chosen":"IRONCLAD","items_purchased":["Body Slam","Ancient Tea Set"],"campfire_rested":1,"item_purchase_floors":[22,22],"current_hp_per_floor":[74,74,75,75,75,73,73,67,67,50,50,22,22,15,37,17,61,50,42,42,42,42,0],"gold":76,"neow_bonus":"THREE_ENEMY_KILL","is_prod":false,"is_daily":false,"chose_seed":false,"campfire_upgraded":2,"win_rate":0,"timestamp":1560083747,"path_taken":["M","?","M","?","?","E","R","M","T","M","R","E","?","M","R","BOSS","M","?","?","?","?","E"],"build_version":"2019-01-23","purchased_purges":0,"victory":false,"max_hp_per_floor":[75,75,75,75,75,75,75,75,75,75,75,75,75,75,75,75,75,78,81,81,81,81,81],"card_choices":[{"not_picked":["Intimidate","Clothesline"],"picked":"Pommel Strike","floor":1},{"not_picked":["Thunderclap","Clash"],"picked":"Pommel Strike","floor":3},{"not_picked":["Sever Soul","Cleave"],"picked":"Spot Weakness","floor":5},{"not_picked":["True Grit","Clash"],"picked":"Demon Form","floor":6},{"not_picked":["Thunderclap","Dual Wield"],"picked":"Reckless Charge","floor":8},{"not_picked":["Wild Strike","Pummel"],"picked":"Battle Trance","floor":10},{"not_picked":["Body Slam","Infernal Blade"],"picked":"Shockwave","floor":12},{"not_picked":["Warcry","Perfected Strike","Thunderclap"],"picked":"SKIP","floor":14},{"not_picked":["Berserk","Barricade"],"picked":"Feed","floor":16},{"not_picked":["Power Through+1","Clash"],"picked":"Havoc+1","floor":18},{"not_picked":["Armaments","Shrug It Off"],"picked":"Disarm","floor":19}],"player_experience":659478,"relics_obtained":[{"floor":6,"key":"Kunai"},{"floor":9,"key":"Self Forming Clay"},{"floor":12,"key":"Gremlin Horn"}],"event_choices":[{"cards_removed":["Strike_R"],"damage_healed":0,"gold_gain":0,"player_choice":"Card Removal","damage_taken":0,"max_hp_gain":0,"max_hp_loss":0,"event_name":"The Cleric","floor":2,"gold_loss":75},{"damage_healed":0,"gold_gain":0,"player_choice":"0 cards matched","damage_taken":0,"max_hp_gain":0,"max_hp_loss":0,"event_name":"Match and Keep!","floor":4,"gold_loss":0,"cards_obtained":[]},{"cards_removed":["Strike_R"],"damage_healed":0,"gold_gain":0,"player_choice":"Purged","damage_taken":0,"max_hp_gain":0,"max_hp_loss":0,"event_name":"Purifier","floor":13,"gold_loss":0},{"damage_healed":0,"gold_gain":0,"player_choice":"Ignored","damage_taken":0,"max_hp_gain":0,"max_hp_loss":0,"event_name":"The Mausoleum","floor":20,"gold_loss":0},{"damage_healed":0,"gold_gain":0,"player_choice":"Inject Mutagens","damage_taken":0,"relics_obtained":["MutagenicStrength"],"max_hp_gain":0,"max_hp_loss":0,"event_name":"Drug Dealer","floor":21,"gold_loss":0}],"is_beta":false,"boss_relics":[{"not_picked":["White Beast Statue","Cursed Key"],"picked":"Empty Cage"}],"items_purged_floors":[],"is_endless":false,"potions_floor_spawned":[1,10,12,16,18],"killed_by":"Gremlin Leader","ascension_level":19}