{"gold_per_floor":[118,118,132,18,29,29,45,45,45,22,32,63,63,96,96,198,198,208,221,13,13,13,13],"floor_reached":23,"playtime":2392,"items_purged":["Strike_B","Defend_B"],"score":229,"play_id":"2eb7e600-4017-4bed-a7f2-ac64752d5479","local_time":"20180721131918","is_ascension_mode":true,"campfire_choices":[{"data":"Zap","floor":6,"key":"SMITH"},{"data":"Glacier","floor":8,"key":"SMITH"},{"data":"Chill","floor":13,"key":"SMITH"},{"floor":15,"key":"REST"}],"neow_cost":"NONE","seed_source_timestamp":63412588656929,"circlet_count":0,"master_deck":["Strike_B","Strike_B","Defend_B","Defend_B","Zap+1","Dualcast","Scrape","Hologram","Blizzard","Scrape","Glacier+1","Compile Driver","Coolheaded","Chill+1","Reboot","Seek","Rebound","Skim+1","Melter","Self Repair","RitualDagger"],"relics":["Philosopher\u0027s Stone","Bird Faced Urn","Girya","Incense Burner","Cables","Empty Cage"],"potions_floor_usage":[23,23],"damage_taken":[{"damage":6,"enemies":"Small Slimes","floor":1,"turns":4},{"damage":3,"enemies":"Jaw Worm","floor":3,"turns":4},{"damage":5,"enemies":"Cultist","floor":5,"turns":4},{"damage":9,"enemies":"Looter","floor":7,"turns":3},{"damage":0,"enemies":"2 Fungi Beasts","floor":11,"turns":4},{"damage":14,"enemies":"Gremlin Nob","floor":12,"turns":4},{"damage":10,"enemies":"Lagavulin","floor":14,"turns":6},{"damage":10,"enemies":"Hexaghost","floor":16,"turns":13},{"damage":31,"enemies":"3 Byrds","floor":18,"turns":5},{"damage":21,"enemies":"2 Thieves","floor":19,"turns":4},{"damage":26,"enemies":"Slavers","floor":23,"turns":3}],"seed_played":"8845626215102141943","potions_obtained":[{"floor":7,"key":"Poison Potion"},{"floor":11,"key":"Explosive Potion"},{"floor":12,"key":"LiquidBronze"},{"floor":16,"key":"SkillPotion"},{"floor":18,"key":"FearPotion"}],"is_trial":false,"path_per_floor":["M","?","M","$","M","R","M","R","T","$","M","E","R","E","R","B",null,"M","M","$","?","?"],"character_chosen":"DEFECT","items_purchased":["Blizzard","Compile Driver","Melter","Self Repair"],"campfire_rested":1,"item_purchase_floors":[4,10,20,20],"current_hp_per_floor":[69,66,63,63,58,58,49,49,49,49,49,35,35,25,47,37,75,44,23,23,17,17,0],"gold":13,"neow_bonus":"BOSS_RELIC","is_prod":false,"is_daily":false,"chose_seed":false,"campfire_upgraded":3,"win_rate":0,"timestamp":1532150358,"path_taken":["M","?","M","$","M","R","M","R","T","$","M","E","R","E","R","BOSS","M","?","$","?","?","E"],"build_version":"2018-07-19v2","purchased_purges":2,"victory":false,"max_hp_per_floor":[75,75,75,75,75,75,75,75,75,75,75,75,75,75,75,75,75,75,75,75,75,75,75],"card_choices":[{"not_picked":["Go for the Eyes","Stack"],"picked":"Scrape","floor":1},{"not_picked":["Recycle","Rebound"],"picked":"Hologram","floor":3},{"not_picked":["Hologram","Storm"],"picked":"Scrape","floor":5},{"not_picked":["Steam","Static Discharge"],"picked":"Glacier","floor":7},{"not_picked":["Defragment","Compile Driver"],"picked":"Coolheaded","floor":11},{"not_picked":["Lockon","Buffer"],"picked":"Chill","floor":12},{"not_picked":["Conserve Battery","Genetic Algorithm"],"picked":"Reboot","floor":14},{"not_picked":["Rainbow","Buffer"],"picked":"Seek","floor":16},{"not_picked":["Heatsinks+1","Tempest"],"picked":"Rebound","floor":18},{"not_picked":["White Noise","Go for the Eyes+1"],"picked":"Skim+1","floor":19}],"player_experience":187394,"relics_obtained":[{"floor":9,"key":"Girya"},{"floor":12,"key":"Incense Burner"},{"floor":14,"key":"Cables"}],"event_choices":[{"event_name":"Scrap Ooze","player_choice":"success","floor":2,"damage_taken":3},{"event_name":"Nest","player_choice":"Joined the Cult","floor":21,"damage_taken":0},{"event_name":"Addict","player_choice":"Ignored","floor":22,"damage_taken":0}],"is_beta":false,"boss_relics":[{"not_picked":["Ectoplasm","Fusion Hammer"],"picked":"Empty Cage"}],"items_purged_floors":[4,20],"is_endless":false,"potions_floor_spawned":[7,11,12,16,18],"killed_by":"Slavers","ascension_level":3}