{"gold_per_floor":[113,113,126,126,140,157,177,177,177,20,30,50,0,11,11,115,115,129,129,44,56,56,91,91,106,160,172,172,172,184,200,200,304,304,316,334,33,33,44,44,44,44,69,69,89,100,100,115,115,115],"floor_reached":50,"playtime":4224,"items_purged":["Strike_B"],"score":535,"play_id":"bc874ddc-9bbb-4d54-85f7-348abf05be59","local_time":"20190122031719","is_ascension_mode":false,"campfire_choices":[{"data":"Zap","floor":8.0,"key":"SMITH"},{"data":"Buffer","floor":15.0,"key":"SMITH"},{"data":"Reprogram","floor":24.0,"key":"SMITH"},{"data":"All For One","floor":29.0,"key":"SMITH"},{"floor":32.0,"key":"REST"},{"data":"All For One","floor":40.0,"key":"SMITH"},{"data":"Madness","floor":44.0,"key":"SMITH"},{"floor":47.0,"key":"REST"},{"data":"Madness","floor":49.0,"key":"SMITH"}],"neow_cost":"NONE","seed_source_timestamp":23200894378600,"circlet_count":0,"master_deck":["Strike_B+1","Strike_B+1","Defend_B+1","Defend_B+1","Defend_B+1","Defend_B+1","Zap+1","Dualcast+1","Chill+1","Rebound+1","Beam Cell+1","Go for the Eyes+1","Hologram+1","Reprogram+1","Gash+1","Buffer+1","All For One+1","Gash+1","Go for the Eyes+1","Compile Driver+1","Gash+1","All For One+1","Stack+1","BootSequence+1","Steam+1","Dark Shackles+1","Doom and Gloom+1","Madness+1","Madness+1","Streamline+1","Sweeping Beam+1"],"special_seed":0,"relics":["Cracked Core","NeowsBlessing","Happy Flower","FaceOfCleric","Ancient Tea Set","Lantern","Black Star","Enchiridion","Letter Opener","War Paint","Darkstone Periapt","Omamori","Dodecahedron","Nuclear Battery","Mark of the Bloom","Centennial Puzzle"],"potions_floor_usage":[50,50,50],"damage_taken":[{"damage":0.0,"enemies":"2 Louse","floor":1.0,"turns":1.0},{"damage":0.0,"enemies":"Cultist","floor":3.0,"turns":1.0},{"damage":0.0,"enemies":"Small Slimes","floor":5.0,"turns":1.0},{"damage":3.0,"enemies":"2 Fungi Beasts","floor":6.0,"turns":3.0},{"damage":1.0,"enemies":"Exordium Wildlife","floor":7.0,"turns":2.0},{"damage":3.0,"enemies":"Lots of Slimes","floor":11.0,"turns":3.0},{"damage":8.0,"enemies":"2 Fungi Beasts","floor":12.0,"turns":3.0},{"damage":0.0,"enemies":"Blue Slaver","floor":14.0,"turns":3.0},{"damage":25.0,"enemies":"Slime Boss","floor":16.0,"turns":11.0},{"damage":0.0,"enemies":"Chosen","floor":18.0,"turns":5.0},{"damage":0.0,"enemies":"2 Thieves","floor":21.0,"turns":4.0},{"damage":16.0,"enemies":"Book of Stabbing","floor":23.0,"turns":5.0},{"damage":13.0,"enemies":"Snake Plant","floor":25.0,"turns":5.0},{"damage":0.0,"enemies":"Cultist and Chosen","floor":27.0,"turns":3.0},{"damage":15.0,"enemies":"Snecko","floor":30.0,"turns":6.0},{"damage":0.0,"enemies":"Sentry and Sphere","floor":31.0,"turns":4.0},{"damage":45.0,"enemies":"Automaton","floor":33.0,"turns":10.0},{"damage":4.0,"enemies":"Orb Walker","floor":35.0,"turns":4.0},{"damage":5.0,"enemies":"3 Shapes","floor":36.0,"turns":5.0},{"damage":12.0,"enemies":"Spire Growth","floor":39.0,"turns":5.0},{"damage":22.0,"enemies":"3 Darklings","floor":45.0,"turns":3.0},{"damage":1.0,"enemies":"Sphere and 2 Shapes","floor":46.0,"turns":5.0},{"damage":0.0,"enemies":"Transient","floor":48.0,"turns":5.0},{"damage":52,"enemies":"Donu and Deca","floor":50,"turns":8}],"seed_played":"-3072329216736955484","potions_obtained":[{"floor":1.0,"key":"Block Potion"},{"floor":3.0,"key":"Ancient Potion"},{"floor":14.0,"key":"Fruit Juice"},{"floor":16.0,"key":"SteroidPotion"},{"floor":18.0,"key":"Energy Potion"},{"floor":25.0,"key":"Block Potion"},{"floor":31.0,"key":"SneckoOil"},{"floor":36.0,"key":"Weak Potion"},{"floor":39.0,"key":"Dexterity Potion"}],"is_trial":false,"path_per_floor":["M","?","M","?","M","M","M","R","T","$","M","M","?","M","R","B",null,"M","?","?","M","?","E","R","M","T","M","T","R","M","M","R","B",null,"M","M","$","?","M","R","?","?","T","R","M","M","R","M","R","B"],"character_chosen":"DEFECT","items_purchased":["Lantern","BootSequence","Steam","Dark Shackles"],"campfire_rested":2,"item_purchase_floors":[10,37,37,37],"current_hp_per_floor":[75,68,68,68,69,67,67,67,67,67,65,58,58,59,59,40,87,88,72,72,73,73,58,58,46,46,47,47,47,33,34,62,18,95,92,88,88,88,77,77,77,65,65,65,43,42,42,42,42,0],"gold":115,"neow_bonus":"THREE_ENEMY_KILL","is_prod":false,"is_daily":false,"chose_seed":false,"campfire_upgraded":7,"win_rate":0.0,"timestamp":1548123439,"path_taken":["M","?","M","?","M","M","?","R","T","$","M","?","?","M","R","BOSS","M","?","?","M","?","E","R","?","T","?","?","R","M","M","R","BOSS","M","M","$","?","M","R","?","?","T","R","M","M","R","?","R","BOSS"],"build_version":"2019-01-17v2","purchased_purges":1,"victory":false,"max_hp_per_floor":[75,75,75,75,76,77,78,78,78,78,79,80,80,81,81,87,87,88,88,88,89,89,90,90,91,91,92,92,92,93,94,94,95,95,96,97,97,97,98,98,98,98,98,98,99,100,100,101,101,101],"card_choices":[{"not_picked":["Leap","Rebound"],"picked":"Chill","floor":1.0},{"not_picked":["Cold Snap","Recycle"],"picked":"Rebound","floor":3.0},{"not_picked":["Rebound","Heatsinks"],"picked":"Beam Cell","floor":5.0},{"not_picked":["Hologram","Fusion"],"picked":"Go for the Eyes","floor":6.0},{"not_picked":["Recycle","Streamline"],"picked":"Hologram","floor":7.0},{"not_picked":["Hologram","Sunder"],"picked":"Reprogram","floor":11.0},{"not_picked":["Ball Lightning","Steam Power"],"picked":"Gash","floor":12.0},{"not_picked":["Ball Lightning","Defragment"],"picked":"Buffer","floor":14.0},{"not_picked":["Rainbow","Machine Learning"],"picked":"All For One","floor":16.0},{"not_picked":["Coolheaded","Hologram","Conserve Battery"],"picked":"SKIP","floor":18.0},{"not_picked":["Barrage","Steam Power"],"picked":"Gash","floor":21.0},{"not_picked":["Beam Cell","Thunder Strike"],"picked":"Go for the Eyes","floor":23.0},{"not_picked":["Barrage+1","Ball Lightning+1"],"picked":"Compile Driver+1","floor":25.0},{"not_picked":["Chaos","Hologram"],"picked":"Gash","floor":27.0},{"not_picked":["Barrage","Rebound","Rip and Tear"],"picked":"SKIP","floor":30.0},{"not_picked":["Static Discharge+1","Darkness"],"picked":"Coolheaded","floor":31.0},{"not_picked":["Core Surge","Seek"],"picked":"All For One","floor":33.0},{"not_picked":["Undo","Force Field+1"],"picked":"Stack+1","floor":35.0},{"not_picked":["Reinforced Body","Undo","Barrage+1"],"picked":"SKIP","floor":36.0},{"not_picked":["Capacitor+1","Coolheaded"],"picked":"Doom and Gloom+1","floor":39.0},{"not_picked":["Auto Shields+1","Redo"],"picked":"Streamline+1","floor":45.0},{"not_picked":["Barrage","Consume"],"picked":"Sweeping Beam+1","floor":46.0},{"not_picked":["Beam Cell","Ball Lightning+1","Leap+1"],"picked":"SKIP","floor":48.0}],"player_experience":38978,"relics_obtained":[{"floor":9.0,"key":"Ancient Tea Set"},{"floor":19.0,"key":"Enchiridion"},{"floor":23.0,"key":"War Paint"},{"floor":23.0,"key":"Darkstone Periapt"},{"floor":26.0,"key":"Omamori"},{"floor":28.0,"key":"Dodecahedron"},{"floor":43.0,"key":"Centennial Puzzle"}],"event_choices":[{"damage_healed":0.0,"max_hp_gain":0.0,"max_hp_loss":0.0,"gold_gain":0.0,"event_name":"Scrap Ooze","player_choice":"Success","floor":2.0,"gold_loss":0.0,"damage_taken":7.0,"relics_obtained":["Happy Flower"]},{"damage_healed":0.0,"max_hp_gain":0.0,"max_hp_loss":0.0,"gold_gain":0.0,"event_name":"FaceTrader","player_choice":"Trade","floor":4.0,"gold_loss":0.0,"damage_taken":0.0,"relics_obtained":["FaceOfCleric"]},{"cards_removed":["Strike_B"],"damage_healed":0.0,"max_hp_gain":0.0,"max_hp_loss":0.0,"gold_gain":0.0,"event_name":"The Cleric","player_choice":"Card Removal","floor":13.0,"gold_loss":50.0,"damage_taken":0.0},{"damage_healed":0.0,"max_hp_gain":0.0,"max_hp_loss":0.0,"gold_gain":0.0,"event_name":"Cursed Tome","player_choice":"Obtained Book","floor":19.0,"gold_loss":0.0,"damage_taken":16.0},{"damage_healed":0.0,"max_hp_gain":0.0,"max_hp_loss":0.0,"gold_gain":0.0,"event_name":"Addict","player_choice":"Obtained Relic","floor":20.0,"gold_loss":85.0,"damage_taken":0.0,"relics_obtained":["Letter Opener"]},{"damage_healed":0.0,"max_hp_gain":0.0,"max_hp_loss":0.0,"gold_gain":0.0,"event_name":"Beggar","player_choice":"Ignored","floor":22.0,"gold_loss":0.0,"damage_taken":0.0},{"cards_removed":["Coolheaded"],"damage_healed":0.0,"max_hp_gain":0.0,"max_hp_loss":0.0,"gold_gain":0.0,"event_name":"Falling","player_choice":"Removed Skill","floor":38.0,"gold_loss":0.0,"damage_taken":0.0},{"damage_healed":0.0,"max_hp_gain":0.0,"max_hp_loss":0.0,"gold_gain":0.0,"event_name":"MindBloom","player_choice":"Upgrade","floor":41.0,"gold_loss":0.0,"damage_taken":0.0,"cards_upgraded":["Strike_B","Strike_B","Defend_B","Defend_B","Defend_B","Dualcast","Rebound","Beam Cell","Go for the Eyes","Hologram","Gash","Gash","Go for the Eyes","Gash","BootSequence","Steam","Dark Shackles"],"relics_obtained":["Mark of the Bloom"]},{"damage_healed":0.0,"max_hp_gain":0.0,"max_hp_loss":0.0,"gold_gain":0.0,"event_name":"Winding Halls","player_choice":"Embrace Madness","floor":42.0,"gold_loss":0.0,"damage_taken":12.0,"cards_obtained":["Madness","Madness"]}],"is_beta":false,"boss_relics":[{"not_picked":["Snecko Eye","Ectoplasm"],"picked":"Black Star"},{"not_picked":["Coffee Dripper","Lizard Tail"],"picked":"Nuclear Battery"}],"items_purged_floors":[37],"is_endless":false,"potions_floor_spawned":[1,3,14,16,18,25,31,36,39],"killed_by":"Donu and Deca","ascension_level":0}