{"gold_per_floor":[10,29,29,29,48,48,65,65,65,97,22,39,39,49,49,150,150,167,184,184,134,84,84,112,125,149,149,179,192,192,242,242,345,345,364,380,396,407,424,424,451,94,94,94,108,128,173,188,188,188,188,188,101,126,126],"floor_reached":55,"playtime":5793,"items_purged":["Strike_R","Strike_R","Strike_R","Pain","Parasite"],"score":843,"play_id":"1d0ea126-35c6-4007-aa43-285799336937","local_time":"20190613060130","is_ascension_mode":true,"campfire_choices":[{"data":"Cleave","floor":6.0,"key":"SMITH"},{"data":"Rampage","floor":8.0,"key":"SMITH"},{"data":"Shrug It Off","floor":13.0,"key":"SMITH"},{"data":"Whirlwind","floor":15.0,"key":"SMITH"},{"data":"Fiend Fire","floor":23.0,"key":"SMITH"},{"data":"Bash","floor":27.0,"key":"SMITH"},{"data":"Cleave","floor":32.0,"key":"SMITH"},{"floor":40,"key":"RECALL"},{"data":"Inflame","floor":49,"key":"SMITH"},{"data":"Metallicize","floor":52,"key":"SMITH"}],"neow_cost":"NO_GOLD","seed_source_timestamp":210833807259900,"circlet_count":0,"master_deck":["Defend_R+1","Defend_R+1","Defend_R","Bash+1","Headbutt+1","Cleave+1","Cleave+1","Reaper+1","Rampage+1","Shrug It Off+1","Whirlwind+1","Fiend Fire+1","Offering","Impervious+1","Clothesline+1","Metallicize+1","Seeing Red+1","Inflame+1","Inflame","Flame Barrier+1"],"special_seed":0,"relics":["Burning Blood","Magic Flower","Sundial","Bird Faced Urn","Philosopher\u0027s Stone","Smiling Mask","Anchor","PreservedInsect","War Paint","Astrolabe","Paper Frog","Whetstone","Vajra","Question Card","Torii","Boot"],"potions_floor_usage":[33,33,33,46,55],"damage_taken":[{"damage":1.0,"enemies":"Cultist","floor":1.0,"turns":3.0},{"damage":5.0,"enemies":"Small Slimes","floor":2.0,"turns":4.0},{"damage":2.0,"enemies":"Jaw Worm","floor":5.0,"turns":3.0},{"damage":0.0,"enemies":"Lots of Slimes","floor":7.0,"turns":1.0},{"damage":49.0,"enemies":"Lagavulin","floor":10.0,"turns":7.0},{"damage":11.0,"enemies":"Looter","floor":12.0,"turns":2.0},{"damage":4.0,"enemies":"Red Slaver","floor":14.0,"turns":4.0},{"damage":6.0,"enemies":"Slime Boss","floor":16.0,"turns":6.0},{"damage":45.0,"enemies":"2 Thieves","floor":18.0,"turns":4.0},{"damage":14.0,"enemies":"Chosen","floor":19.0,"turns":4.0},{"damage":21.0,"enemies":"Gremlin Leader","floor":24.0,"turns":4.0},{"damage":23.0,"enemies":"Snake Plant","floor":25.0,"turns":4.0},{"damage":24.0,"enemies":"Slavers","floor":28.0,"turns":5.0},{"damage":7.0,"enemies":"Centurion and Healer","floor":29.0,"turns":6.0},{"damage":99,"enemies":"Collector","floor":33,"turns":7},{"damage":27,"enemies":"3 Shapes","floor":35,"turns":2},{"damage":9,"enemies":"3 Darklings","floor":36,"turns":3},{"damage":103,"enemies":"Maw","floor":37,"turns":9},{"damage":78,"enemies":"Transient","floor":38,"turns":5},{"damage":49,"enemies":"Sphere and 2 Shapes","floor":39,"turns":3},{"damage":138,"enemies":"Giant Head","floor":41,"turns":10},{"damage":8,"enemies":"Maw","floor":45,"turns":8},{"damage":35,"enemies":"Jaw Worm Horde","floor":46,"turns":4},{"damage":65,"enemies":"2 Orb Walkers","floor":47,"turns":4},{"damage":7,"enemies":"Writhing Mass","floor":48,"turns":4},{"damage":156,"enemies":"Awakened One","floor":50,"turns":11},{"damage":68,"enemies":"Shield and Spear","floor":54,"turns":6},{"damage":293,"enemies":"The Heart","floor":55,"turns":11}],"seed_played":"760374560301011169","potions_obtained":[{"floor":1.0,"key":"SkillPotion"},{"floor":2.0,"key":"Regen Potion"},{"floor":10.0,"key":"Energy Potion"},{"floor":19.0,"key":"GamblersBrew"},{"floor":28.0,"key":"Swift Potion"},{"floor":29.0,"key":"Explosive Potion"},{"floor":36,"key":"Regen Potion"},{"floor":38,"key":"Energy Potion"},{"floor":41,"key":"Weak Potion"},{"floor":45,"key":"PowerPotion"},{"floor":46,"key":"Swift Potion"},{"floor":54,"key":"Dexterity Potion"}],"is_trial":false,"path_per_floor":["M","M","?","?","M","R","M","R","T","E","$","M","R","M","R","B",null,"M","M","?","$","$","R","E","M","T","R","E","M","?","?","R","B",null,"M","M","M","M","M","R","E","$","T","T","M","M","?","M","R","B",null,"R","$","E","B"],"character_chosen":"IRONCLAD","items_purchased":["Whetstone","Vajra","Inflame"],"campfire_rested":0,"item_purchase_floors":[42,42,53],"current_hp_per_floor":[80,80,80,80,80,80,80,80,80,40,40,38,38,43,43,46,80,44,45,45,45,45,45,33,25,25,25,10,24,24,24,24,16,80,62,62,44,41,58,58,13,13,13,13,32,80,27,32,32,73,80,80,77,25,0],"gold":126,"neow_bonus":"ONE_RARE_RELIC","is_prod":false,"is_daily":false,"chose_seed":false,"campfire_upgraded":9,"win_rate":0,"timestamp":1560398490,"path_taken":["M","?","?","?","?","R","M","R","T","E","$","M","R","M","R","BOSS","M","?","?","?","$","R","E","M","T","R","E","?","?","?","R","BOSS","M","M","M","M","M","R","E","$","T","?","M","M","?","M","R","BOSS","R","$","E","BOSS"],"build_version":"2019-01-23","purchased_purges":5,"victory":false,"max_hp_per_floor":[80,80,80,80,80,80,80,80,80,80,80,80,80,80,80,80,80,80,80,80,80,80,80,80,80,80,80,80,80,80,80,80,80,80,80,80,80,80,80,80,80,80,80,80,80,80,80,80,80,80,80,80,77,77,77],"card_choices":[{"not_picked":["Intimidate","Sentinel"],"picked":"Headbutt","floor":1.0},{"not_picked":["Bloodletting","Twin Strike"],"picked":"Cleave","floor":2.0},{"not_picked":["Twin Strike","Dual Wield","Anger"],"picked":"SKIP","floor":5.0},{"not_picked":["Flex","Cleave"],"picked":"Rampage","floor":7.0},{"not_picked":["Anger","Flex"],"picked":"Shrug It Off","floor":10.0},{"not_picked":["Rage","Burning Pact","Thunderclap"],"picked":"SKIP","floor":12.0},{"not_picked":["Fire Breathing","Corruption"],"picked":"Whirlwind","floor":14.0},{"not_picked":["Brutality","Impervious"],"picked":"Fiend Fire","floor":16.0},{"not_picked":["Pommel Strike+1","Wild Strike","Iron Wave+1"],"picked":"SKIP","floor":18.0},{"not_picked":["Iron Wave","Twin Strike","Warcry"],"picked":"SKIP","floor":19.0},{"not_picked":["Pummel+1","Entrench","Cleave"],"picked":"SKIP","floor":24.0},{"not_picked":["Clash","Whirlwind+1","Shrug It Off"],"picked":"SKIP","floor":25.0},{"not_picked":["Twin Strike","Pummel+1","Dropkick"],"picked":"SKIP","floor":28.0},{"not_picked":["True Grit","Havoc"],"picked":"Offering","floor":29.0},{"not_picked":["Searing Blow+1","Wild Strike","Blood for Blood+1"],"picked":"SKIP","floor":35},{"not_picked":["Body Slam+1","Rage+1","Blood for Blood+1"],"picked":"SKIP","floor":36},{"not_picked":["Bloodletting","Combust+1","Clothesline"],"picked":"SKIP","floor":37},{"not_picked":["Body Slam+1","Whirlwind+1"],"picked":"Metallicize","floor":38},{"not_picked":["Body Slam+1","Wild Strike+1","Heavy Blade+1"],"picked":"SKIP","floor":39},{"not_picked":["Iron Wave+1","Headbutt","Uppercut+1"],"picked":"SKIP","floor":41},{"not_picked":["Whirlwind","Heavy Blade","Corruption+1","Bloodletting"],"picked":"SKIP","floor":45},{"not_picked":["Dual Wield","Bloodletting","Feed"],"picked":"Seeing Red+1","floor":46},{"not_picked":["Cleave","Shrug It Off+1","Armaments"],"picked":"Inflame","floor":48},{"not_picked":["Berserk","Dual Wield","Evolve+1"],"picked":"Flame Barrier+1","floor":54}],"player_experience":199959,"relics_obtained":[{"floor":9.0,"key":"Sundial"},{"floor":10.0,"key":"Bird Faced Urn"},{"floor":24.0,"key":"Anchor"},{"floor":26.0,"key":"PreservedInsect"},{"floor":28.0,"key":"War Paint"},{"floor":41,"key":"Paper Frog"},{"floor":44,"key":"Question Card"},{"floor":47,"key":"Torii"},{"floor":54,"key":"Boot"}],"event_choices":[{"damage_healed":0.0,"max_hp_gain":0.0,"max_hp_loss":0.0,"gold_gain":0.0,"event_name":"The Cleric","player_choice":"Leave","floor":3.0,"gold_loss":0.0,"damage_taken":0.0},{"damage_healed":0.0,"max_hp_gain":0.0,"max_hp_loss":0.0,"gold_gain":0.0,"event_name":"Match and Keep!","player_choice":"2 cards matched","floor":4.0,"gold_loss":0.0,"damage_taken":0.0,"cards_obtained":["Cleave","Reaper"]},{"damage_healed":0.0,"max_hp_gain":0.0,"max_hp_loss":0.0,"gold_gain":0.0,"event_name":"The Mausoleum","player_choice":"Opened","floor":20.0,"gold_loss":0.0,"damage_taken":0.0,"relics_obtained":["Smiling Mask"],"cards_obtained":["Writhe"]},{"cards_removed":["Strike_R"],"damage_healed":0.0,"max_hp_gain":0.0,"max_hp_loss":0.0,"gold_gain":0.0,"event_name":"Back to Basics","player_choice":"Elegance","floor":30.0,"gold_loss":0.0,"damage_taken":0.0},{"damage_healed":0.0,"max_hp_gain":0.0,"max_hp_loss":0.0,"gold_gain":100.0,"event_name":"The Joust","player_choice":"Bet on Murderer","floor":31.0,"gold_loss":50.0,"damage_taken":0.0},{"damage_healed":0,"gold_gain":0,"player_choice":"Fight","damage_taken":0,"max_hp_gain":0,"max_hp_loss":0,"event_name":"Mysterious Sphere","floor":47,"gold_loss":0}],"is_beta":false,"boss_relics":[{"not_picked":["Tiny House","Pandora\u0027s Box"],"picked":"Philosopher\u0027s Stone"},{"not_picked":["Lizard Tail","Runic Pyramid"],"picked":"Astrolabe"}],"items_purged_floors":[11,21,22,42,53],"is_endless":false,"potions_floor_spawned":[1,2,10,19,28,29,36,38,41,45,46,48,54],"killed_by":"The Heart","ascension_level":2}