{"gold_per_floor":[110,110,6,6,53,53,68,78,102,122,140,156,191,210,210,286,286,298,19,31,43,13,44,44,44,44,57,84,9,9,20,20,98,98,116,166,185,200,200,200,234,246,314,314,329,342,0,0,0,0],"floor_reached":51,"playtime":3763,"items_purged":["Strike_B"],"score":1298,"play_id":"4aa1eab3-1d30-4008-b266-b3fda615afa7","local_time":"20190606195948","is_ascension_mode":true,"campfire_choices":[{"data":"Go for the Eyes","floor":6,"key":"SMITH"},{"floor":15,"key":"REST"},{"floor":24,"key":"REST"},{"floor":32,"key":"REST"},{"floor":40,"key":"REST"},{"floor":44,"key":"REST"},{"floor":49,"key":"REST"}],"neow_cost":"NONE","seed_source_timestamp":1650089477600714,"circlet_count":0,"master_deck":["AscendersBane","Strike_B","Defend_B+1","Defend_B","Defend_B","Defend_B","Zap+1","Dualcast","Hologram+1","Go for the Eyes+1","Steam","Conserve Battery","Melter","Coolheaded","Echo Form","Chill","Defragment","Core Surge","Reinforced Body","Doom and Gloom","Leap","Capacitor+1","Defragment+1","Barrage+1","Coolheaded","Creative AI","Cold Snap+1","BootSequence","Seek","Amplify"],"relics":["Cracked Core","Regal Pillow","War Paint","WingedGreaves","Nuclear Battery","Bottled Tornado","Ancient Tea Set","Prayer Wheel","Happy Flower","Lantern","Molten Egg 2","Lizard Tail","Potion Belt","Darkstone Periapt","Bottled Lightning"],"potions_floor_usage":[11,13,28,42],"damage_taken":[{"damage":8,"enemies":"2 Louse","floor":1,"turns":3},{"damage":0,"enemies":"Small Slimes","floor":7,"turns":3},{"damage":0,"enemies":"Jaw Worm","floor":8,"turns":4},{"damage":2,"enemies":"Exordium Thugs","floor":10,"turns":5},{"damage":4,"enemies":"Lots of Slimes","floor":11,"turns":2},{"damage":2,"enemies":"Red Slaver","floor":12,"turns":6},{"damage":23,"enemies":"Gremlin Nob","floor":13,"turns":5},{"damage":10,"enemies":"Large Slime","floor":14,"turns":8},{"damage":19,"enemies":"Slime Boss","floor":16,"turns":11},{"damage":6,"enemies":"Shell Parasite","floor":18,"turns":6},{"damage":6,"enemies":"2 Thieves","floor":20,"turns":4},{"damage":10,"enemies":"Centurion and Healer","floor":21,"turns":9},{"damage":41,"enemies":"Gremlin Leader","floor":23,"turns":9},{"damage":0,"enemies":"Snecko","floor":27,"turns":8},{"damage":0,"enemies":"Book of Stabbing","floor":28,"turns":6},{"damage":16,"enemies":"Snake Plant","floor":31,"turns":6},{"damage":18,"enemies":"Champ","floor":33,"turns":11},{"damage":2,"enemies":"Orb Walker","floor":35,"turns":5},{"damage":0,"enemies":"3 Shapes","floor":37,"turns":6},{"damage":11,"enemies":"3 Darklings","floor":38,"turns":7},{"damage":63,"enemies":"Reptomancer","floor":41,"turns":7},{"damage":6,"enemies":"Spire Growth","floor":42,"turns":6},{"damage":3,"enemies":"Sphere and 2 Shapes","floor":45,"turns":3},{"damage":1,"enemies":"Maw","floor":46,"turns":7},{"damage":35,"enemies":"Time Eater","floor":50,"turns":11}],"seed_played":"3334159571264860180","potions_obtained":[{"floor":7,"key":"GamblersBrew"},{"floor":10,"key":"AttackPotion"},{"floor":13,"key":"FairyPotion"},{"floor":16,"key":"Block Potion"},{"floor":28,"key":"Dexterity Potion"},{"floor":33,"key":"Ancient Potion"},{"floor":41,"key":"SmokeBomb"}],"is_trial":false,"path_per_floor":["M","?","$","?","T","R","M","M","T","M","M","M","E","M","R","B",null,"M","$","M","M","$","E","R","T","T","M","E","?","T","M","R","B",null,"M","?","M","M","?","R","E","M","T","R","M","M","$","?","R","B",null],"character_chosen":"DEFECT","items_purchased":["Go for the Eyes","Bottled Tornado","Leap","Bottled Lightning","Fire Potion"],"campfire_rested":6,"item_purchase_floors":[3,19,22,47,47],"current_hp_per_floor":[56,61,61,54,54,54,54,54,54,52,48,46,23,13,50,31,65,59,59,53,43,43,2,39,39,39,39,39,39,39,23,60,42,68,66,59,59,48,37,74,11,5,5,42,39,38,38,38,75,40],"gold":0,"neow_bonus":"UPGRADE_CARD","is_prod":false,"is_daily":false,"chose_seed":false,"campfire_upgraded":1,"win_rate":0,"timestamp":1559865588,"path_taken":["M","?","$","?","?","R","M","M","T","?","M","M","E","?","R","BOSS","M","$","M","M","$","E","R","?","T","?","E","?","?","M","R","BOSS","M","?","?","M","?","R","E","M","T","R","?","M","$","?","R","BOSS"],"build_version":"2019-01-23","purchased_purges":1,"victory":true,"max_hp_per_floor":[71,76,76,76,76,76,76,76,76,76,76,76,76,76,76,76,76,76,76,76,76,76,76,76,76,76,76,76,76,76,76,76,76,76,76,76,76,76,76,76,76,76,76,76,76,76,76,76,76,76],"card_choices":[{"not_picked":["Recycle","Barrage"],"picked":"Hologram","floor":1},{"not_picked":["Skim","Go for the Eyes"],"picked":"Steam","floor":7},{"not_picked":["Rebound","Go for the Eyes"],"picked":"Conserve Battery","floor":8},{"not_picked":["Streamline","Recycle"],"picked":"Melter","floor":10},{"not_picked":["Compile Driver","Turbo"],"picked":"Coolheaded","floor":11},{"not_picked":["Barrage","Compile Driver"],"picked":"Echo Form","floor":12},{"not_picked":["Melter","Heatsinks"],"picked":"Chill","floor":13},{"not_picked":["Blizzard","Beam Cell"],"picked":"Defragment","floor":14},{"not_picked":["Creative AI","Biased Cognition"],"picked":"Core Surge","floor":16},{"not_picked":["Conserve Battery","Lockon"],"picked":"Reinforced Body","floor":18},{"not_picked":["Heatsinks+1","Storm","Sweeping Beam+1"],"picked":"SKIP","floor":20},{"not_picked":["Recycle","Reinforced Body+1"],"picked":"Doom and Gloom","floor":21},{"not_picked":["Lockon","Steam","Go for the Eyes"],"picked":"SKIP","floor":23},{"not_picked":["Steam","Storm+1"],"picked":"Capacitor+1","floor":27},{"not_picked":["Beam Cell","Sweeping Beam"],"picked":"Defragment+1","floor":27},{"not_picked":["Steam","Chaos"],"picked":"Barrage+1","floor":28},{"not_picked":["Streamline+1","Redo"],"picked":"Coolheaded","floor":31},{"not_picked":["Redo","Heatsinks+1","Compile Driver+1"],"picked":"SKIP","floor":31},{"not_picked":["Thunder Strike+1","Echo Form"],"picked":"Creative AI","floor":33},{"not_picked":["Chaos","Aggregate"],"picked":"Cold Snap+1","floor":35},{"not_picked":["Rebound+1","Sunder+1","Leap"],"picked":"SKIP","floor":35},{"not_picked":["Leap","Aggregate+1"],"picked":"BootSequence","floor":37},{"not_picked":["Heatsinks","Ball Lightning+1","Coolheaded"],"picked":"SKIP","floor":37},{"not_picked":["Rip and Tear+1","Melter+1","Hello World+1"],"picked":"SKIP","floor":38},{"not_picked":["Rebound+1","Redo","Consume"],"picked":"SKIP","floor":38},{"not_picked":["Force Field+1","Redo"],"picked":"Seek","floor":41},{"not_picked":["Static Discharge","Coolheaded","Darkness"],"picked":"SKIP","floor":42},{"not_picked":["Beam Cell+1","Defragment","Conserve Battery"],"picked":"SKIP","floor":42},{"not_picked":["Gash+1","Heatsinks","Skim"],"picked":"SKIP","floor":45},{"not_picked":["BootSequence+1","Blizzard+1","FTL+1"],"picked":"SKIP","floor":45},{"not_picked":["Tempest","Steam Power"],"picked":"Amplify","floor":46},{"not_picked":["Beam Cell+1","Compile Driver+1","Redo"],"picked":"SKIP","floor":46}],"player_experience":752147,"relics_obtained":[{"floor":5,"key":"Regal Pillow"},{"floor":9,"key":"War Paint"},{"floor":13,"key":"WingedGreaves"},{"floor":23,"key":"Ancient Tea Set"},{"floor":25,"key":"Prayer Wheel"},{"floor":26,"key":"Happy Flower"},{"floor":28,"key":"Lantern"},{"floor":30,"key":"Molten Egg 2"},{"floor":41,"key":"Potion Belt"},{"floor":43,"key":"Darkstone Periapt"}],"event_choices":[{"damage_healed":0,"gold_gain":0,"player_choice":"Donut","damage_taken":0,"max_hp_gain":5,"max_hp_loss":0,"event_name":"Big Fish","floor":2,"gold_loss":0},{"cards_removed":["Strike_B"],"damage_healed":0,"gold_gain":0,"player_choice":"Card Removal","damage_taken":7,"max_hp_gain":0,"max_hp_loss":0,"event_name":"Golden Wing","floor":4,"gold_loss":0},{"cards_removed":["Strike_B"],"damage_healed":0,"gold_gain":0,"player_choice":"Gave Gold","damage_taken":0,"max_hp_gain":0,"max_hp_loss":0,"event_name":"Beggar","floor":29,"gold_loss":75},{"damage_healed":0,"gold_gain":50,"player_choice":"Touch","damage_taken":7,"max_hp_gain":0,"max_hp_loss":0,"event_name":"FaceTrader","floor":36,"gold_loss":0},{"damage_healed":0,"gold_gain":0,"player_choice":"Damaged","damage_taken":11,"max_hp_gain":0,"max_hp_loss":0,"event_name":"Wheel of Change","floor":39,"gold_loss":0},{"damage_healed":0,"gold_gain":0,"player_choice":"Memory 1","damage_taken":0,"max_hp_gain":0,"max_hp_loss":0,"event_name":"SensoryStone","floor":48,"gold_loss":0}],"is_beta":false,"boss_relics":[{"not_picked":["Empty Cage","Runic Dome"],"picked":"Nuclear Battery"},{"not_picked":["Orrery","Black Star"],"picked":"Lizard Tail"}],"items_purged_floors":[3],"is_endless":false,"potions_floor_spawned":[7,10,13,16,20,28,31,33,38,41],"ascension_level":16}