{"gold_per_floor":[113,127,146,96,110,110,141,141,141,66,66,82,82,94,94,192,192,206,206,40,40,28,58,58,8,77,77,91,91],"floor_reached":29,"playtime":1685,"items_purged":["Defend_B","Strike_B","Fusion"],"score":304,"play_id":"c32674ff-e05a-4552-83c4-35f443b79590","local_time":"20190531215506","is_ascension_mode":true,"campfire_choices":[{"data":"Hologram","floor":6,"key":"SMITH"},{"data":"Genetic Algorithm","floor":8,"key":"SMITH"},{"data":"Doom and Gloom","floor":11,"key":"SMITH"},{"floor":13,"key":"REST"},{"data":"Reinforced Body","floor":15,"key":"SMITH"},{"data":"Capacitor","floor":24,"key":"SMITH"},{"floor":27,"key":"REST"}],"neow_cost":"NONE","seed_source_timestamp":1140679926784130,"circlet_count":0,"master_deck":["Strike_B","Strike_B","Defend_B","Defend_B","Zap","Dualcast","Conserve Battery","Hologram+1","Steam","Doom and Gloom+1","Genetic Algorithm+1","Conserve Battery","Reinforced Body+1","Biased Cognition","Lockon","Darkness","Capacitor+1","Turbo","Barrage+1","Conserve Battery+1"],"relics":["Cracked Core","Smiling Mask","Pantograph","Black Star","Pear","Singing Bowl","Toxic Egg 2"],"potions_floor_usage":[7,23,23,28],"damage_taken":[{"damage":0,"enemies":"Cultist","floor":1,"turns":3},{"damage":9,"enemies":"2 Louse","floor":2,"turns":2},{"damage":5,"enemies":"Small Slimes","floor":3,"turns":3},{"damage":6,"enemies":"Looter","floor":5,"turns":3},{"damage":33,"enemies":"Lagavulin","floor":7,"turns":8},{"damage":8,"enemies":"Exordium Thugs","floor":12,"turns":4},{"damage":1,"enemies":"Blue Slaver","floor":14,"turns":5},{"damage":13,"enemies":"The Guardian","floor":16,"turns":12},{"damage":22,"enemies":"Chosen","floor":18,"turns":7},{"damage":21,"enemies":"2 Thieves","floor":22,"turns":4},{"damage":39,"enemies":"Book of Stabbing","floor":23,"turns":6},{"damage":4,"enemies":"Cultist and Chosen","floor":28,"turns":7},{"damage":3,"enemies":"Centurion and Healer","floor":29,"turns":3}],"seed_played":"-98630181121144961","potions_obtained":[{"floor":2,"key":"Weak Potion"},{"floor":5,"key":"EssenceOfSteel"},{"floor":12,"key":"Regen Potion"},{"floor":14,"key":"FairyPotion"},{"floor":23,"key":"SkillPotion"}],"is_trial":false,"path_per_floor":["M","M","M","?","M","R","E","R","T","$","R","M","R","M","R","B",null,"M","?","$","?","M","E","R","$","T","R","M","M"],"character_chosen":"DEFECT","items_purchased":["Conserve Battery","Capacitor","Turbo"],"campfire_rested":2,"item_purchase_floors":[10,20,20],"current_hp_per_floor":[75,66,61,61,55,55,22,22,22,22,22,14,36,35,35,47,68,46,46,46,71,50,36,36,36,36,61,59,56],"gold":91,"neow_bonus":"ONE_RANDOM_RARE_CARD","is_prod":false,"is_daily":false,"chose_seed":false,"campfire_upgraded":5,"win_rate":0,"timestamp":1559354106,"path_taken":["M","?","M","?","M","R","E","R","T","$","R","M","R","M","R","BOSS","M","?","$","?","M","E","R","$","T","R","M","M"],"build_version":"2019-01-23","purchased_purges":3,"victory":false,"max_hp_per_floor":[75,75,75,75,75,75,75,75,75,75,75,75,75,75,75,75,75,75,75,75,75,75,85,85,85,85,85,87,87],"card_choices":[{"not_picked":["Genetic Algorithm","Redo"],"picked":"Conserve Battery","floor":1},{"not_picked":["Beam Cell","Storm"],"picked":"Hologram","floor":2},{"not_picked":["Gash","Turbo"],"picked":"Steam","floor":3},{"not_picked":["Rip and Tear","Cold Snap"],"picked":"Doom and Gloom","floor":5},{"not_picked":["Barrage","Sunder"],"picked":"Genetic Algorithm","floor":7},{"not_picked":["Compile Driver","Aggregate","Hologram"],"picked":"SKIP","floor":12},{"not_picked":["Fission","Leap"],"picked":"Reinforced Body","floor":14},{"not_picked":["Core Surge","Amplify"],"picked":"Biased Cognition","floor":16},{"not_picked":["Force Field+1","Go for the Eyes"],"picked":"Lockon","floor":18},{"not_picked":["Turbo","Cold Snap"],"picked":"Barrage+1","floor":22},{"not_picked":["Rebound","Hologram+1"],"picked":"Conserve Battery+1","floor":23},{"not_picked":["Rip and Tear","Beam Cell","Recycle+1"],"picked":"Singing Bowl","floor":28}],"player_experience":671663,"relics_obtained":[{"floor":7,"key":"Smiling Mask"},{"floor":9,"key":"Pantograph"},{"floor":23,"key":"Pear"},{"floor":23,"key":"Singing Bowl"},{"floor":26,"key":"Toxic Egg 2"}],"event_choices":[{"cards_removed":["Defend_B"],"damage_healed":0,"gold_gain":0,"player_choice":"Card Removal","damage_taken":0,"max_hp_gain":0,"max_hp_loss":0,"event_name":"The Cleric","floor":4,"gold_loss":50},{"damage_healed":0,"gold_gain":0,"cards_transformed":["Meteor Strike","Strike_B"],"player_choice":"Became Test Subject","damage_taken":0,"max_hp_gain":0,"max_hp_loss":0,"event_name":"Drug Dealer","floor":19,"gold_loss":0,"cards_obtained":["Fusion","Darkness"]},{"damage_healed":25,"gold_gain":0,"player_choice":"Heal","damage_taken":0,"max_hp_gain":0,"max_hp_loss":0,"event_name":"The Library","floor":21,"gold_loss":0}],"is_beta":false,"boss_relics":[{"not_picked":["Tiny House","Philosopher\u0027s Stone"],"picked":"Black Star"}],"items_purged_floors":[10,20,25],"is_endless":false,"potions_floor_spawned":[2,5,12,14,18,23],"killed_by":"Centurion and Healer","ascension_level":5}