{"gold_per_floor":[110,129,54,71,71,105,105,122,122,140,172,186,206,106,106,208,208,221,221,96,195,195,195,195,195,249,249,249,6,17,42,42,42],"floor_reached":33,"playtime":1191,"items_purged":["Strike_R","Brutality","Strike_R","Strike_R"],"score":253,"play_id":"e56a56a6-9986-4d1d-bec5-f3321fc4ad09","local_time":"20180817083317","is_ascension_mode":false,"campfire_choices":[{"data":"Flame Barrier","floor":7,"key":"SMITH"},{"data":"Dropkick","floor":15,"key":"SMITH"},{"data":"Defend_R","floor":23,"key":"SMITH"},{"data":"Defend_R","floor":25,"key":"SMITH"},{"data":"Strike_R","floor":27,"key":"SMITH"},{"data":"Finesse","floor":32,"key":"SMITH"}],"neow_cost":"PERCENT_DAMAGE","seed_source_timestamp":88157395966386,"circlet_count":0,"master_deck":["Strike_R+1","Defend_R+1","Defend_R+1","Bash+1","Dropkick+1","Flame Barrier+1","Finesse+1"],"relics":["Burning Blood","Pantograph","Meat on the Bone","Darkstone Periapt","Busted Crown","CultistMask","Blood Vial","Potion Belt","Art of War"],"potions_floor_usage":[6,6,33],"damage_taken":[{"damage":5,"enemies":"Cultist","floor":1,"turns":4},{"damage":11,"enemies":"2 Louse","floor":2,"turns":3},{"damage":1,"enemies":"Jaw Worm","floor":4,"turns":3},{"damage":45,"enemies":"3 Sentries","floor":6,"turns":11},{"damage":4,"enemies":"Blue Slaver","floor":8,"turns":4},{"damage":0,"enemies":"Exordium Wildlife","floor":10,"turns":3},{"damage":16,"enemies":"Gremlin Nob","floor":11,"turns":4},{"damage":10,"enemies":"3 Louse","floor":12,"turns":5},{"damage":5,"enemies":"Looter","floor":13,"turns":3},{"damage":49,"enemies":"Hexaghost","floor":16,"turns":11},{"damage":0,"enemies":"3 Byrds","floor":18,"turns":3},{"damage":6,"enemies":"2 Thieves","floor":30,"turns":4},{"damage":85,"enemies":"Champ","floor":33,"turns":17}],"seed_played":"5976431196581143139","potions_obtained":[{"floor":1,"key":"Weak Potion"},{"floor":2,"key":"SkillPotion"},{"floor":6,"key":"FearPotion"},{"floor":11,"key":"Strength Potion"},{"floor":13,"key":"SpeedPotion"}],"is_trial":false,"path_per_floor":["M","M","$","M","?","E","R","M","T","M","E","M","M","$","R","B",null,"M","?","$","?","?","R","?","R","T","R","T","$","M","T","R"],"character_chosen":"IRONCLAD","items_purchased":["Finesse"],"campfire_rested":0,"item_purchase_floors":[29],"current_hp_per_floor":[57,52,52,57,57,18,18,20,20,38,40,48,49,49,49,43,80,80,80,80,80,80,80,80,80,80,80,80,80,80,80,80,0],"gold":42,"neow_bonus":"TRANSFORM_TWO_CARDS","is_prod":false,"is_daily":false,"chose_seed":false,"campfire_upgraded":6,"win_rate":0,"timestamp":1534465997,"path_taken":["M","M","?","M","?","E","R","M","T","M","E","M","?","$","R","BOSS","M","?","$","?","?","R","?","R","T","R","?","$","?","?","R","BOSS"],"build_version":"2018-08-09","purchased_purges":4,"victory":false,"max_hp_per_floor":[80,80,80,80,80,80,80,80,80,80,80,80,80,80,80,80,80,80,80,80,80,80,80,80,80,80,80,80,80,80,80,80,80],"card_choices":[{"not_picked":["Second Wind","Clash","Anger"],"picked":"SKIP","floor":1},{"not_picked":["Feel No Pain","Flex"],"picked":"Flame Barrier","floor":2},{"not_picked":["Burning Pact","Clash","Sever Soul"],"picked":"SKIP","floor":4},{"not_picked":["Sever Soul","Rampage","Wild Strike"],"picked":"SKIP","floor":6},{"not_picked":["Havoc","Combust","Body Slam"],"picked":"SKIP","floor":8},{"not_picked":["Clothesline","Twin Strike","Cleave"],"picked":"SKIP","floor":10},{"not_picked":["Perfected Strike","Havoc","Dual Wield"],"picked":"SKIP","floor":11},{"not_picked":["Anger","Thunderclap","Warcry"],"picked":"SKIP","floor":12},{"not_picked":["Spot Weakness","Fire Breathing","Warcry"],"picked":"SKIP","floor":13},{"not_picked":["Clothesline"],"picked":"SKIP","floor":18},{"not_picked":["Cleave"],"picked":"SKIP","floor":30}],"player_experience":489863,"relics_obtained":[{"floor":6,"key":"Pantograph"},{"floor":9,"key":"Meat on the Bone"},{"floor":11,"key":"Darkstone Periapt"},{"floor":26,"key":"Blood Vial"},{"floor":28,"key":"Potion Belt"},{"floor":31,"key":"Art of War"}],"event_choices":[{"event_name":"Upgrade Shrine","player_choice":"Upgraded","floor":5,"damage_taken":0},{"event_name":"FaceTrader","player_choice":"Trade","floor":19,"damage_taken":0},{"event_name":"Nest","player_choice":"Stole From Cult","floor":21,"damage_taken":0},{"event_name":"Ghosts","player_choice":"Ignored","floor":22,"damage_taken":0},{"event_name":"Bonfire Elementals","player_choice":"BASIC","floor":24,"damage_taken":0}],"is_beta":false,"boss_relics":[{"not_picked":["Astrolabe","Lizard Tail"],"picked":"Busted Crown"}],"items_purged_floors":[3,14,20,29],"is_endless":false,"potions_floor_spawned":[1,2,6,11,13],"killed_by":"Champ","ascension_level":0}