{"gold_per_floor":[114,114,133,208,220,220,252,276,303,330,330,348,367,387,387,490,490,507,526,149,149,19,45,62,62],"floor_reached":25,"playtime":1814,"items_purged":[],"score":245,"play_id":"6a0f926e-b0c9-4657-a9ff-8894b6bd9af8","local_time":"20190613162728","is_ascension_mode":true,"campfire_choices":[{"floor":6.0,"key":"REST"},{"floor":11.0,"key":"REST"},{"floor":15.0,"key":"REST"}],"neow_cost":"NONE","seed_source_timestamp":0,"circlet_count":0,"master_deck":["Strike_MRS","Strike_MRS","Strike_MRS","Strike_MRS+1","Defend_MRS+1","Defend_MRS+1","Defend_MRS+1","Defend_MRS","MasterSpark","UpSweep","IllusionStar","NonDirectionalLaser","DoubleSpark","EarthLightRay","ManaConvection","BlazeAway","StarDustReverie","RefractionSpark","OrrerysSun","BlazeAway","Singularity","PowerUp","PulseMagic","DC","LuminesStrike","OrrerysSun","ChargeUpSpray","SuperPerseids","MillisecondPulsars","Bandage Up","IllusionStar","Impatience","PolarisUnique","OneTimeOff+1"],"special_seed":0,"relics":["MiniHakkero","Ancient Tea Set","War Paint","Centennial Puzzle","Dream Catcher","Lantern","Orrery","Anchor","Oddly Smooth Stone"],"potions_floor_usage":[],"damage_taken":[{"damage":11.0,"enemies":"Small Slimes","floor":1.0,"turns":3.0},{"damage":1.0,"enemies":"Jaw Worm","floor":3.0,"turns":4.0},{"damage":1.0,"enemies":"Cultist","floor":5.0,"turns":3.0},{"damage":18.0,"enemies":"Gremlin Nob","floor":7.0,"turns":4.0},{"damage":39.0,"enemies":"Lagavulin","floor":10.0,"turns":6.0},{"damage":0.0,"enemies":"3 Louse","floor":12.0,"turns":3.0},{"damage":11.0,"enemies":"Exordium Thugs","floor":13.0,"turns":4.0},{"damage":0.0,"enemies":"2 Fungi Beasts","floor":14.0,"turns":2.0},{"damage":39.0,"enemies":"Slime Boss","floor":16.0,"turns":5.0},{"damage":12.0,"enemies":"Shell Parasite","floor":18.0,"turns":3.0},{"damage":25.0,"enemies":"2 Thieves","floor":19.0,"turns":3.0},{"damage":28.0,"enemies":"Gremlin Leader","floor":23.0,"turns":6.0},{"damage":5.0,"enemies":"Chosen and Byrds","floor":24.0,"turns":4.0},{"damage":22,"enemies":"Slavers","floor":25,"turns":1}],"seed_played":"-3068923756868281979","potions_obtained":[{"floor":5.0,"key":"SkillPotion"},{"floor":7.0,"key":"FearPotion"},{"floor":12.0,"key":"AttackPotion"},{"floor":18.0,"key":"ShroomBrew"},{"floor":24,"key":"GamblersBrew"}],"is_trial":false,"path_per_floor":["M","?","M","?","M","R","E","T","T","E","R","M","M","M","R","B",null,"M","M","$","?","$","E","M","E"],"character_chosen":"MARISA","items_purchased":["MillisecondPulsars","Bandage Up","Anchor","IllusionStar","Impatience"],"campfire_rested":3,"item_purchase_floors":[20,20,20,22,22],"current_hp_per_floor":[64,49,48,37,36,58,40,40,40,5,27,31,24,28,50,15,75,63,38,38,31,31,11,14,0],"gold":62,"neow_bonus":"RANDOM_COMMON_RELIC","is_prod":false,"is_daily":false,"chose_seed":false,"campfire_upgraded":0,"win_rate":1,"timestamp":1560410848,"path_taken":["M","?","M","?","M","R","E","?","T","E","R","M","M","M","R","BOSS","M","M","$","?","$","E","?","E"],"build_version":"2019-01-23","purchased_purges":0,"victory":false,"max_hp_per_floor":[75,75,75,75,75,75,75,75,75,75,75,75,75,75,75,75,75,75,75,75,75,75,75,75,75],"card_choices":[{"not_picked":["Robbery","OneTimeOff"],"picked":"IllusionStar","floor":1.0},{"not_picked":["AsteroidBelt","GravityBeat"],"picked":"NonDirectionalLaser","floor":3.0},{"not_picked":["EnergyRecoil","SporeBomb"],"picked":"DoubleSpark","floor":5.0},{"not_picked":["WitchLeyline","SporeBomb"],"picked":"EarthLightRay","floor":7.0},{"not_picked":["GalacticHalo","WitchLeyline"],"picked":"ManaConvection","floor":10.0},{"not_picked":["6A","GalacticHalo"],"picked":"BlazeAway","floor":11.0},{"not_picked":["MeteoricShower","Occultation"],"picked":"StarDustReverie","floor":12.0},{"not_picked":["DoubleSpark","SporeBomb"],"picked":"RefractionSpark","floor":13.0},{"not_picked":["MagicChant","PowerUp"],"picked":"OrrerysSun","floor":14.0},{"not_picked":["NonDirectionalLaser","EnergyRecoil"],"picked":"BlazeAway","floor":15.0},{"not_picked":["JA","EscapeVelocity"],"picked":"Singularity","floor":16.0},{"not_picked":["SporeBomb","UnstableBomb"],"picked":"PowerUp","floor":17.0},{"not_picked":["GrandCross","AlicesGift"],"picked":"PulseMagic","floor":17.0},{"not_picked":["DarkMatter","RefractionSpark"],"picked":"DC","floor":17.0},{"not_picked":["DC","DoubleSpark"],"picked":"LuminesStrike","floor":17.0},{"not_picked":["MagicChant","WitchLeyline"],"picked":"OrrerysSun","floor":17.0},{"not_picked":["ShootingEcho+1","WitchOfGreed"],"picked":"ChargeUpSpray","floor":18.0},{"not_picked":["LuminesStrike","EnergyRecoil"],"picked":"SuperPerseids","floor":19.0},{"not_picked":["Orbital","PropBag"],"picked":"PolarisUnique","floor":23.0},{"not_picked":["StarlightTyphoon","MagicChant"],"picked":"OneTimeOff+1","floor":24}],"player_experience":420899,"relics_obtained":[{"floor":7.0,"key":"War Paint"},{"floor":8.0,"key":"Centennial Puzzle"},{"floor":9.0,"key":"Dream Catcher"},{"floor":10.0,"key":"Lantern"},{"floor":23.0,"key":"Oddly Smooth Stone"}],"event_choices":[{"damage_healed":0.0,"max_hp_gain":0.0,"max_hp_loss":0.0,"gold_gain":0.0,"event_name":"Shining Light","player_choice":"Entered Light","floor":2.0,"gold_loss":0.0,"damage_taken":15.0,"cards_upgraded":["Strike_MRS","Defend_MRS"]},{"damage_healed":0.0,"max_hp_gain":0.0,"max_hp_loss":0.0,"gold_gain":75.0,"event_name":"World of Goop","player_choice":"Gather Gold","floor":4.0,"gold_loss":0.0,"damage_taken":11.0},{"damage_healed":0.0,"max_hp_gain":0.0,"max_hp_loss":0.0,"gold_gain":0.0,"event_name":"Knowing Skull","player_choice":"","floor":21.0,"potions_obtained":[],"gold_loss":0.0,"damage_taken":7.0,"cards_obtained":[]}],"is_beta":false,"boss_relics":[{"not_picked":["Empty Cage","White Beast Statue"],"picked":"Orrery"}],"items_purged_floors":[],"is_endless":false,"potions_floor_spawned":[5,7,12,18,24],"killed_by":"Slavers","ascension_level":1}