{"gold_per_floor":[109,109,34,47,47,75,75,92,117,144,144],"floor_reached":11,"playtime":389,"items_purged":["Strike_R"],"score":126,"play_id":"a4ebb07a-49db-4752-9a99-e0edd0699ee7","local_time":"20181208231226","is_ascension_mode":true,"campfire_choices":[{"data":"Berserk","floor":7,"key":"SMITH"}],"neow_cost":"NONE","seed_source_timestamp":487061870969568,"circlet_count":0,"master_deck":["AscendersBane","Strike_R","Strike_R+1","Strike_R","Defend_R","Defend_R","Defend_R","Defend_R","Bash","Cleave+1","Berserk+1"],"relics":["Burning Blood","Bag of Preparation","Whetstone","Red Skull","Torii"],"potions_floor_usage":[],"damage_taken":[{"damage":0,"enemies":"Small Slimes","floor":1,"turns":3},{"damage":6,"enemies":"Cultist","floor":4,"turns":4},{"damage":61,"enemies":"Lagavulin","floor":6,"turns":9},{"damage":0,"enemies":"2 Louse","floor":8,"turns":3},{"damage":22,"enemies":"Gremlin Nob","floor":10,"turns":3},{"damage":18,"enemies":"Exordium Wildlife","floor":11,"turns":3}],"seed_played":"-2431933547147895685","potions_obtained":[],"is_trial":false,"path_per_floor":["M","?","$","M","?","E","R","M","T","E","M"],"character_chosen":"IRONCLAD","items_purchased":[],"campfire_rested":0,"item_purchase_floors":[],"current_hp_per_floor":[78,83,83,83,83,28,28,34,34,18,0],"gold":144,"neow_bonus":"RANDOM_COMMON_RELIC","is_prod":false,"is_daily":false,"chose_seed":false,"campfire_upgraded":1,"win_rate":0,"timestamp":1544281946,"path_taken":["M","?","$","M","?","E","R","?","T","E","M"],"build_version":"2018-12-06","purchased_purges":1,"victory":false,"max_hp_per_floor":[80,85,85,85,85,85,85,85,85,85,85],"card_choices":[{"not_picked":["Twin Strike","Wild Strike","True Grit"],"picked":"SKIP","floor":1},{"not_picked":["Rage","Twin Strike"],"picked":"Cleave","floor":4},{"not_picked":["Whirlwind","Combust"],"picked":"Berserk","floor":6},{"not_picked":["Power Through","Headbutt","Armaments"],"picked":"SKIP","floor":8},{"not_picked":["Body Slam","Power Through","Combust"],"picked":"SKIP","floor":10}],"player_experience":509363,"relics_obtained":[{"floor":6,"key":"Whetstone"},{"floor":9,"key":"Red Skull"},{"floor":10,"key":"Torii"}],"event_choices":[{"damage_healed":0,"gold_gain":0,"player_choice":"Donut","damage_taken":0,"max_hp_gain":5,"max_hp_loss":0,"event_name":"Big Fish","floor":2,"gold_loss":0},{"cards_removed":["Strike_R"],"damage_healed":0,"gold_gain":0,"player_choice":"Offered Basic","damage_taken":0,"max_hp_gain":0,"max_hp_loss":0,"event_name":"Bonfire Elementals","floor":5,"gold_loss":0}],"is_beta":false,"boss_relics":[],"items_purged_floors":[3],"is_endless":false,"potions_floor_spawned":[],"killed_by":"Exordium Wildlife","ascension_level":11}