{"gold_per_floor":[109,34,52,52,52,88,101,101,101,101,119,162,162],"floor_reached":13,"playtime":529,"items_purged":["Strike_B"],"score":126,"play_id":"524cb800-35de-4e32-a476-e7755d92de19","local_time":"20181210113729","is_ascension_mode":true,"campfire_choices":[{"data":"White Noise","floor":8,"key":"SMITH"},{"data":"Sunder","floor":10,"key":"SMITH"}],"neow_cost":"NONE","seed_source_timestamp":618023055811163,"circlet_count":0,"master_deck":["Strike_B","Strike_B","Defend_B","Defend_B","Defend_B","Defend_B","Zap","Dualcast","Sunder+1","White Noise+1","Double Energy","Go for the Eyes","White Noise"],"relics":["Cracked Core","Golden Idol","Bottled Lightning","Singing Bowl","Juzu Bracelet"],"potions_floor_usage":[12,12],"damage_taken":[{"damage":1,"enemies":"2 Louse","floor":1,"turns":2},{"damage":2,"enemies":"Jaw Worm","floor":3,"turns":4},{"damage":37,"enemies":"Gremlin Nob","floor":6,"turns":4},{"damage":0,"enemies":"Small Slimes","floor":7,"turns":2},{"damage":19,"enemies":"Exordium Wildlife","floor":11,"turns":2},{"damage":5,"enemies":"Lagavulin","floor":12,"turns":6},{"damage":4,"enemies":"Red Slaver","floor":13,"turns":1}],"seed_played":"7678863838296805826","potions_obtained":[{"floor":1,"key":"Swift Potion"},{"floor":7,"key":"Energy Potion"},{"floor":11,"key":"Block Potion"}],"is_trial":false,"path_per_floor":["M","$","M","?","?","E","M","R","T","R","M","E","M"],"character_chosen":"DEFECT","items_purchased":[],"campfire_rested":0,"item_purchase_floors":[],"current_hp_per_floor":[67,67,65,65,65,28,28,28,28,28,9,4,0],"gold":162,"neow_bonus":"THREE_CARDS","is_prod":false,"is_daily":false,"chose_seed":false,"campfire_upgraded":2,"win_rate":0,"timestamp":1544413049,"path_taken":["M","$","M","?","?","E","M","R","T","R","M","E","M"],"build_version":"2018-12-06","purchased_purges":1,"victory":false,"max_hp_per_floor":[75,75,75,69,69,69,69,69,69,69,69,69,69],"card_choices":[{"not_picked":["Hologram","Coolheaded"],"picked":"Sunder","floor":0},{"not_picked":["Steam Power","Scrape","Gash"],"picked":"SKIP","floor":1},{"not_picked":["Barrage","Gash"],"picked":"White Noise","floor":3},{"not_picked":["Recycle","Reinforced Body","Genetic Algorithm"],"picked":"SKIP","floor":6},{"not_picked":["Rebound","Streamline"],"picked":"Double Energy","floor":7},{"not_picked":["Thunder Strike","Stack"],"picked":"Go for the Eyes","floor":11},{"not_picked":["Sweeping Beam","Beam Cell"],"picked":"White Noise","floor":12}],"player_experience":539346,"relics_obtained":[{"floor":6,"key":"Bottled Lightning"},{"floor":9,"key":"Singing Bowl"},{"floor":12,"key":"Juzu Bracelet"}],"event_choices":[{"damage_healed":0,"gold_gain":0,"player_choice":"Lose Max HP","damage_taken":0,"relics_obtained":["Golden Idol"],"max_hp_gain":0,"max_hp_loss":6,"event_name":"Golden Idol","floor":4,"gold_loss":0},{"cards_removed":["Strike_B"],"damage_healed":0,"gold_gain":0,"player_choice":"Forget","damage_taken":0,"max_hp_gain":0,"max_hp_loss":0,"event_name":"Living Wall","floor":5,"gold_loss":0}],"is_beta":false,"boss_relics":[],"items_purged_floors":[2],"is_endless":false,"potions_floor_spawned":[1,7,11],"killed_by":"Red Slaver","ascension_level":7}