{"gold_per_floor":[109,125,137,151,170,170,190,190,214,214,278,308,308,324,324,399,399,409,409,409,409,409,409,436,455,455,480,480,497,497,497,497,497],"floor_reached":33,"playtime":2185,"items_purged":[],"score":635,"play_id":"5f3e84f9-2be3-4040-bd72-8ecd6dd06766","local_time":"20190614082549","is_ascension_mode":true,"campfire_choices":[{"data":"Crippling Poison","floor":6,"key":"SMITH"},{"data":"Dodge and Roll","floor":8,"key":"SMITH"},{"data":"Cloak And Dagger","floor":10,"key":"SMITH"},{"data":"Neutralize","floor":15,"key":"SMITH"},{"data":"Corpse Explosion","floor":23,"key":"SMITH"},{"data":"Footwork","floor":28,"key":"SMITH"},{"data":"Catalyst","floor":30,"key":"SMITH"},{"data":"Catalyst","floor":32,"key":"SMITH"}],"neow_cost":"NONE","seed_source_timestamp":137461150399732,"circlet_count":0,"master_deck":["AscendersBane","Survivor","Neutralize+1","Dodge and Roll+1","Cloak And Dagger+1","Crippling Poison+1","Dodge and Roll","Catalyst+1","Poisoned Stab","After Image","Bane","Catalyst+1","Glass Knife","Footwork+1","Escape Plan","Corpse Explosion+1","Escape Plan","Malaise","Unload","Calculated Gamble","Backstab","Escape Plan+1","Blur","Deadly Poison"],"relics":["Coffee Dripper","Strawberry","Tiny Chest","Pandora\u0027s Box","MutagenicStrength","Regal Pillow","Potion Belt","Bag of Preparation","Art of War","Torii"],"potions_floor_usage":[7,11,16,24,24,33],"damage_taken":[{"damage":0,"enemies":"2 Louse","floor":1,"turns":3},{"damage":0,"enemies":"Cultist","floor":2,"turns":5},{"damage":0,"enemies":"Small Slimes","floor":3,"turns":5},{"damage":0,"enemies":"2 Fungi Beasts","floor":4,"turns":4},{"damage":0,"enemies":"Exordium Wildlife","floor":5,"turns":2},{"damage":6,"enemies":"Gremlin Gang","floor":7,"turns":6},{"damage":32,"enemies":"Gremlin Nob","floor":11,"turns":5},{"damage":6,"enemies":"3 Louse","floor":14,"turns":2},{"damage":0,"enemies":"The Guardian","floor":16,"turns":9},{"damage":0,"enemies":"3 Byrds","floor":18,"turns":2},{"damage":15,"enemies":"Slavers","floor":24,"turns":4},{"damage":15,"enemies":"Shell Parasite","floor":25,"turns":3},{"damage":0,"enemies":"Gremlin Leader","floor":27,"turns":7},{"damage":0,"enemies":"Centurion and Healer","floor":29,"turns":7},{"damage":34,"enemies":"Automaton","floor":33,"turns":4}],"seed_played":"6050451101207405710","potions_obtained":[{"floor":1,"key":"Block Potion"},{"floor":3,"key":"AttackPotion"},{"floor":7,"key":"Weak Potion"},{"floor":11,"key":"Poison Potion"},{"floor":18,"key":"EssenceOfSteel"},{"floor":25,"key":"LiquidBronze"}],"is_trial":false,"path_per_floor":["M","M","M","M","M","R","M","R","T","R","E","?","?","M","R","B",null,"M","?","?","?","$","R","E","M","T","E","R","M","R","T","R","B"],"character_chosen":"THE_SILENT","items_purchased":[],"campfire_rested":0,"item_purchase_floors":[],"current_hp_per_floor":[63,63,63,63,63,63,57,57,64,64,32,32,77,71,71,71,76,76,76,62,62,62,62,47,32,32,32,32,32,32,32,32,0],"gold":497,"neow_bonus":"BOSS_RELIC","is_prod":false,"is_daily":false,"chose_seed":false,"campfire_upgraded":8,"win_rate":0,"timestamp":1560471949,"path_taken":["M","M","M","M","M","R","M","R","T","R","E","?","?","?","R","BOSS","M","?","?","?","$","R","E","M","T","E","R","M","R","?","R","BOSS"],"build_version":"2019-01-23","purchased_purges":0,"victory":false,"max_hp_per_floor":[70,70,70,70,70,70,70,70,77,77,77,77,77,77,77,77,77,77,77,82,82,82,82,82,82,82,82,82,82,82,82,82,82],"card_choices":[{"not_picked":["Accuracy","Prepared"],"picked":"Dodge and Roll","floor":1},{"not_picked":["Bouncing Flask","Heel Hook"],"picked":"Cloak And Dagger","floor":2},{"not_picked":["Outmaneuver","Dagger Spray"],"picked":"Crippling Poison","floor":3},{"not_picked":["Underhanded Strike","Predator","Deflect"],"picked":"SKIP","floor":4},{"not_picked":["Bullet Time","Deflect"],"picked":"Dodge and Roll","floor":5},{"not_picked":["Slice","Underhanded Strike"],"picked":"Catalyst","floor":7},{"not_picked":["Flying Knee","Underhanded Strike","A Thousand Cuts"],"picked":"SKIP","floor":11},{"not_picked":["Underhanded Strike","Choke"],"picked":"Poisoned Stab","floor":14},{"not_picked":["Envenom","Corpse Explosion"],"picked":"After Image","floor":16},{"not_picked":["Riddle With Holes","Distraction"],"picked":"Backstab","floor":18},{"not_picked":["Predator","Poisoned Stab"],"picked":"Escape Plan+1","floor":24},{"not_picked":["Bouncing Flask","Slice"],"picked":"Blur","floor":25},{"not_picked":["Quick Slash","Flying Knee","Distraction"],"picked":"SKIP","floor":27},{"not_picked":["Predator","Infinite Blades"],"picked":"Deadly Poison","floor":29}],"player_experience":820714,"relics_obtained":[{"floor":9,"key":"Strawberry"},{"floor":11,"key":"Tiny Chest"},{"floor":24,"key":"Potion Belt"},{"floor":26,"key":"Bag of Preparation"},{"floor":27,"key":"Art of War"},{"floor":31,"key":"Torii"}],"event_choices":[{"damage_healed":0,"gold_gain":30,"player_choice":"Searched \u00272\u0027 times","damage_taken":0,"max_hp_gain":0,"max_hp_loss":0,"event_name":"Dead Adventurer","floor":12,"gold_loss":0},{"damage_healed":45,"gold_gain":0,"player_choice":"Full Heal","damage_taken":0,"max_hp_gain":0,"max_hp_loss":0,"event_name":"Wheel of Change","floor":13,"gold_loss":0},{"damage_healed":0,"gold_gain":0,"player_choice":"Inject Mutagens","damage_taken":0,"relics_obtained":["MutagenicStrength"],"max_hp_gain":0,"max_hp_loss":0,"event_name":"Drug Dealer","floor":19,"gold_loss":0},{"damage_healed":0,"gold_gain":0,"player_choice":"Shed Blood","damage_taken":19,"max_hp_gain":5,"max_hp_loss":0,"event_name":"Forgotten Altar","floor":20,"gold_loss":0},{"damage_healed":0,"gold_gain":0,"player_choice":"Opened","damage_taken":0,"relics_obtained":["Regal Pillow"],"max_hp_gain":0,"max_hp_loss":0,"event_name":"The Mausoleum","floor":21,"gold_loss":0}],"is_beta":false,"boss_relics":[{"not_picked":["HoveringKite","Empty Cage"],"picked":"Pandora\u0027s Box"}],"items_purged_floors":[],"is_endless":false,"potions_floor_spawned":[1,3,7,11,18,25],"killed_by":"Automaton","ascension_level":13}