{"gold_per_floor":[117,117,132,146,146,207,207,232,232,172,172,172],"floor_reached":12,"playtime":599,"items_purged":["Defend_B"],"score":101,"play_id":"62622c23-e933-47e6-ba1a-4b0baa57d3f1","local_time":"20181209201827","is_ascension_mode":true,"campfire_choices":[{"data":"Zap","floor":7,"key":"SMITH"}],"neow_cost":"NONE","seed_source_timestamp":562812715266397,"circlet_count":0,"master_deck":["Strike_B","Strike_B+1","Defend_B","Defend_B","Defend_B","Zap+1","Dualcast","Melter","Self Repair+1","Conserve Battery","Echo Form"],"relics":["Cracked Core","Golden Idol","Tiny Chest","The Courier"],"potions_floor_usage":[],"damage_taken":[{"damage":0,"enemies":"Small Slimes","floor":1,"turns":3},{"damage":2,"enemies":"2 Louse","floor":3,"turns":3},{"damage":0,"enemies":"Jaw Worm","floor":4,"turns":3},{"damage":35,"enemies":"3 Sentries","floor":6,"turns":8},{"damage":8,"enemies":"Blue Slaver","floor":8,"turns":3},{"damage":44,"enemies":"Lots of Slimes","floor":12,"turns":3}],"seed_played":"608094747927113245","potions_obtained":[{"floor":6,"key":"FocusPotion"}],"is_trial":false,"path_per_floor":["M","?","M","M","?","E","R","M","T","$","?","M"],"character_chosen":"DEFECT","items_purchased":[],"campfire_rested":0,"item_purchase_floors":[],"current_hp_per_floor":[68,68,66,69,55,30,30,42,42,42,42,0],"gold":172,"neow_bonus":"TRANSFORM_CARD","is_prod":false,"is_daily":false,"chose_seed":false,"campfire_upgraded":1,"win_rate":0,"timestamp":1544357907,"path_taken":["M","?","M","M","?","E","R","M","T","$","?","M"],"build_version":"2018-12-06","purchased_purges":1,"victory":false,"max_hp_per_floor":[75,69,69,69,69,69,69,69,69,69,69,69],"card_choices":[{"not_picked":["Rebound","Leap"],"picked":"Self Repair","floor":1},{"not_picked":["Beam Cell","Compile Driver"],"picked":"Conserve Battery","floor":3},{"not_picked":["Rebound","Gash"],"picked":"Echo Form","floor":4},{"not_picked":["Heatsinks","Coolheaded","Compile Driver"],"picked":"SKIP","floor":6},{"not_picked":["Barrage","Chill","Cold Snap"],"picked":"SKIP","floor":8}],"player_experience":528919,"relics_obtained":[{"floor":6,"key":"Tiny Chest"},{"floor":9,"key":"The Courier"}],"event_choices":[{"damage_healed":0,"gold_gain":0,"player_choice":"Lose Max HP","damage_taken":0,"relics_obtained":["Golden Idol"],"max_hp_gain":0,"max_hp_loss":6,"event_name":"Golden Idol","floor":2,"gold_loss":0},{"damage_healed":0,"gold_gain":0,"player_choice":"Entered Light","damage_taken":14,"max_hp_gain":0,"max_hp_loss":0,"event_name":"Shining Light","floor":5,"gold_loss":0,"cards_upgraded":["Self Repair","Strike_B"]},{"cards_removed":["Strike_B"],"damage_healed":0,"gold_gain":0,"player_choice":"Forget","damage_taken":0,"max_hp_gain":0,"max_hp_loss":0,"event_name":"Living Wall","floor":11,"gold_loss":0}],"is_beta":false,"boss_relics":[],"items_purged_floors":[10],"is_endless":false,"potions_floor_spawned":[6],"killed_by":"Lots of Slimes","ascension_level":6}