{"gold_per_floor":[117,130,55,55,71,71,81,81,153,103,113,113,124,134,134,237,237,250,265,85,85,101,101,136,136,136,11,31,31,41,57,57,57],"floor_reached":33,"playtime":1164,"items_purged":["Strike_R","Defend_R","Normality"],"score":286,"play_id":"f6c85383-3c96-4555-b08a-b15b7913e2ea","local_time":"20180812192113","is_ascension_mode":false,"campfire_choices":[{"data":"Flame Barrier","floor":6,"key":"SMITH"},{"data":"Carnage","floor":8,"key":"SMITH"},{"data":"Combust","floor":12,"key":"SMITH"},{"data":"Bash","floor":15,"key":"SMITH"},{"data":"Whirlwind","floor":23,"key":"SMITH"},{"floor":32,"key":"REST"}],"neow_cost":"NONE","seed_source_timestamp":33553178817377,"circlet_count":0,"master_deck":["Strike_R","Strike_R","Strike_R","Defend_R","Defend_R","Defend_R","Bash+1","Carnage+1","Flame Barrier+1","Juggernaut","Combust+1","Feed","Cleave+1","Whirlwind+1","RitualDagger","Clash+1","Finesse","Immolate","Decay","Impervious","True Grit+1"],"relics":["Burning Blood","Vajra","Matryoshka","Philosopher\u0027s Stone","Orichalcum","Oddly Smooth Stone","Turnip"],"potions_floor_usage":[24,24,30],"damage_taken":[{"damage":5,"enemies":"Small Slimes","floor":1,"turns":3},{"damage":1,"enemies":"Cultist","floor":2,"turns":3},{"damage":3,"enemies":"Jaw Worm","floor":5,"turns":3},{"damage":12,"enemies":"Gremlin Gang","floor":7,"turns":7},{"damage":0,"enemies":"Exordium Wildlife","floor":11,"turns":3},{"damage":5,"enemies":"Red Slaver","floor":13,"turns":4},{"damage":12,"enemies":"Looter","floor":14,"turns":3},{"damage":68,"enemies":"Hexaghost","floor":16,"turns":12},{"damage":19,"enemies":"Chosen","floor":18,"turns":4},{"damage":37,"enemies":"2 Thieves","floor":19,"turns":4},{"damage":17,"enemies":"Cultist and Chosen","floor":22,"turns":4},{"damage":25,"enemies":"Gremlin Leader","floor":24,"turns":4},{"damage":3,"enemies":"Chosen and Byrds","floor":28,"turns":3},{"damage":8,"enemies":"Centurion and Healer","floor":30,"turns":3},{"damage":10,"enemies":"Snake Plant","floor":31,"turns":2},{"damage":45,"enemies":"Automaton","floor":33,"turns":4}],"seed_played":"3984603555537148146","potions_obtained":[{"floor":7,"key":"Energy Potion"},{"floor":11,"key":"FearPotion"},{"floor":14,"key":"Dexterity Potion"},{"floor":18,"key":"Regen Potion"},{"floor":24,"key":"Fire Potion"}],"is_trial":false,"path_per_floor":["M","M","$","?","M","R","M","R","T","?","M","R","M","M","R","B",null,"M","M","$","?","M","R","E","?","T","$","M","?","M","M","R"],"character_chosen":"IRONCLAD","items_purchased":["Whirlwind"],"campfire_rested":1,"item_purchase_floors":[20],"current_hp_per_floor":[80,80,80,72,75,75,69,69,69,69,75,75,76,70,70,8,80,70,42,42,36,28,28,17,17,17,17,23,23,21,17,45,0],"gold":57,"neow_bonus":"RANDOM_COMMON_RELIC","is_prod":false,"is_daily":false,"chose_seed":false,"campfire_upgraded":5,"win_rate":0,"timestamp":1534072873,"path_taken":["M","M","$","?","M","R","M","R","T","?","M","R","M","M","R","BOSS","M","M","$","?","M","R","E","?","T","$","M","?","M","M","R","BOSS"],"build_version":"2018-08-09","purchased_purges":3,"victory":false,"max_hp_per_floor":[80,80,80,80,80,80,80,80,80,80,80,80,80,80,80,80,80,83,86,86,86,89,89,92,92,92,92,95,95,95,95,95,95],"card_choices":[{"not_picked":["Twin Strike","Flex","Wild Strike"],"picked":"SKIP","floor":1},{"not_picked":["Thunderclap","Bloodletting"],"picked":"Carnage","floor":2},{"not_picked":["Shockwave","Armaments"],"picked":"Flame Barrier","floor":5},{"not_picked":["Thunderclap","Twin Strike"],"picked":"Juggernaut","floor":7},{"not_picked":["Sever Soul","Inflame"],"picked":"Combust","floor":11},{"not_picked":["Armaments","Heavy Blade","Sever Soul"],"picked":"SKIP","floor":13},{"not_picked":["Perfected Strike","Shrug It Off","Disarm"],"picked":"SKIP","floor":14},{"not_picked":["Offering","Double Tap"],"picked":"Feed","floor":16},{"not_picked":["Second Wind","Flex","Clash"],"picked":"SKIP","floor":18},{"not_picked":["Dual Wield","Warcry"],"picked":"Cleave+1","floor":19},{"not_picked":["Rage","Power Through"],"picked":"Clash+1","floor":22},{"not_picked":["Pommel Strike","Heavy Blade","Reckless Charge"],"picked":"SKIP","floor":24},{"not_picked":["Sword Boomerang","Battle Trance","Sever Soul"],"picked":"SKIP","floor":28},{"not_picked":["Headbutt","Clash+1"],"picked":"Impervious","floor":30},{"not_picked":["Searing Blow","Warcry"],"picked":"True Grit+1","floor":31}],"player_experience":377008,"relics_obtained":[{"floor":9,"key":"Matryoshka"},{"floor":24,"key":"Orichalcum"},{"floor":26,"key":"Oddly Smooth Stone"},{"floor":26,"key":"Turnip"}],"event_choices":[{"event_name":"Wheel of Change","player_choice":"Damage","floor":4,"damage_taken":0},{"event_name":"The Cleric","player_choice":"Card Removal","floor":10,"damage_taken":0},{"event_name":"Nest","player_choice":"Joined the Cult","floor":21,"damage_taken":0},{"event_name":"Match and Keep!","player_choice":"3 cards matched","floor":25,"damage_taken":0},{"event_name":"Forgotten Altar","player_choice":"Smashed Altar","floor":29,"damage_taken":0}],"is_beta":false,"boss_relics":[{"not_picked":["White Beast Statue","Tiny House"],"picked":"Philosopher\u0027s Stone"}],"items_purged_floors":[3,20,27],"is_endless":false,"potions_floor_spawned":[7,11,14,18,19,24],"killed_by":"Automaton","ascension_level":0}