{"gold_per_floor":[113,113,38,53,53,53,53,53,53,53,53,64,83,100,100,199,199,210,125,125,25,25,25],"floor_reached":23,"playtime":1076,"items_purged":["Strike_B","Strike_B"],"score":212,"play_id":"a5a37fcd-7f75-49c3-b51c-dfc4995f7126","local_time":"20180725085739","is_ascension_mode":true,"campfire_choices":[{"data":"Zap","floor":6,"key":"SMITH"},{"data":"Conserve Battery","floor":8,"key":"SMITH"},{"data":"White Noise","floor":15,"key":"SMITH"}],"neow_cost":"","seed_source_timestamp":299524681708038,"circlet_count":0,"master_deck":["Strike_B+1","Defend_B+1","Defend_B","Zap+1","Dualcast","Conserve Battery+1","White Noise+1","Conserve Battery","Skim","Echo Form","Buffer"],"relics":["Cracked Core","Orichalcum","Sozu","Bag of Preparation"],"potions_floor_usage":[16,23],"damage_taken":[{"damage":4,"enemies":"2 Louse","floor":1,"turns":2},{"damage":0,"enemies":"Jaw Worm","floor":4,"turns":4},{"damage":5,"enemies":"Small Slimes","floor":12,"turns":3},{"damage":0,"enemies":"Exordium Thugs","floor":13,"turns":3},{"damage":0,"enemies":"2 Fungi Beasts","floor":14,"turns":3},{"damage":50,"enemies":"The Guardian","floor":16,"turns":23},{"damage":0,"enemies":"3 Byrds","floor":18,"turns":2},{"damage":75,"enemies":"Slavers","floor":23,"turns":6}],"seed_played":"3253627635016305466","potions_obtained":[{"floor":14,"key":"PowerPotion"},{"floor":16,"key":"PowerPotion"}],"is_trial":false,"path_per_floor":["M","?","$","M","$","R","?","R","T","?","$","M","M","M","R","B",null,"M","?","?","$","?"],"character_chosen":"DEFECT","items_purchased":[],"campfire_rested":0,"item_purchase_floors":[],"current_hp_per_floor":[71,56,56,56,56,56,56,56,56,56,56,51,51,51,51,1,75,75,75,75,75,75,0],"gold":25,"neow_bonus":"","is_prod":false,"is_daily":false,"chose_seed":false,"campfire_upgraded":3,"win_rate":0,"timestamp":1532480259,"path_taken":["M","?","?","M","$","R","?","R","T","?","$","M","M","?","R","BOSS","M","?","?","$","?","E"],"build_version":"2018-07-19v2","purchased_purges":2,"victory":false,"max_hp_per_floor":[75,75,75,75,75,75,75,75,75,75,75,75,75,75,75,75,75,75,75,75,75,75,75],"card_choices":[{"not_picked":["Hello World","Defragment"],"picked":"Conserve Battery","floor":1},{"not_picked":["Streamline","Hologram","Barrage"],"picked":"SKIP","floor":4},{"not_picked":["Rip and Tear","Gash"],"picked":"White Noise","floor":12},{"not_picked":["Barrage","Beam Cell"],"picked":"Conserve Battery","floor":13},{"not_picked":["Steam Power","Genetic Algorithm"],"picked":"Skim","floor":14},{"not_picked":["Amplify","Machine Learning"],"picked":"Echo Form","floor":16},{"not_picked":["Sweeping Beam","Darkness","Force Field"],"picked":"SKIP","floor":18}],"player_experience":233021,"relics_obtained":[{"floor":9,"key":"Orichalcum"}],"event_choices":[{"event_name":"Shining Light","player_choice":"Entered Light","floor":2,"damage_taken":0},{"event_name":"Bonfire Elementals","player_choice":"BASIC","floor":7,"damage_taken":0},{"event_name":"Purifier","player_choice":"One Purge","floor":10,"damage_taken":0},{"event_name":"Addict","player_choice":"Obtained Relic","floor":19,"damage_taken":0},{"event_name":"Match and Keep!","player_choice":"1 cards matched","floor":20,"damage_taken":0},{"event_name":"Back to Basics","player_choice":"Elegance","floor":22,"damage_taken":0}],"is_beta":false,"boss_relics":[{"not_picked":["White Beast Statue","Eternal Feather"],"picked":"Sozu"}],"items_purged_floors":[3,21],"is_endless":false,"potions_floor_spawned":[14,16],"killed_by":"Slavers","ascension_level":4}