{"gold_per_floor":[114,126,126,51,64,93,58,58,88,163,163,173,201,221,221,316,316,326,343,354,370,383,410,410,410],"floor_reached":25,"playtime":2725,"items_purged":["Strike_G"],"score":341,"play_id":"56a6b5d3-2216-4ffd-89d0-7c16a06d3ee2","local_time":"20190612102605","is_ascension_mode":true,"campfire_choices":[{"data":"Dagger Spray","floor":11,"key":"SMITH"},{"data":"Noxious Fumes","floor":15,"key":"SMITH"},{"data":"Cloak And Dagger","floor":24,"key":"SMITH"}],"neow_cost":"NONE","seed_source_timestamp":120488721582804,"circlet_count":0,"master_deck":["Defend_G","Defend_G","Defend_G","Defend_G","Defend_G","Strike_G","Strike_G","Strike_G","Survivor","Neutralize","Acrobatics","Dagger Spray+1","Bouncing Flask","Blade Dance","Crippling Poison","Noxious Fumes+1","Adrenaline","Caltrops+1","Catalyst","Cloak And Dagger+1","Footwork+1","Escape Plan"],"relics":["Ring of the Snake","NeowsBlessing","Matryoshka","Tiny Chest","Meat on the Bone","Juzu Bracelet","Sozu","Darkstone Periapt"],"potions_floor_usage":[13,16,16,23],"damage_taken":[{"damage":0,"enemies":"Cultist","floor":1,"turns":1},{"damage":0,"enemies":"2 Louse","floor":2,"turns":1},{"damage":0,"enemies":"Small Slimes","floor":5,"turns":1},{"damage":28,"enemies":"Lagavulin","floor":6,"turns":7},{"damage":1,"enemies":"Looter","floor":12,"turns":3},{"damage":9,"enemies":"3 Sentries","floor":13,"turns":6},{"damage":4,"enemies":"Red Slaver","floor":14,"turns":6},{"damage":23,"enemies":"The Guardian","floor":16,"turns":9},{"damage":3,"enemies":"Chosen","floor":18,"turns":5},{"damage":4,"enemies":"Spheric Guardian","floor":19,"turns":4},{"damage":24,"enemies":"Chosen and Byrds","floor":20,"turns":6},{"damage":17,"enemies":"Snake Plant","floor":21,"turns":4},{"damage":16,"enemies":"Cultist and Chosen","floor":22,"turns":6},{"damage":10,"enemies":"Gremlin Leader","floor":23,"turns":6},{"damage":38,"enemies":"Slavers","floor":25,"turns":4}],"seed_played":"-3519710153675771377","potions_obtained":[{"floor":2,"key":"LiquidBronze"},{"floor":6,"key":"Fire Potion"},{"floor":13,"key":"Explosive Potion"},{"floor":14,"key":"AttackPotion"}],"is_trial":false,"path_per_floor":["M","M","?","$","M","E","?","?","T","?","R","M","E","M","R","B",null,"M","M","M","M","M","E","R","E"],"character_chosen":"THE_SILENT","items_purchased":[],"campfire_rested":0,"item_purchase_floors":[],"current_hp_per_floor":[63,63,63,63,63,35,52,52,52,41,41,40,43,39,39,28,60,57,53,41,36,32,34,34,0],"gold":410,"neow_bonus":"THREE_ENEMY_KILL","is_prod":false,"is_daily":false,"chose_seed":false,"campfire_upgraded":3,"win_rate":0,"timestamp":1560306365,"path_taken":["M","?","?","?","M","E","?","?","T","?","R","?","E","M","R","BOSS","M","M","M","M","M","E","R","E"],"build_version":"2019-01-23","purchased_purges":1,"victory":false,"max_hp_per_floor":[70,70,70,70,70,70,70,70,70,70,70,70,70,70,70,70,70,70,70,70,70,70,70,70,70],"card_choices":[{"not_picked":["Poisoned Stab","PiercingWail"],"picked":"Acrobatics","floor":1},{"not_picked":["Envenom","Sucker Punch"],"picked":"Dagger Spray","floor":2},{"not_picked":["Dagger Throw","Outmaneuver"],"picked":"Bouncing Flask","floor":5},{"not_picked":["Dagger Spray","Skewer","All Out Attack"],"picked":"SKIP","floor":6},{"not_picked":["Dagger Spray","Acrobatics"],"picked":"Blade Dance","floor":12},{"not_picked":["Deadly Poison","Slice"],"picked":"Crippling Poison","floor":13},{"not_picked":["Blade Dance","Dagger Spray"],"picked":"Noxious Fumes","floor":14},{"not_picked":["Tools of the Trade","Unload"],"picked":"Adrenaline","floor":16},{"not_picked":["Dodge and Roll","Deflect"],"picked":"Caltrops+1","floor":18},{"not_picked":["Cloak And Dagger","Distraction"],"picked":"Catalyst","floor":19},{"not_picked":["Distraction","Quick Slash"],"picked":"Cloak And Dagger","floor":20},{"not_picked":["Dagger Spray","Malaise"],"picked":"Footwork+1","floor":21},{"not_picked":["Concentrate","Sucker Punch","Predator+1"],"picked":"SKIP","floor":22},{"not_picked":["Outmaneuver+1","Bullet Time"],"picked":"Escape Plan","floor":23}],"player_experience":784382,"relics_obtained":[{"floor":6,"key":"Matryoshka"},{"floor":9,"key":"Tiny Chest"},{"floor":9,"key":"Meat on the Bone"},{"floor":13,"key":"Juzu Bracelet"},{"floor":23,"key":"Darkstone Periapt"}],"event_choices":[{"cards_removed":["Strike_G"],"damage_healed":0,"gold_gain":0,"player_choice":"Purged","damage_taken":0,"max_hp_gain":0,"max_hp_loss":0,"event_name":"Purifier","floor":3,"gold_loss":0},{"damage_healed":17,"gold_gain":0,"player_choice":"Healed","damage_taken":0,"max_hp_gain":0,"max_hp_loss":0,"event_name":"The Cleric","floor":7,"gold_loss":35},{"damage_healed":0,"gold_gain":0,"player_choice":"Ignored","damage_taken":0,"max_hp_gain":0,"max_hp_loss":0,"event_name":"Liars Game","floor":8,"gold_loss":0},{"damage_healed":0,"gold_gain":75,"player_choice":"Gather Gold","damage_taken":11,"max_hp_gain":0,"max_hp_loss":0,"event_name":"World of Goop","floor":10,"gold_loss":0}],"is_beta":false,"boss_relics":[{"not_picked":["Calling Bell","Fusion Hammer"],"picked":"Sozu"}],"items_purged_floors":[4],"is_endless":false,"potions_floor_spawned":[2,6,13,14,18,19],"killed_by":"Slavers","ascension_level":9}