{"path_per_floor":["M","?","?","?","?","R","M","E","T","$","?","R","M","M","R","B",null,"M","?","$","?","M","R","E","R","T","M","$","R","M","M","R"],"character_chosen":"DEFECT","items_purchased":["Impulse","Ball Lightning","Bag of Preparation","Regen Potion"],"gold_per_floor":[111,111,111,186,186,186,206,247,247,70,170,170,186,209,209,337,337,356,356,53,0,17,17,43,43,90,103,53,53,70,84,84,84],"floor_reached":33,"campfire_rested":3,"playtime":1514,"current_hp_per_floor":[59,59,59,48,48,48,48,54,54,54,54,54,53,53,53,38,79,62,62,62,62,56,56,15,38,43,28,28,51,40,14,37,0],"items_purged":["Strike_B","Strike_B","Strike_B"],"gold":84,"score":289,"play_id":"265f4a9a-e1ac-4578-ae0f-4a7b5bdf68a7","local_time":"20180427002435","is_prod":false,"is_daily":false,"chose_seed":false,"is_ascension_mode":true,"campfire_upgraded":4,"timestamp":1524806675,"path_taken":["M","?","?","?","?","R","?","E","T","$","?","R","M","M","R","BOSS","M","?","$","?","?","R","E","R","T","M","$","R","M","M","R","BOSS"],"build_version":"2018-04-26v2","seed_source_timestamp":1341882948195971,"purchased_purges":3,"victory":false,"master_deck":["Strike_B","Defend_B","Defend_B","Defend_B","Defend_B","Zap+1","Dualcast+1","Leap","Stack","Impulse+1","Ball Lightning+1","Glacier","Storm","Fission","Stack","Capacitor+1","Defragment","Leap","Skim","Beam Cell"],"max_hp_per_floor":[75,75,75,75,69,69,69,79,79,79,79,79,79,79,79,79,79,79,79,79,79,79,79,79,79,79,79,79,79,79,79,79,79],"relics":["Cracked Core","Bloody Idol","Pear","Oddly Smooth Stone","Velvet Choker","Bag of Preparation","Smiling Mask","Orichalcum"],"card_choices":[{"not_picked":["Barrage","Hologram"],"picked":"Leap","floor":1},{"not_picked":["Undo","Skim"],"picked":"Stack","floor":7},{"not_picked":["Hologram","Meteor Strike"],"picked":"Glacier","floor":13},{"not_picked":["Beam Cell","Genetic Algorithm"],"picked":"Storm","floor":14},{"not_picked":["Redo","All For One"],"picked":"Fission","floor":16},{"not_picked":["Hologram","Hello World"],"picked":"Stack","floor":18},{"not_picked":["Rip and Tear","Stack"],"picked":"Capacitor","floor":22},{"not_picked":["Darkness","Gash"],"picked":"Defragment","floor":24},{"not_picked":["Barrage","Turbo"],"picked":"Leap","floor":27},{"not_picked":["Conserve Battery","Beam Cell"],"picked":"Skim","floor":30},{"not_picked":["Buffer","Aggregate"],"picked":"Beam Cell","floor":31}],"player_experience":42711,"potions_floor_usage":[16,16,16,22,24,31],"damage_taken":[{"damage":16,"enemies":"Small Slimes","floor":1,"turns":4},{"damage":0,"enemies":"Cultist","floor":7,"turns":3},{"damage":4,"enemies":"3 Sentries","floor":8,"turns":10},{"damage":1,"enemies":"Jaw Worm","floor":13,"turns":3},{"damage":0,"enemies":"3 Louse","floor":14,"turns":4},{"damage":15,"enemies":"Slime Boss","floor":16,"turns":7},{"damage":17,"enemies":"Spheric Guardian","floor":18,"turns":6},{"damage":26,"enemies":"2 Thieves","floor":22,"turns":5},{"damage":46,"enemies":"Slavers","floor":24,"turns":9},{"damage":20,"enemies":"Snecko","floor":27,"turns":7},{"damage":16,"enemies":"Snake Plant","floor":30,"turns":5},{"damage":31,"enemies":"Cultist and Chosen","floor":31,"turns":7},{"damage":64,"enemies":"Collector","floor":33,"turns":5}],"event_choices":[{"event_name":"Accursed Blacksmith","player_choice":"Forge","floor":2,"damage_taken":0},{"event_name":"Liars Game","player_choice":"disagreed","floor":3,"damage_taken":0},{"event_name":"World of Goop","player_choice":"Gather Gold","floor":4,"damage_taken":0},{"event_name":"Golden Idol","player_choice":"Lose Max HP","floor":5,"damage_taken":0},{"event_name":"Wheel of Change","player_choice":"Gold","floor":11,"damage_taken":0},{"event_name":"Forgotten Altar","player_choice":"Gave Idol","floor":19,"damage_taken":0},{"event_name":"Masked Bandits","player_choice":"Paid Bandits 53 gold","floor":21,"damage_taken":0}],"boss_relics":[{"not_picked":["Eternal Feather","Philosopher\u0027s Stone"],"picked":"Velvet Choker"}],"potions_floor_spawned":[8,13,18,27],"seed_played":"4365603674242850299","killed_by":"Collector","ascension_level":2,"is_trial":false}