{"path_per_floor":["M","?","?","M","M","R","M","M","T","?","R","M","$","M","R","B",null,"M","?","?","$","M","R","E","?","T","$","T","M","R","M","R"],"character_chosen":"THE_SILENT","items_purchased":["Noxious Fumes","Backflip"],"gold_per_floor":[111,111,111,121,133,133,146,159,183,133,133,151,2,17,17,114,114,128,128,128,28,41,41,72,72,72,47,47,65,65,82,82],"floor_reached":33,"campfire_rested":1,"playtime":2307,"current_hp_per_floor":[63,63,49,45,45,45,45,39,39,39,39,38,38,38,38,26,59,44,67,54,54,43,65,30,30,40,40,40,40,40,33,33],"items_purged":["Strike_G","Strike_G"],"gold":82,"score":398,"play_id":"f2fed9e3-a43b-4250-a1f5-d0e342abed2d","is_prod":false,"is_daily":false,"is_ascension_mode":true,"campfire_upgraded":5,"path_taken":["M","?","?","?","M","R","M","M","T","?","R","M","$","M","R","BOSS","M","?","?","?","?","R","E","?","T","$","?","M","R","M","R","BOSS"],"build_version":"2018-02-22-PROD2","purchased_purges":2,"victory":false,"master_deck":["Defend_G","Defend_G+1","Defend_G","Defend_G","Strike_G","Strike_G+1","Survivor+1","Neutralize+1","All Out Attack","Dash","Noxious Fumes+1","Dash+1","Outmaneuver+1","Well Laid Plans+1","Backflip+1"],"max_hp_per_floor":[70,70,70,70,70,70,70,70,70,70,70,70,70,70,70,70,70,70,70,75,75,75,75,75,75,85,85,85,85,85,85,85],"relics":["Ring of the Snake","Lantern","The Specimen","Frozen Eye","Pear","Girya"],"card_choices":[{"not_picked":["Quick Slash","Flying Knee"],"picked":"All Out Attack"},{"not_picked":["Flechettes","Quick Slash"],"picked":"Dash"},{"not_picked":["Slice","Dagger Spray"],"picked":"Dash"},{"not_picked":["Crippling Poison","Poisoned Stab"],"picked":"Outmaneuver"},{"not_picked":["Prepared","Dodge and Roll"],"picked":"Well Laid Plans"}],"player_experience":191956,"potions_floor_usage":[16,16,16,24,24,33],"damage_taken":[{"damage":0,"enemies":"2 Louse","floor":1,"turns":3},{"damage":4,"enemies":"Jaw Worm","floor":4,"turns":4},{"damage":0,"enemies":"Small Slimes","floor":5,"turns":2},{"damage":0,"enemies":"2 Fungi Beasts","floor":7,"turns":4},{"damage":6,"enemies":"Blue Slaver","floor":8,"turns":4},{"damage":1,"enemies":"Red Slaver","floor":12,"turns":4},{"damage":0,"enemies":"2 Fungi Beasts","floor":14,"turns":3},{"damage":12,"enemies":"The Guardian","floor":16,"turns":11},{"damage":15,"enemies":"Spheric Guardian","floor":18,"turns":7},{"damage":11,"enemies":"3 Byrds","floor":22,"turns":5},{"damage":35,"enemies":"Gremlin Leader","floor":24,"turns":8},{"damage":0,"enemies":"Centurion and Healer","floor":29,"turns":8},{"damage":7,"enemies":"Slaver and Parasite","floor":31,"turns":7},{"damage":43,"enemies":"Champ","floor":33,"turns":19}],"event_choices":[{"event_name":"Living Wall","player_choice":"Forget","floor":2,"damage_taken":0},{"event_name":"Shining Light","player_choice":"Entered Light","floor":3,"damage_taken":0},{"event_name":"The Cleric","player_choice":"Card Removal","floor":10,"damage_taken":0},{"event_name":"The Library","player_choice":"Heal","floor":19,"damage_taken":0},{"event_name":"Forgotten Altar","player_choice":"Shed Blood","floor":20,"damage_taken":0},{"event_name":"Addict","player_choice":"Ignored","floor":25,"damage_taken":0}],"boss_relics":[{"not_picked":["Question Card","Tiny House"],"picked":"The Specimen"}],"potions_floor_spawned":[1,12,14,16,18,24],"seed_played":"-9202531582253204236","killed_by":"Champ","ascension_level":9,"is_trial":false}