{"gold_per_floor":[112,128,148,158,174,174,204,204,204,204,129,144,144,9,9,110,410,427,427,445,458,373,373,408,408,408,439,466,197,211,61,61,158,158,174,174,184,184,184],"floor_reached":39,"playtime":1938,"items_purged":["Defend_G","Strike_G","Doubt","Decay"],"score":428,"play_id":"77e37088-c5e1-4f6b-9f76-8441c6c81596","local_time":"20190516015157","is_ascension_mode":false,"campfire_choices":[{"data":"Bane","floor":6,"key":"SMITH"},{"floor":8,"key":"REST"},{"data":"PiercingWail","floor":13,"key":"SMITH"},{"data":"Caltrops","floor":15,"key":"SMITH"},{"data":"Catalyst","floor":23,"key":"SMITH"},{"floor":25,"key":"REST"},{"floor":32,"key":"REST"}],"neow_cost":"NONE","seed_source_timestamp":114139464600,"circlet_count":0,"master_deck":["Defend_G","Defend_G","Defend_G","Defend_G","Strike_G","Strike_G","Strike_G","Strike_G","Survivor","Neutralize","PiercingWail+1","Bane+1","Deadly Poison","PiercingWail+1","Backstab+1","Caltrops+1","Corpse Explosion","Parasite","Prepared","Catalyst+1","Corpse Explosion","Footwork","Backstab","Catalyst","Caltrops","Die Die Die","Skewer+1","Madness","Madness"],"relics":["Ring of the Snake","NeowsBlessing","Ornamental Fan","Incense Burner","Calling Bell","Potion Belt","Meat on the Bone","Old Coin","Blue Candle","StoneCalendar","MawBank","Runic Pyramid"],"potions_floor_usage":[7,24,33,33,33,39],"damage_taken":[{"damage":0,"enemies":"2 Louse","floor":1,"turns":1},{"damage":0,"enemies":"Jaw Worm","floor":2,"turns":1},{"damage":0,"enemies":"Small Slimes","floor":3,"turns":1},{"damage":7,"enemies":"3 Louse","floor":4,"turns":3},{"damage":1,"enemies":"2 Fungi Beasts","floor":5,"turns":4},{"damage":14,"enemies":"Lagavulin","floor":7,"turns":5},{"damage":0,"enemies":"Large Slime","floor":12,"turns":5},{"damage":10,"enemies":"Hexaghost","floor":16,"turns":9},{"damage":1,"enemies":"Shell Parasite","floor":18,"turns":5},{"damage":0,"enemies":"3 Byrds","floor":20,"turns":3},{"damage":6,"enemies":"Snecko","floor":21,"turns":6},{"damage":27,"enemies":"Gremlin Leader","floor":24,"turns":6},{"damage":3,"enemies":"Centurion and Healer","floor":27,"turns":4},{"damage":20,"enemies":"Chosen and Byrds","floor":28,"turns":6},{"damage":5,"enemies":"Snecko","floor":30,"turns":5},{"damage":41,"enemies":"Champ","floor":33,"turns":8},{"damage":16,"enemies":"Orb Walker","floor":35,"turns":4},{"damage":3,"enemies":"3 Shapes","floor":37,"turns":4},{"damage":47,"enemies":"Spire Growth","floor":39,"turns":6}],"seed_played":"-6864908946728283945","potions_obtained":[{"floor":2,"key":"Strength Potion"},{"floor":3,"key":"PowerPotion"},{"floor":5,"key":"SteroidPotion"},{"floor":20,"key":"SpeedPotion"},{"floor":21,"key":"Energy Potion"},{"floor":27,"key":"FearPotion"},{"floor":33,"key":"Explosive Potion"},{"floor":37,"key":"PowerPotion"}],"is_trial":false,"path_per_floor":["M","M","M","M","M","R","E","R","T","?","$","M","R","$","R","B",null,"M","?","M","M","?","R","E","R","T","M","M","$","M","$","R","B",null,"M","?","M","?","M"],"character_chosen":"THE_SILENT","items_purchased":["Caltrops","Catalyst","Caltrops"],"campfire_rested":3,"item_purchase_floors":[14,29,29],"current_hp_per_floor":[70,70,70,63,62,62,48,69,69,55,55,55,55,55,55,45,70,69,69,69,63,63,63,36,57,57,54,46,46,41,41,62,33,70,54,45,42,42,0],"gold":184,"neow_bonus":"THREE_ENEMY_KILL","is_prod":false,"is_daily":false,"chose_seed":false,"campfire_upgraded":4,"win_rate":0.0,"timestamp":1557982317,"path_taken":["M","M","M","M","M","R","E","R","T","?","$","M","R","?","R","BOSS","M","?","M","M","?","R","E","R","T","M","M","$","M","$","R","BOSS","M","?","M","?","M"],"build_version":"2019-01-23","purchased_purges":4,"victory":false,"max_hp_per_floor":[70,70,70,70,70,70,70,70,70,70,70,70,70,70,70,70,70,70,70,70,70,70,70,70,70,70,70,70,70,70,70,70,70,70,70,70,70,70,70],"card_choices":[{"not_picked":["Sucker Punch","Masterful Stab"],"picked":"PiercingWail","floor":1},{"not_picked":["Predator","Footwork"],"picked":"Bane","floor":2},{"not_picked":["Deflect","Crippling Poison"],"picked":"Deadly Poison","floor":3},{"not_picked":["Finisher","Slice"],"picked":"Backstab","floor":4},{"not_picked":["Deflect","Tactician"],"picked":"PiercingWail","floor":5},{"not_picked":["Poisoned Stab","Masterful Stab"],"picked":"Backstab","floor":7},{"not_picked":["PiercingWail","Heel Hook","Endless Agony"],"picked":"SKIP","floor":12},{"not_picked":["A Thousand Cuts","Night Terror"],"picked":"Corpse Explosion","floor":16},{"not_picked":["Backflip+1","Expertise+1"],"picked":"Prepared","floor":18},{"not_picked":["Slice","Acrobatics","Dagger Throw"],"picked":"SKIP","floor":20},{"not_picked":["Infinite Blades","Unload","Deflect+1"],"picked":"SKIP","floor":21},{"not_picked":["Well Laid Plans","Dagger Spray+1"],"picked":"Corpse Explosion","floor":24},{"not_picked":["Sucker Punch","Choke+1"],"picked":"Footwork","floor":27},{"not_picked":["Terror","Poisoned Stab"],"picked":"Backstab","floor":28},{"not_picked":["Blade Dance","Quick Slash+1","Dodge and Roll"],"picked":"SKIP","floor":30},{"not_picked":["Night Terror","Phantasmal Killer"],"picked":"Die Die Die","floor":33},{"not_picked":["Eviscerate","Deadly Poison"],"picked":"Skewer+1","floor":35},{"not_picked":["Leg Sweep","Expertise","Backflip"],"picked":"SKIP","floor":37}],"player_experience":182728,"relics_obtained":[{"floor":7,"key":"Ornamental Fan"},{"floor":9,"key":"Incense Burner"},{"floor":17,"key":"Potion Belt"},{"floor":17,"key":"Meat on the Bone"},{"floor":17,"key":"Old Coin"},{"floor":24,"key":"StoneCalendar"},{"floor":26,"key":"MawBank"}],"event_choices":[{"damage_healed":0,"gold_gain":0,"player_choice":"Entered Light","damage_taken":14,"max_hp_gain":0,"max_hp_loss":0,"event_name":"Shining Light","floor":10,"gold_loss":0,"cards_upgraded":["PiercingWail","Backstab"]},{"damage_healed":0,"gold_gain":0,"player_choice":"Read","damage_taken":0,"max_hp_gain":0,"max_hp_loss":0,"event_name":"The Library","floor":19,"gold_loss":0,"cards_obtained":["Catalyst"]},{"damage_healed":0,"gold_gain":0,"player_choice":"Obtained Relic","damage_taken":0,"relics_obtained":["Blue Candle"],"max_hp_gain":0,"max_hp_loss":0,"event_name":"Addict","floor":22,"gold_loss":85},{"damage_healed":0,"gold_gain":0,"player_choice":"Embrace Madness","damage_taken":9,"max_hp_gain":0,"max_hp_loss":0,"event_name":"Winding Halls","floor":36,"gold_loss":0,"cards_obtained":["Madness","Madness"]},{"cards_removed":["Backstab"],"damage_healed":0,"gold_gain":0,"player_choice":"Removed Attack","damage_taken":0,"max_hp_gain":0,"max_hp_loss":0,"event_name":"Falling","floor":38,"gold_loss":0}],"is_beta":false,"boss_relics":[{"not_picked":["Velvet Choker","Pandora\u0027s Box"],"picked":"Calling Bell"},{"not_picked":["Runic Dome","Philosopher\u0027s Stone"],"picked":"Runic Pyramid"}],"items_purged_floors":[11,14,29,31],"is_endless":false,"potions_floor_spawned":[2,3,5,20,21,27,33,37],"killed_by":"Spire Growth","ascension_level":0}