{"path_per_floor":["M","M","M","?","M","R","E","R","T","M","M","T","R","M","R","B",null,"M","M","?","M","?","R","M","E","T","?","R","E","M","$","R","B",null,"M","M","$","?","$","M","E","R","T","R","M","?","M","T","R","B"],"character_chosen":"DEFECT","items_purchased":["Glacier","Pen Nib","Vajra"],"gold_per_floor":[110,120,136,136,146,146,176,176,201,215,232,257,257,267,267,369,369,380,390,390,409,409,409,421,453,502,502,502,537,552,109,109,204,204,220,231,131,131,6,20,45,45,118,118,129,129,142,142,142,142],"floor_reached":51,"campfire_rested":2,"playtime":3726,"current_hp_per_floor":[74,73,72,65,65,65,45,45,45,41,41,41,41,32,69,52,75,75,75,75,68,68,68,65,53,53,53,53,37,37,37,74,25,75,75,75,75,75,75,75,75,75,75,75,75,75,75,75,75,38],"items_purged":["Strike_B","Strike_B","Strike_B"],"gold":142,"score":798,"play_id":"2b6c47e7-2f96-4711-8985-aeff90b205c8","local_time":"20180428021605","is_prod":false,"is_daily":false,"chose_seed":false,"is_ascension_mode":true,"campfire_upgraded":8,"timestamp":1524899765,"path_taken":["M","M","M","?","M","R","E","R","T","M","M","?","R","M","R","BOSS","M","M","?","?","?","R","M","E","T","?","R","E","?","$","R","BOSS","M","M","$","?","$","M","E","R","T","R","M","?","M","?","R","BOSS"],"build_version":"2018-04-27","seed_source_timestamp":49200533062058,"purchased_purges":3,"victory":true,"master_deck":["Defend_B","Defend_B","Zap","Dualcast","Force Field+1","Reinforced Body+1","Ball Lightning+1","Seek","Hello World+1","Force Field","All For One+1","Buffer","Chaos+1","Loop","Capacitor","Streamline+1","Glacier+1","Rainbow+1","Leap+1","Skim+1","Barrage+1","Blizzard+1"],"max_hp_per_floor":[75,75,75,75,75,75,75,75,75,75,75,75,75,75,75,75,75,75,75,75,75,75,75,75,75,75,75,75,75,75,75,75,75,75,75,75,75,75,75,75,75,75,75,75,75,75,75,75,75,75],"relics":["Snecko Eye","Orichalcum","Regal Pillow","Lantern","Sozu","Bronze Scales","Ancient Tea Set","Peace Pipe","Pen Nib","Vajra","Inserter","Molten Egg 2","Bottled Flame","Thread and Needle"],"card_choices":[{"not_picked":["Coolheaded","Defragment"],"picked":"Force Field","floor":1},{"not_picked":["Self Repair","Stack"],"picked":"Reinforced Body","floor":2},{"not_picked":["Beam Cell","Recycle"],"picked":"Ball Lightning","floor":3},{"not_picked":["Rebound","Doom and Gloom"],"picked":"Seek","floor":7},{"not_picked":["Coolheaded","Reprogram"],"picked":"Hello World","floor":10},{"not_picked":["Rebound","Ball Lightning"],"picked":"Force Field","floor":14},{"not_picked":["Reboot","Fusion"],"picked":"All For One","floor":16},{"not_picked":["Ball Lightning","Axe Kick"],"picked":"Buffer","floor":18},{"not_picked":["Auto Shields","Reprogram"],"picked":"Chaos","floor":19},{"not_picked":["Beam Cell","Axe Kick"],"picked":"Loop","floor":24},{"not_picked":["Biased Cognition","Barrage"],"picked":"Capacitor","floor":25},{"not_picked":["Sunder","Beam Cell"],"picked":"Reprogram","floor":29},{"not_picked":["Capacitor","Go for the Eyes"],"picked":"Streamline","floor":30},{"not_picked":["Fission","Thunder Strike"],"picked":"Rainbow","floor":33},{"not_picked":["Melter","Recycle"],"picked":"Leap","floor":35},{"not_picked":["Coolheaded","Conserve Battery"],"picked":"Skim","floor":41},{"not_picked":["Tempest","Go for the Eyes"],"picked":"Barrage","floor":45},{"not_picked":["Capacitor","Go for the Eyes"],"picked":"Blizzard","floor":47}],"player_experience":66080,"potions_floor_usage":[19,33,50],"damage_taken":[{"damage":1,"enemies":"2 Louse","floor":1,"turns":2},{"damage":1,"enemies":"Jaw Worm","floor":2,"turns":4},{"damage":1,"enemies":"Cultist","floor":3,"turns":5},{"damage":0,"enemies":"Exordium Wildlife","floor":5,"turns":5},{"damage":20,"enemies":"Lagavulin","floor":7,"turns":5},{"damage":4,"enemies":"3 Louse","floor":10,"turns":4},{"damage":0,"enemies":"2 Fungi Beasts","floor":11,"turns":2},{"damage":9,"enemies":"Blue Slaver","floor":14,"turns":3},{"damage":17,"enemies":"The Guardian","floor":16,"turns":13},{"damage":0,"enemies":"2 Thieves","floor":18,"turns":3},{"damage":0,"enemies":"Chosen","floor":19,"turns":4},{"damage":7,"enemies":"3 Cultists","floor":21,"turns":5},{"damage":3,"enemies":"Slaver and Parasite","floor":24,"turns":7},{"damage":12,"enemies":"Slavers","floor":25,"turns":6},{"damage":16,"enemies":"Book of Stabbing","floor":29,"turns":5},{"damage":0,"enemies":"Cultist and Chosen","floor":30,"turns":5},{"damage":49,"enemies":"Collector","floor":33,"turns":11},{"damage":0,"enemies":"Orb Walker","floor":35,"turns":3},{"damage":0,"enemies":"3 Shapes","floor":36,"turns":7},{"damage":0,"enemies":"Spire Growth","floor":40,"turns":4},{"damage":0,"enemies":"Giant Head","floor":41,"turns":8},{"damage":0,"enemies":"Maw","floor":45,"turns":8},{"damage":0,"enemies":"3 Darklings","floor":47,"turns":4},{"damage":37,"enemies":"Awakened One","floor":50,"turns":10}],"event_choices":[{"event_name":"Golden Wing","player_choice":"Card Removal","floor":4,"damage_taken":0},{"event_name":"Drug Dealer","player_choice":"Ignored","floor":20,"damage_taken":0},{"event_name":"Vampires","player_choice":"Ignored","floor":22,"damage_taken":0},{"event_name":"Wheel of Change","player_choice":"Card Removal","floor":27,"damage_taken":0},{"event_name":"Purifier","player_choice":"One Purge","floor":46,"damage_taken":0}],"boss_relics":[{"not_picked":["Nuclear Battery","Black Star"],"picked":"Sozu"},{"not_picked":["Runic Dome","Velvet Choker"],"picked":"Inserter"}],"potions_floor_spawned":[1,3,14,16,21,29,33,40,41,47],"seed_played":"-7156813151170166550","ascension_level":3,"is_trial":false}