{"gold_per_floor":[114,131,131,151,164,197,217,217,217,217,244,121,131,131,131,229,229,216,23,23,23,23,23,23,35,114,114,114,133,149,149,149,247,247,264,1263,1273,1273,776,776,53,70,70,70,103,115,115,162,162,162],"floor_reached":51,"playtime":5893,"items_purged":["Normality","Defend_B","Normality","Normality"],"score":958,"play_id":"2c0b8982-4f9e-445c-a5c5-b2637093246e","local_time":"20190511161744","is_ascension_mode":false,"campfire_choices":[{"floor":10,"key":"REST"},{"floor":15,"key":"REST"},{"floor":23,"key":"REST"},{"data":"Sweeping Beam","floor":27,"key":"SMITH"},{"data":"Conserve Battery","floor":28,"key":"SMITH"},{"data":"Static Discharge","floor":32,"key":"SMITH"},{"floor":40,"key":"REST"},{"data":"Apotheosis","floor":44,"key":"SMITH"},{"floor":47,"key":"REST"},{"data":"Dramatic Entrance","floor":49,"key":"SMITH"}],"neow_cost":"CURSE","seed_source_timestamp":0,"circlet_count":0,"master_deck":["Defend_B","Defend_B","Defend_B","Zap","Dualcast","Sweeping Beam+1","Stack","White Noise","Stack+1","Stack","Rainbow","Parasite","Conserve Battery+1","Leap","Conserve Battery","FTL","Leap","Echo Form","Ball Lightning","Dramatic Entrance+1","Cold Snap","Static Discharge+1","Bite","Bite","Bite","Bite","Bite","Shame","Ball Lightning+1","Compile Driver+1","Rebound+1","Apotheosis+1","Conserve Battery","Barrage+1","Stack+1"],"special_seed":0,"relics":["FrozenCore","FossilizedHelix","Dream Catcher","Blue Candle","Letter Opener","Omamori","WingedGreaves","Nilry\u0027s Codex","MutagenicStrength","Tiny Chest","Calling Bell","Boot","Meat on the Bone","Gambling Chip","Molten Egg 2","Oddly Smooth Stone","Mercury Hourglass","Frozen Egg 2","Happy Flower","War Paint"],"potions_floor_usage":[33,33,45,50,50,50],"damage_taken":[{"damage":2,"enemies":"Jaw Worm","floor":1,"turns":4},{"damage":0,"enemies":"Cultist","floor":2,"turns":3},{"damage":7,"enemies":"Small Slimes","floor":4,"turns":4},{"damage":2,"enemies":"Looter","floor":5,"turns":3},{"damage":53,"enemies":"Gremlin Nob","floor":6,"turns":6},{"damage":8,"enemies":"2 Fungi Beasts","floor":7,"turns":3},{"damage":16,"enemies":"Lagavulin","floor":11,"turns":7},{"damage":0,"enemies":"Blue Slaver","floor":13,"turns":4},{"damage":29,"enemies":"Hexaghost","floor":16,"turns":16},{"damage":12,"enemies":"2 Thieves","floor":18,"turns":4},{"damage":5,"enemies":"Chosen","floor":25,"turns":6},{"damage":0,"enemies":"Snecko","floor":29,"turns":6},{"damage":10,"enemies":"Cultist and Chosen","floor":30,"turns":6},{"damage":49,"enemies":"Collector","floor":33,"turns":13},{"damage":0,"enemies":"3 Shapes","floor":35,"turns":3},{"damage":33,"enemies":"3 Darklings","floor":37,"turns":6},{"damage":25,"enemies":"Spire Growth","floor":42,"turns":7},{"damage":26,"enemies":"Nemesis","floor":45,"turns":9},{"damage":1,"enemies":"Maw","floor":46,"turns":9},{"damage":37,"enemies":"Time Eater","floor":50,"turns":14}],"seed_played":"8764209658758830542","potions_obtained":[{"floor":1,"key":"FocusPotion"},{"floor":4,"key":"SpeedPotion"},{"floor":11,"key":"Strength Potion"},{"floor":13,"key":"Weak Potion"},{"floor":30,"key":"Energy Potion"},{"floor":33,"key":"Ancient Potion"},{"floor":37,"key":"SteroidPotion"},{"floor":42,"key":"Dexterity Potion"},{"floor":46,"key":"Weak Potion"}],"is_trial":false,"path_per_floor":["M","M","?","M","M","E","M","?","T","R","E","$","M","T","R","B",null,"M","$","?","?","?","R","?","M","T","R","R","M","M","?","R","B",null,"M","?","M","?","$","R","$","M","T","R","E","M","R","T","R","B",null],"character_chosen":"DEFECT","items_purchased":["Conserve Battery","Dramatic Entrance","Molten Egg 2","Compile Driver+1","EssenceOfSteel","Oddly Smooth Stone","Mercury Hourglass","Apotheosis"],"campfire_rested":5,"item_purchase_floors":[12,19,39,39,39,41,41,41],"current_hp_per_floor":[73,73,73,66,64,11,3,21,21,43,27,27,27,27,49,20,75,63,63,49,33,33,57,57,52,52,52,52,52,42,42,42,13,56,56,56,29,29,29,45,45,32,32,32,31,44,56,56,56,37],"gold":162,"neow_bonus":"ONE_RARE_RELIC","is_prod":false,"is_daily":false,"chose_seed":false,"campfire_upgraded":5,"win_rate":0.0,"timestamp":1557605864,"path_taken":["M","M","?","M","?","E","M","?","T","R","E","$","M","?","R","BOSS","M","$","?","?","?","R","?","M","T","R","R","M","?","?","R","BOSS","M","?","M","?","$","R","$","M","T","R","E","M","R","?","R","BOSS"],"build_version":"2019-01-23","purchased_purges":4,"victory":true,"max_hp_per_floor":[75,75,75,75,75,75,75,75,75,75,75,75,75,75,75,75,75,75,75,80,80,80,80,80,80,80,80,80,80,80,56,56,56,56,56,56,56,56,56,56,56,56,56,56,56,56,56,56,56,56],"card_choices":[{"not_picked":["Turbo","Go for the Eyes"],"picked":"Sweeping Beam","floor":1},{"not_picked":["Gash","Rip and Tear"],"picked":"Stack","floor":2},{"not_picked":["Steam Power","Barrage"],"picked":"White Noise","floor":4},{"not_picked":["Chaos","Beam Cell"],"picked":"Stack","floor":5},{"not_picked":["Chill","Ball Lightning"],"picked":"Stack","floor":6},{"not_picked":["Hello World","Hologram"],"picked":"Rainbow","floor":7},{"not_picked":["BootSequence","Aggregate"],"picked":"Conserve Battery","floor":10},{"not_picked":["Streamline","Barrage"],"picked":"Leap","floor":11},{"not_picked":["Stack","Undo"],"picked":"FTL","floor":13},{"not_picked":["Buffer","Hologram"],"picked":"Leap","floor":15},{"not_picked":["Creative AI","Biased Cognition"],"picked":"Echo Form","floor":16},{"not_picked":["Hello World","Chill+1"],"picked":"Ball Lightning","floor":18},{"not_picked":["Beam Cell+1","Go for the Eyes"],"picked":"Cold Snap","floor":23},{"not_picked":["White Noise","Redo","Reinforced Body+1"],"picked":"SKIP","floor":25},{"not_picked":["Creative AI","Chaos","Streamline+1"],"picked":"SKIP","floor":29},{"not_picked":["Stack+1","Turbo"],"picked":"Static Discharge","floor":30},{"not_picked":["Glacier+1","Hologram+1"],"picked":"Ball Lightning+1","floor":35},{"not_picked":["Echo Form","Coolheaded+1","Lockon"],"picked":"SKIP","floor":37},{"not_picked":["Static Discharge+1","Conserve Battery"],"picked":"Rebound+1","floor":40},{"not_picked":["Compile Driver+1","Force Field","Rebound+1"],"picked":"SKIP","floor":42},{"not_picked":["Leap","Ball Lightning+1"],"picked":"Conserve Battery","floor":45},{"not_picked":["Creative AI+1","Coolheaded"],"picked":"Barrage+1","floor":46},{"not_picked":["Tempest","Rebound+1"],"picked":"Stack","floor":47}],"player_experience":584243,"relics_obtained":[{"floor":6,"key":"Blue Candle"},{"floor":9,"key":"Letter Opener"},{"floor":11,"key":"Omamori"},{"floor":14,"key":"WingedGreaves"},{"floor":21,"key":"Nilry\u0027s Codex"},{"floor":26,"key":"Tiny Chest"},{"floor":34,"key":"Boot"},{"floor":34,"key":"Meat on the Bone"},{"floor":34,"key":"Gambling Chip"},{"floor":43,"key":"Frozen Egg 2"},{"floor":45,"key":"Happy Flower"},{"floor":48,"key":"War Paint"}],"event_choices":[{"damage_healed":0,"gold_gain":0,"player_choice":"Gave Potion","damage_taken":0,"relics_obtained":["Dream Catcher"],"max_hp_gain":0,"max_hp_loss":0,"event_name":"WeMeetAgain","floor":3,"gold_loss":0},{"damage_healed":18,"gold_gain":0,"player_choice":"Healed and dodged fight","damage_taken":0,"max_hp_gain":0,"max_hp_loss":0,"event_name":"Mushrooms","floor":8,"gold_loss":0,"cards_obtained":["Parasite"]},{"damage_healed":0,"gold_gain":0,"player_choice":"Shed Blood","damage_taken":19,"max_hp_gain":5,"max_hp_loss":0,"event_name":"Forgotten Altar","floor":20,"gold_loss":0},{"damage_healed":0,"gold_gain":0,"player_choice":"Obtained Book","damage_taken":16,"max_hp_gain":0,"max_hp_loss":0,"event_name":"Cursed Tome","floor":21,"gold_loss":0},{"damage_healed":0,"gold_gain":0,"player_choice":"Ignored","damage_taken":0,"max_hp_gain":0,"max_hp_loss":0,"event_name":"Beggar","floor":22,"gold_loss":0},{"damage_healed":0,"gold_gain":0,"player_choice":"Inject Mutagens","damage_taken":0,"relics_obtained":["MutagenicStrength"],"max_hp_gain":0,"max_hp_loss":0,"event_name":"Drug Dealer","floor":24,"gold_loss":0},{"damage_healed":0,"gold_gain":0,"player_choice":"Became a vampire","damage_taken":0,"max_hp_gain":0,"max_hp_loss":24,"event_name":"Vampires","floor":31,"gold_loss":0,"cards_obtained":["Bite","Bite","Bite","Bite","Bite"]},{"damage_healed":0,"gold_gain":999,"player_choice":"Gold","damage_taken":0,"max_hp_gain":0,"max_hp_loss":0,"event_name":"MindBloom","floor":36,"gold_loss":0,"cards_obtained":["Normality","Normality"]},{"damage_healed":0,"gold_gain":0,"player_choice":"Ignored","damage_taken":0,"max_hp_gain":0,"max_hp_loss":0,"event_name":"Tomb of Lord Red Mask","floor":38,"gold_loss":0}],"is_beta":false,"boss_relics":[{"not_picked":["Inserter","White Beast Statue"],"picked":"FrozenCore"},{"not_picked":["Empty Cage","Black Star"],"picked":"Calling Bell"}],"items_purged_floors":[12,19,39,41],"is_endless":false,"potions_floor_spawned":[1,4,11,13,18,30,33,37,42,46],"ascension_level":0}