{"path_per_floor":["M","M","?","M","$","R","E","R","T","E","?","R","M","M","R","B",null,"M","?","M","?","M","R","M","?","T","M","R","M","$","M","R","B",null,"M","M","M","$","M","R","M","E","T","R","M","M","R","M","R","B"],"character_chosen":"DEFECT","items_purchased":["Ball Lightning","Defragment","Cold Snap","Swift Potion","Impulse"],"gold_per_floor":[117,135,135,155,54,54,86,86,86,118,118,118,132,149,149,245,245,256,256,276,276,287,287,303,228,228,246,246,262,17,34,34,129,129,148,160,180,126,137,137,148,181,181,181,191,204,204,222,222,222],"floor_reached":51,"campfire_rested":3,"playtime":3070,"current_hp_per_floor":[72,72,65,64,64,64,48,48,48,35,35,72,68,64,64,31,75,52,52,32,16,30,67,70,70,70,53,53,60,60,60,60,56,75,73,54,49,49,52,52,58,65,65,65,65,65,65,49,75,63],"items_purged":["Strike_B","Strike_B"],"gold":222,"score":812,"play_id":"8242af93-3329-4a9c-9842-d425af50aa75","local_time":"20180427012030","is_prod":false,"is_daily":false,"chose_seed":false,"is_ascension_mode":true,"campfire_upgraded":8,"timestamp":1524810030,"path_taken":["M","M","?","M","$","R","E","R","T","E","?","R","M","?","R","BOSS","M","?","M","?","M","R","M","?","T","?","R","M","$","M","R","BOSS","M","M","M","$","M","R","M","E","T","R","M","M","R","M","R","BOSS"],"build_version":"2018-04-26v2","seed_source_timestamp":1343643701207426,"purchased_purges":2,"victory":true,"master_deck":["Strike_B+1","Strike_B+1","Defend_B+1","Defend_B+1","Defend_B+1","Defend_B+1","Zap+1","Capacitor+1","Leap","Ball Lightning","Defragment+1","Ball Lightning","Defragment+1","Self Repair","Barrage","Cold Snap","Defragment+1","Cold Snap","Allocate+1","Cold Snap+1","Skim+1","Chill","Impulse+1","Coolheaded+1","Capacitor+1","Allocate+1","Skim"],"max_hp_per_floor":[75,75,75,75,75,75,75,75,75,75,75,75,75,75,75,75,75,75,75,75,75,75,75,75,75,75,75,75,75,75,75,75,75,75,75,75,75,75,75,75,75,75,75,75,75,75,75,75,75,75],"relics":["Cracked Core","Happy Flower","Mummified Hand","Regal Pillow","Calipers","Bottled Lightning","Cursed Key","Enchiridion","Nuclear Battery","Shuriken"],"card_choices":[{"not_picked":["Coolheaded","Sweeping Beam"],"picked":"Capacitor","floor":1},{"not_picked":["Hologram","Reinforced Body"],"picked":"Leap","floor":2},{"not_picked":["Streamline","Melter"],"picked":"Defragment","floor":13},{"not_picked":["Hello World","Stack"],"picked":"Ball Lightning","floor":14},{"not_picked":["Leap","Go for the Eyes"],"picked":"Defragment","floor":18},{"not_picked":["Ball Lightning","Recycle"],"picked":"Self Repair","floor":20},{"not_picked":["Stack","Leap"],"picked":"Barrage","floor":24},{"not_picked":["Barrage","Leap"],"picked":"Cold Snap","floor":27},{"not_picked":["Skim","Ball Lightning"],"picked":"Allocate","floor":31},{"not_picked":["Undo","Stack"],"picked":"Cold Snap","floor":35},{"not_picked":["Recycle","Axe Kick"],"picked":"Skim","floor":36},{"not_picked":["Double Energy","Sweeping Beam"],"picked":"Chill","floor":37},{"not_picked":["Darkness","Reprogram"],"picked":"Coolheaded","floor":39},{"not_picked":["Stack","Self Repair"],"picked":"Capacitor","floor":41},{"not_picked":["Melter","Skim"],"picked":"Allocate","floor":42},{"not_picked":["White Noise","Impulse"],"picked":"Skim","floor":48}],"player_experience":44225,"potions_floor_usage":[7,7,16,22,22,35,36,48,50,50],"damage_taken":[{"damage":3,"enemies":"2 Louse","floor":1,"turns":2},{"damage":0,"enemies":"Small Slimes","floor":2,"turns":3},{"damage":1,"enemies":"Cultist","floor":4,"turns":4},{"damage":16,"enemies":"Gremlin Nob","floor":7,"turns":4},{"damage":13,"enemies":"Lagavulin","floor":10,"turns":6},{"damage":4,"enemies":"Blue Slaver","floor":13,"turns":3},{"damage":4,"enemies":"Large Slime","floor":14,"turns":5},{"damage":33,"enemies":"Hexaghost","floor":16,"turns":7},{"damage":23,"enemies":"3 Byrds","floor":18,"turns":4},{"damage":20,"enemies":"Shell Parasite","floor":20,"turns":5},{"damage":2,"enemies":"3 Cultists","floor":22,"turns":4},{"damage":4,"enemies":"Cultist and Chosen","floor":24,"turns":4},{"damage":24,"enemies":"Slaver and Parasite","floor":27,"turns":6},{"damage":0,"enemies":"Centurion and Healer","floor":29,"turns":4},{"damage":7,"enemies":"3 Cultists","floor":31,"turns":4},{"damage":11,"enemies":"Champ","floor":33,"turns":8},{"damage":16,"enemies":"3 Darklings","floor":35,"turns":5},{"damage":26,"enemies":"3 Shapes","floor":36,"turns":4},{"damage":12,"enemies":"Spire Growth","floor":37,"turns":4},{"damage":11,"enemies":"4 Shapes","floor":39,"turns":5},{"damage":8,"enemies":"Maw","floor":41,"turns":7},{"damage":0,"enemies":"Giant Head","floor":42,"turns":7},{"damage":7,"enemies":"3 Darklings","floor":45,"turns":6},{"damage":0,"enemies":"Sphere and 2 Shapes","floor":46,"turns":4},{"damage":23,"enemies":"4 Shapes","floor":48,"turns":3},{"damage":19,"enemies":"Time Eater","floor":50,"turns":10}],"event_choices":[{"event_name":"Scrap Ooze","player_choice":"success","floor":3,"damage_taken":7},{"event_name":"Liars Game","player_choice":"disagreed","floor":11,"damage_taken":0},{"event_name":"Back to Basics","player_choice":"Simplicity","floor":19,"damage_taken":0},{"event_name":"Cursed Tome","player_choice":"Obtained Book","floor":21,"damage_taken":0},{"event_name":"Beggar","player_choice":"Gave Gold","floor":25,"damage_taken":0}],"boss_relics":[{"not_picked":["Velvet Choker","White Beast Statue"],"picked":"Cursed Key"},{"not_picked":["Tiny House","Runic Dome"],"picked":"Nuclear Battery"}],"potions_floor_spawned":[2,4,14,18,20,24,33,36,42,45,48],"seed_played":"-7528406990736881497","ascension_level":2,"is_trial":false}