{"path_per_floor":["M","?","?","M","M","R","$","R","T","M","M","M","M","$","R","B",null,"M","M","?"],"character_chosen":"DEFECT","items_purchased":["Coolheaded","Chill","Defragment"],"gold_per_floor":[109,109,109,125,138,138,44,44,44,58,70,84,101,28,28,124,124,137,150,150,150],"floor_reached":21,"campfire_rested":0,"playtime":1165,"current_hp_per_floor":[75,75,75,74,69,69,69,69,69,63,58,52,46,46,46,34,75,59,38,38,0],"items_purged":[],"gold":150,"score":199,"play_id":"711336c8-48aa-4201-91ee-f8f6b304d2dd","local_time":"20180427023425","is_prod":false,"is_daily":false,"chose_seed":false,"is_ascension_mode":true,"campfire_upgraded":3,"timestamp":1524814465,"path_taken":["M","?","?","M","?","R","?","R","T","M","M","M","M","$","R","BOSS","M","M","?","M"],"build_version":"2018-04-26v2","seed_source_timestamp":1350024829265845,"purchased_purges":0,"victory":false,"master_deck":["Zap","Dualcast+1","Impulse+1","Ball Lightning+1","Coolheaded+1","Chill","Ball Lightning","White Noise","Tempest","Defragment","Tempest","Recycle","Hello World","Aggregate","Barrage","Cold Snap","Impulse","Aggregate","Impulse+1"],"max_hp_per_floor":[75,75,75,75,75,75,75,75,75,75,75,75,75,75,75,75,75,75,75,75,75],"relics":["Cursed Key","Pandora\u0027s Box"],"card_choices":[{"not_picked":["Barrage","Skim"],"picked":"Impulse","floor":4},{"not_picked":["Beam Cell","Streamline"],"picked":"Ball Lightning","floor":5},{"not_picked":["Skim","Impulse"],"picked":"Ball Lightning","floor":10},{"not_picked":["Sweeping Beam","Blizzard"],"picked":"White Noise","floor":12},{"not_picked":["Rebound","Streamline"],"picked":"Tempest","floor":13},{"not_picked":["Tempest","Axe Kick"],"picked":"Impulse","floor":18}],"player_experience":49943,"potions_floor_usage":[11,18],"damage_taken":[{"damage":0,"enemies":"Jaw Worm","floor":1,"turns":3},{"damage":1,"enemies":"2 Louse","floor":4,"turns":3},{"damage":5,"enemies":"Cultist","floor":5,"turns":4},{"damage":6,"enemies":"Looter","floor":10,"turns":2},{"damage":11,"enemies":"Exordium Thugs","floor":11,"turns":3},{"damage":6,"enemies":"Red Slaver","floor":12,"turns":3},{"damage":6,"enemies":"Looter","floor":13,"turns":2},{"damage":12,"enemies":"Hexaghost","floor":16,"turns":8},{"damage":16,"enemies":"2 Thieves","floor":18,"turns":3},{"damage":21,"enemies":"Chosen","floor":19,"turns":3},{"damage":43,"enemies":"Centurion and Healer","floor":21,"turns":4}],"event_choices":[{"event_name":"Shining Light","player_choice":"Ignored","floor":2,"damage_taken":0},{"event_name":"Accursed Blacksmith","player_choice":"Forge","floor":3,"damage_taken":0},{"event_name":"Drug Dealer","player_choice":"Ignored","floor":20,"damage_taken":0}],"boss_relics":[{"not_picked":["Lizard Tail","Black Star"],"picked":"Pandora\u0027s Box"}],"potions_floor_spawned":[4,10,13,16],"seed_played":"-6494633499951455361","killed_by":"Centurion and Healer","ascension_level":3,"is_trial":false}