{"gold_per_floor":[114,39,58,58,70,70,70,44,71,71,85,124,124,138,138,258,258,271,103,128,3,3,3,18,18],"floor_reached":25,"playtime":1331,"items_purged":["Strike_R","Strike_R","Strike_R"],"score":241,"play_id":"182a2d8c-968f-4fd6-8bff-6a2a8e8b2b4f","local_time":"20190615015130","is_ascension_mode":true,"campfire_choices":[{"data":"Twin Strike","floor":6,"key":"SMITH"},{"data":"Flex","floor":10,"key":"SMITH"},{"data":"Heavy Blade","floor":13,"key":"SMITH"},{"data":"Flex","floor":15,"key":"SMITH"},{"data":"Spot Weakness","floor":23,"key":"SMITH"}],"neow_cost":"TEN_PERCENT_HP_LOSS","seed_source_timestamp":373474241670900,"circlet_count":0,"master_deck":["Strike_R","Defend_R","Defend_R","Defend_R","Bash","Madness","Deep Breath","Heavy Blade+1","Rupture","Twin Strike+1","Flex+1","Flex+1","Combust+1","Clothesline","Demon Form+1","Spot Weakness+1","Blood for Blood+1","Infernal Blade","Whirlwind+1"],"special_seed":0,"relics":["Burning Blood","Question Card","Golden Idol","PreservedInsect","Frozen Egg 2","Empty Cage"],"potions_floor_usage":[14,16,24],"damage_taken":[{"damage":8.0,"enemies":"2 Louse","floor":1.0,"turns":4.0},{"damage":0,"enemies":"Small Slimes","floor":3,"turns":3},{"damage":12,"enemies":"Jaw Worm","floor":5,"turns":2},{"damage":11,"enemies":"Gremlin Gang","floor":11,"turns":4},{"damage":40,"enemies":"3 Sentries","floor":12,"turns":7},{"damage":10,"enemies":"Lots of Slimes","floor":14,"turns":6},{"damage":11,"enemies":"Hexaghost","floor":16,"turns":6},{"damage":14,"enemies":"Chosen","floor":18,"turns":4},{"damage":35,"enemies":"Spheric Guardian","floor":20,"turns":4},{"damage":21,"enemies":"Centurion and Healer","floor":24,"turns":4},{"damage":43,"enemies":"Shelled Parasite and Fungi","floor":25,"turns":2}],"seed_played":"4311317258221984873","potions_obtained":[{"floor":11,"key":"EssenceOfSteel"},{"floor":14,"key":"Ancient Potion"},{"floor":20,"key":"LiquidBronze"}],"is_trial":false,"path_per_floor":["M","$","M","?","M","R","?","$","T","R","M","E","R","M","R","B",null,"M","$","M","$","?","R","M","M"],"character_chosen":"IRONCLAD","items_purchased":["Flex","Blood for Blood"],"campfire_rested":0,"item_purchase_floors":[8,19],"current_hp_per_floor":[70,70,72,65,59,59,59,59,59,59,54,20,20,16,16,11,67,59,59,30,30,30,30,15,0],"gold":18,"neow_bonus":"RANDOM_COLORLESS_2","is_prod":false,"is_daily":false,"chose_seed":false,"campfire_upgraded":5,"win_rate":0,"timestamp":1560556290,"path_taken":["M","$","M","?","M","R","?","$","T","R","M","E","R","M","R","BOSS","M","$","M","$","?","R","M","M"],"build_version":"2019-01-23","purchased_purges":3,"victory":false,"max_hp_per_floor":[72,72,72,72,72,72,67,67,67,67,67,67,67,67,67,67,67,67,67,67,67,67,67,67,67],"card_choices":[{"not_picked":["Metallicize","Perfected Strike"],"picked":"Heavy Blade","floor":1.0},{"not_picked":["Perfected Strike","Headbutt"],"picked":"Rupture","floor":3},{"not_picked":["Rage","Thunderclap","Clothesline"],"picked":"Twin Strike","floor":5},{"not_picked":["Rage","Fire Breathing","Wild Strike"],"picked":"Flex","floor":11},{"not_picked":["Immolate","Feel No Pain","Searing Blow"],"picked":"Combust","floor":12},{"not_picked":["Headbutt","Intimidate","Second Wind"],"picked":"Clothesline","floor":14},{"not_picked":["Offering","Limit Break","Exhume"],"picked":"Demon Form+1","floor":16},{"not_picked":["Bloodletting","Rampage","Havoc+1"],"picked":"Spot Weakness","floor":18},{"not_picked":["Body Slam","Disarm","Uppercut"],"picked":"Infernal Blade","floor":20},{"not_picked":["Rage+1","Dropkick","Evolve+1"],"picked":"Whirlwind+1","floor":24}],"player_experience":233772,"relics_obtained":[{"floor":9,"key":"PreservedInsect"},{"floor":12,"key":"Frozen Egg 2"}],"event_choices":[{"damage_healed":0,"gold_gain":0,"player_choice":"Success","damage_taken":7,"relics_obtained":["Question Card"],"max_hp_gain":0,"max_hp_loss":0,"event_name":"Scrap Ooze","floor":4,"gold_loss":0},{"damage_healed":0,"gold_gain":0,"player_choice":"Lose Max HP","damage_taken":0,"relics_obtained":["Golden Idol"],"max_hp_gain":0,"max_hp_loss":5,"event_name":"Golden Idol","floor":7,"gold_loss":0},{"damage_healed":0,"gold_gain":0,"player_choice":"Forge","damage_taken":0,"max_hp_gain":0,"max_hp_loss":0,"event_name":"Accursed Blacksmith","floor":22,"gold_loss":0,"cards_upgraded":["Blood for Blood"]}],"is_beta":false,"boss_relics":[{"not_picked":["White Beast Statue","Mark of Pain"],"picked":"Empty Cage"}],"items_purged_floors":[2,19,21],"is_endless":false,"potions_floor_spawned":[11,14,20],"killed_by":"Shelled Parasite and Fungi","ascension_level":4}