{"gold_per_floor":[111,36,51,2,2,31,31,60,60,80,80,80,80,93,93,192,242,261,261,261,181,195,226,226,226,226,226],"floor_reached":27,"playtime":1847,"items_purged":["Strike_G","Strike_G"],"score":321,"play_id":"db11f812-30eb-4da7-93cd-9fecaeb0ea37","local_time":"20190609050842","is_ascension_mode":true,"campfire_choices":[{"data":"Choke","floor":7,"key":"SMITH"},{"data":"Backflip","floor":11,"key":"SMITH"},{"data":"Flying Knee","floor":13,"key":"SMITH"},{"floor":15,"key":"REST"},{"data":"Blade Dance","floor":25,"key":"SMITH"}],"neow_cost":"NONE","seed_source_timestamp":126425505800090,"circlet_count":0,"master_deck":["Defend_G","Defend_G","Defend_G","Defend_G","Defend_G","Strike_G","Strike_G","Strike_G","Survivor","Neutralize","Choke+1","Quick Slash","Slice","Flying Knee+1","Backflip+1","Dash+1","Deflect","Masterful Stab+1","Escape Plan","Ghostly","Ghostly","Ghostly","Ghostly","Ghostly","Blade Dance+1"],"relics":["Busted Crown","The Courier","Ginger","NlothsMask","Tiny House","Singing Bowl"],"potions_floor_usage":[23,23],"damage_taken":[{"damage":0,"enemies":"Cultist","floor":1,"turns":4},{"damage":0,"enemies":"Small Slimes","floor":3,"turns":3},{"damage":28,"enemies":"Lagavulin","floor":6,"turns":8},{"damage":11,"enemies":"3 Sentries","floor":8,"turns":7},{"damage":7,"enemies":"Jaw Worm","floor":10,"turns":2},{"damage":6,"enemies":"Exordium Thugs","floor":14,"turns":4},{"damage":25,"enemies":"The Guardian","floor":16,"turns":14},{"damage":15,"enemies":"2 Thieves","floor":18,"turns":5},{"damage":8,"enemies":"3 Byrds","floor":22,"turns":6},{"damage":16,"enemies":"Slavers","floor":23,"turns":9},{"damage":1,"enemies":"Colosseum Slavers","floor":24,"turns":4},{"damage":14,"enemies":"Cultist and Chosen","floor":27,"turns":6}],"seed_played":"-2893863824578429468","potions_obtained":[{"floor":1,"key":"SneckoOil"},{"floor":8,"key":"Ancient Potion"},{"floor":10,"key":"SteroidPotion"},{"floor":18,"key":"EntropicBrew"}],"is_trial":false,"path_per_floor":["M","$","M","$","?","E","R","E","T","M","R","?","R","M","R","B",null,"M","?","?","$","M","E","?","R","T","M"],"character_chosen":"THE_SILENT","items_purchased":["Slice"],"campfire_rested":1,"item_purchase_floors":[4],"current_hp_per_floor":[70,70,70,70,70,42,42,31,31,24,24,24,24,18,39,14,61,46,46,37,37,29,13,12,12,12,0],"gold":226,"neow_bonus":"BOSS_RELIC","is_prod":false,"is_daily":false,"chose_seed":false,"campfire_upgraded":4,"win_rate":0,"timestamp":1560028122,"path_taken":["M","$","M","$","?","E","R","E","T","M","R","?","R","M","R","BOSS","M","?","?","$","?","E","?","R","T","M"],"build_version":"2019-01-23","purchased_purges":2,"victory":false,"max_hp_per_floor":[70,70,70,70,70,70,70,70,70,70,70,70,70,70,70,70,75,75,75,37,37,37,37,37,37,37,37],"card_choices":[{"not_picked":[],"picked":"Choke","floor":1},{"not_picked":[],"picked":"Quick Slash","floor":3},{"not_picked":[],"picked":"Flying Knee","floor":6},{"not_picked":[],"picked":"Backflip","floor":8},{"not_picked":["Sucker Punch"],"picked":"SKIP","floor":10},{"not_picked":[],"picked":"Dash","floor":14},{"not_picked":[],"picked":"Deflect","floor":17},{"not_picked":[],"picked":"Masterful Stab+1","floor":18},{"not_picked":["Flechettes"],"picked":"SKIP","floor":22},{"not_picked":[],"picked":"Blade Dance","floor":23}],"player_experience":693128,"relics_obtained":[{"floor":6,"key":"The Courier"},{"floor":8,"key":"Ginger"},{"floor":23,"key":"Singing Bowl"}],"event_choices":[{"damage_healed":0,"gold_gain":0,"player_choice":"Ignored","damage_taken":0,"max_hp_gain":0,"max_hp_loss":0,"event_name":"Liars Game","floor":5,"gold_loss":0},{"damage_healed":0,"gold_gain":0,"player_choice":"Trade","damage_taken":0,"relics_obtained":["NlothsMask"],"max_hp_gain":0,"max_hp_loss":0,"event_name":"FaceTrader","floor":12,"gold_loss":0},{"damage_healed":0,"gold_gain":0,"player_choice":"Read","damage_taken":0,"max_hp_gain":0,"max_hp_loss":0,"event_name":"The Library","floor":19,"gold_loss":0,"cards_obtained":["Escape Plan"]},{"damage_healed":0,"gold_gain":0,"player_choice":"Became a Ghost","damage_taken":0,"max_hp_gain":0,"max_hp_loss":38,"event_name":"Ghosts","floor":20,"gold_loss":0,"cards_obtained":["Ghostly","Ghostly","Ghostly","Ghostly","Ghostly"]},{"damage_healed":0,"gold_gain":0,"player_choice":"Fight","damage_taken":0,"max_hp_gain":0,"max_hp_loss":0,"event_name":"Colosseum","floor":24,"gold_loss":0},{"damage_healed":0,"gold_gain":0,"player_choice":"Fled From Nobs","damage_taken":0,"max_hp_gain":0,"max_hp_loss":0,"event_name":"Colosseum","floor":24,"gold_loss":0}],"is_beta":false,"boss_relics":[{"not_picked":["Cursed Key","Runic Dome"],"picked":"Tiny House"}],"items_purged_floors":[2,21],"is_endless":false,"potions_floor_spawned":[1,8,10,16,18,23,24],"killed_by":"Cultist and Chosen","ascension_level":5}