{"gold_per_floor":[14,14,28,41,41,66,66,98,122,148,167,92,92,92,92,170,170,182,199,234,234,234,234,268,284,334,346,363,91,120,131,131,206,206,220,320,320,330,205,205,32,32,55,55,55],"floor_reached":45,"playtime":2344,"items_purged":["Strike_R","Defend_R","Defend_R"],"score":869,"play_id":"370931ca-f27f-48dd-aab5-4567d866ea2a","local_time":"20181228115828","is_ascension_mode":true,"campfire_choices":[{"data":"Bludgeon","floor":7,"key":"SMITH"},{"data":"True Grit","floor":13,"key":"SMITH"},{"data":"Bash","floor":15,"key":"SMITH"},{"floor":23,"key":"REST"},{"floor":32,"key":"REST"},{"floor":40,"key":"REST"},{"floor":42,"key":"REST"}],"neow_cost":"NO_GOLD","seed_source_timestamp":582382856901419,"circlet_count":0,"master_deck":["AscendersBane","Bash+1","Shrug It Off","Headbutt","Spot Weakness","Bludgeon+1","Shrug It Off","True Grit+1","Bite","Bite","Bite","Bite","Bite","Rampage","Combust+1","Sword Boomerang+1","Thinking Ahead","Inflame+1"],"relics":["Burning Blood","Dream Catcher","Art of War","Blood Vial","Anchor","Fusion Hammer","Red Mask","Mercury Hourglass","Regal Pillow","Pen Nib","FossilizedHelix","Mark of Pain","Ginger","Bronze Scales","Potion Belt"],"potions_floor_usage":[6,16,16,24,30,33,35],"damage_taken":[{"damage":8,"enemies":"Small Slimes","floor":1,"turns":4},{"damage":8,"enemies":"Cultist","floor":3,"turns":4},{"damage":6,"enemies":"2 Louse","floor":4,"turns":2},{"damage":40,"enemies":"Lagavulin","floor":6,"turns":6},{"damage":27,"enemies":"Gremlin Nob","floor":8,"turns":4},{"damage":17,"enemies":"3 Sentries","floor":10,"turns":5},{"damage":0,"enemies":"Exordium Wildlife","floor":11,"turns":3},{"damage":37,"enemies":"Hexaghost","floor":16,"turns":9},{"damage":21,"enemies":"3 Byrds","floor":18,"turns":7},{"damage":0,"enemies":"Spheric Guardian","floor":19,"turns":2},{"damage":47,"enemies":"Masked Bandits","floor":20,"turns":5},{"damage":25,"enemies":"Slavers","floor":24,"turns":7},{"damage":8,"enemies":"Snecko","floor":25,"turns":4},{"damage":20,"enemies":"Chosen and Byrds","floor":27,"turns":6},{"damage":39,"enemies":"Shelled Parasite and Fungi","floor":28,"turns":5},{"damage":30,"enemies":"Book of Stabbing","floor":30,"turns":4},{"damage":11,"enemies":"3 Cultists","floor":31,"turns":5},{"damage":52,"enemies":"Collector","floor":33,"turns":7},{"damage":16,"enemies":"3 Shapes","floor":35,"turns":3},{"damage":16,"enemies":"Mind Bloom Boss Battle","floor":36,"turns":6},{"damage":21,"enemies":"3 Darklings","floor":38,"turns":5},{"damage":68,"enemies":"Awakened One","floor":45,"turns":3}],"seed_played":"-7700628688455876444","potions_obtained":[{"floor":3,"key":"Regen Potion"},{"floor":6,"key":"FearPotion"},{"floor":11,"key":"BloodPotion"},{"floor":16,"key":"SkillPotion"},{"floor":18,"key":"EssenceOfSteel"},{"floor":30,"key":"Block Potion"},{"floor":33,"key":"Explosive Potion"}],"is_trial":false,"path_per_floor":["M","?","M","M","?","E","R","E","T","E","M","$","R","?","R","B",null,"M","M","?","?","?","R","E","M","T","M","M","$","E","M","R","B",null,"M","?","?","M","$","R","$","R","T","?","B"],"character_chosen":"IRONCLAD","items_purchased":["Pen Nib","Bronze Scales"],"campfire_rested":4,"item_purchase_floors":[29,41],"current_hp_per_floor":[66,66,64,64,64,39,39,18,18,9,17,17,17,42,42,20,61,48,56,17,17,62,62,59,62,62,50,33,33,15,26,59,26,53,56,58,58,55,55,62,62,62,62,62,0],"gold":55,"neow_bonus":"REMOVE_TWO","is_prod":false,"is_daily":false,"chose_seed":false,"campfire_upgraded":3,"win_rate":0,"timestamp":1545969508,"path_taken":["M","?","?","M","?","E","R","E","T","E","?","?","R","?","R","BOSS","M","M","?","?","?","R","E","?","T","M","M","$","E","M","R","BOSS","M","?","?","M","$","R","$","R","T","?","BOSS"],"build_version":"2018-12-20","purchased_purges":3,"victory":false,"max_hp_per_floor":[75,75,75,75,75,75,75,75,75,75,75,75,75,75,75,75,75,75,75,75,52,62,62,62,62,62,62,62,62,62,62,62,62,62,62,62,62,62,62,62,62,62,62,62,62],"card_choices":[{"not_picked":["Anger","Sword Boomerang"],"picked":"Shrug It Off","floor":1},{"not_picked":["Shrug It Off","Iron Wave"],"picked":"Headbutt","floor":3},{"not_picked":["Hemokinesis","Battle Trance"],"picked":"Spot Weakness","floor":4},{"not_picked":["Armaments","Disarm","Rupture"],"picked":"SKIP","floor":6},{"not_picked":["Cleave","Second Wind"],"picked":"Shrug It Off","floor":8},{"not_picked":["Rage","Heavy Blade","Reckless Charge"],"picked":"SKIP","floor":10},{"not_picked":["Flex","Anger"],"picked":"True Grit","floor":11},{"not_picked":["Bludgeon","Dark Embrace"],"picked":"Limit Break","floor":16},{"not_picked":["Perfected Strike","Clothesline","Iron Wave+1"],"picked":"SKIP","floor":18},{"not_picked":["Sword Boomerang","Combust","Clash"],"picked":"SKIP","floor":19},{"not_picked":["Perfected Strike","Exhume","Anger"],"picked":"SKIP","floor":24},{"not_picked":["Pummel","Body Slam","Twin Strike"],"picked":"SKIP","floor":25},{"not_picked":["Headbutt","Armaments","Juggernaut"],"picked":"SKIP","floor":27},{"not_picked":["Iron Wave","Cleave","Shrug It Off"],"picked":"SKIP","floor":28},{"not_picked":["Flex","Fire Breathing"],"picked":"Rampage","floor":30},{"not_picked":["True Grit","Metallicize"],"picked":"Combust+1","floor":31},{"not_picked":["Shrug It Off","True Grit"],"picked":"Sword Boomerang+1","floor":32},{"not_picked":["Wild Strike+1","Pommel Strike","Headbutt"],"picked":"SKIP","floor":35},{"not_picked":["Mind Blast","Transmutation"],"picked":"Thinking Ahead","floor":37},{"not_picked":["Bloodletting+1","Iron Wave"],"picked":"Inflame+1","floor":38}],"player_experience":627840,"relics_obtained":[{"floor":6,"key":"Dream Catcher"},{"floor":8,"key":"Art of War"},{"floor":9,"key":"Blood Vial"},{"floor":10,"key":"Anchor"},{"floor":20,"key":"Red Mask"},{"floor":24,"key":"Mercury Hourglass"},{"floor":26,"key":"Regal Pillow"},{"floor":30,"key":"FossilizedHelix"},{"floor":36,"key":"Ginger"},{"floor":43,"key":"Potion Belt"}],"event_choices":[{"cards_removed":["Defend_R"],"damage_healed":0,"gold_gain":0,"player_choice":"Purged","damage_taken":0,"max_hp_gain":0,"max_hp_loss":0,"event_name":"Purifier","floor":2,"gold_loss":0},{"damage_healed":0,"gold_gain":0,"player_choice":"1 cards matched","damage_taken":0,"max_hp_gain":0,"max_hp_loss":0,"event_name":"Match and Keep!","floor":5,"gold_loss":0,"cards_obtained":["Bludgeon"]},{"damage_healed":25,"gold_gain":0,"player_choice":"Banana","damage_taken":0,"max_hp_gain":0,"max_hp_loss":0,"event_name":"Big Fish","floor":14,"gold_loss":0},{"damage_healed":0,"gold_gain":0,"player_choice":"Fought Bandits","damage_taken":0,"max_hp_gain":0,"max_hp_loss":0,"event_name":"Masked Bandits","floor":20,"gold_loss":0},{"damage_healed":0,"gold_gain":0,"player_choice":"Became a vampire","damage_taken":0,"max_hp_gain":0,"max_hp_loss":23,"event_name":"Vampires","floor":21,"gold_loss":0,"cards_obtained":["Bite","Bite","Bite","Bite","Bite"]},{"cards_removed":["Limit Break"],"damage_healed":35,"gold_gain":0,"player_choice":"Offered Rare","damage_taken":0,"max_hp_gain":10,"max_hp_loss":0,"event_name":"Bonfire Elementals","floor":22,"gold_loss":0},{"damage_healed":0,"gold_gain":0,"player_choice":"Fight","damage_taken":0,"max_hp_gain":0,"max_hp_loss":0,"event_name":"MindBloom","floor":36,"gold_loss":0},{"damage_healed":0,"gold_gain":0,"player_choice":"Memory 1","damage_taken":0,"max_hp_gain":0,"max_hp_loss":0,"event_name":"SensoryStone","floor":37,"gold_loss":0},{"damage_healed":0,"gold_gain":0,"player_choice":"Took Portal","damage_taken":0,"max_hp_gain":0,"max_hp_loss":0,"event_name":"SecretPortal","floor":44,"gold_loss":0}],"is_beta":false,"boss_relics":[{"not_picked":["Eternal Feather","Empty Cage"],"picked":"Fusion Hammer"},{"not_picked":["Pandora\u0027s Box","Philosopher\u0027s Stone"],"picked":"Mark of Pain"}],"items_purged_floors":[12,29,39],"is_endless":false,"potions_floor_spawned":[3,6,11,16,18,20,30,33],"killed_by":"Awakened One","ascension_level":16}