{"gold_per_floor":[109,124,43,58,58,58,75,36,59,84,94,94],"floor_reached":12,"playtime":437,"items_purged":[],"score":84,"play_id":"2b57b3e0-8287-4eca-8262-c0a2eff25ef0","local_time":"20190519003712","is_ascension_mode":true,"campfire_choices":[{"data":"Melter","floor":6,"key":"SMITH"}],"neow_cost":"NONE","seed_source_timestamp":115263127170400,"circlet_count":0,"master_deck":["Strike_B","Strike_B","Strike_B","Defend_B","Defend_B","Defend_B","Defend_B","Zap","Dualcast","Melter+1","Storm","Ball Lightning","Sweeping Beam","Capacitor"],"relics":["Nuclear Battery","Oddly Smooth Stone","Ancient Tea Set"],"potions_floor_usage":[12],"damage_taken":[{"damage":3,"enemies":"Small Slimes","floor":1,"turns":3},{"damage":0,"enemies":"Cultist","floor":2,"turns":3},{"damage":2,"enemies":"2 Louse","floor":4,"turns":3},{"damage":16,"enemies":"Gremlin Gang","floor":7,"turns":3},{"damage":24,"enemies":"3 Sentries","floor":10,"turns":5},{"damage":9,"enemies":"2 Fungi Beasts","floor":11,"turns":3},{"damage":24,"enemies":"Lagavulin","floor":12,"turns":3}],"seed_played":"-7405592932543453061","potions_obtained":[{"floor":4,"key":"FearPotion"},{"floor":10,"key":"Ancient Potion"}],"is_trial":false,"path_per_floor":["M","M","$","M","?","R","M","$","T","E","M","E"],"character_chosen":"DEFECT","items_purchased":["Storm","Capacitor"],"campfire_rested":0,"item_purchase_floors":[3,8],"current_hp_per_floor":[72,72,72,70,70,70,54,54,54,30,21,0],"gold":94,"neow_bonus":"BOSS_RELIC","is_prod":false,"is_daily":false,"chose_seed":false,"campfire_upgraded":1,"win_rate":0,"timestamp":1558237032,"path_taken":["M","M","$","M","?","R","M","?","T","E","M","E"],"build_version":"2019-01-23","purchased_purges":0,"victory":false,"max_hp_per_floor":[75,75,75,75,75,75,75,75,75,75,75,75],"card_choices":[{"not_picked":["Cold Snap","Sunder"],"picked":"Melter","floor":1},{"not_picked":["Rip and Tear","FTL","Turbo"],"picked":"SKIP","floor":2},{"not_picked":["Leap","Gash"],"picked":"Ball Lightning","floor":4},{"not_picked":["Go for the Eyes","Turbo","Stack"],"picked":"SKIP","floor":7},{"not_picked":["BootSequence","Lockon","Darkness"],"picked":"SKIP","floor":10},{"not_picked":["Steam","Force Field","Stack"],"picked":"SKIP","floor":11}],"player_experience":192705,"relics_obtained":[{"floor":9,"key":"Oddly Smooth Stone"},{"floor":10,"key":"Ancient Tea Set"}],"event_choices":[{"damage_healed":0,"gold_gain":0,"cards_transformed":["Strike_B"],"player_choice":"Transformed","damage_taken":0,"max_hp_gain":0,"max_hp_loss":0,"event_name":"Transmorgrifier","floor":5,"gold_loss":0,"cards_obtained":["Sweeping Beam"]}],"is_beta":false,"boss_relics":[],"items_purged_floors":[],"is_endless":false,"potions_floor_spawned":[4,10],"killed_by":"Lagavulin","ascension_level":1}