{"gold_per_floor":[114,39,114,124,24,49,79,79,128,142,153,169,169,184,184,288,288,302,143,143,155,5,25,38,49,76,76,87,87,87,87,87,87],"floor_reached":33,"playtime":1685,"items_purged":["Defend_G","Strike_G","Defend_G","Defend_G"],"score":274,"play_id":"a6f0f3c8-b826-49e2-a74c-140992e2daaa","local_time":"20180813074939","is_ascension_mode":false,"campfire_choices":[{"data":"Dagger Spray","floor":8,"key":"SMITH"},{"data":"Neutralize","floor":13,"key":"SMITH"},{"data":"Leg Sweep","floor":15,"key":"SMITH"},{"data":"Tools of the Trade","floor":27,"key":"SMITH"},{"data":"Outmaneuver","floor":30,"key":"SMITH"},{"floor":32,"key":"REST"}],"neow_cost":"NONE","seed_source_timestamp":77935953886069,"circlet_count":0,"master_deck":["Defend_G","Defend_G","Strike_G","Strike_G","Survivor","Neutralize+1","Dagger Spray+1","Flying Knee","Blade Dance","Leg Sweep+1","Masterful Stab+1","Flying Knee+1","Choke+1","After Image","Outmaneuver+1","Infinite Blades","Flying Knee+1","Tools of the Trade+1","Deflect","Backstab+1"],"relics":["Ring of the Snake","NeowsBlessing","Molten Egg 2","Tiny Chest","Pen Nib","Empty Cage","Bag of Preparation","Matryoshka","Lantern","Pear"],"potions_floor_usage":[16,33,33],"damage_taken":[{"damage":0,"enemies":"Small Slimes","floor":1,"turns":1},{"damage":0,"enemies":"Cultist","floor":4,"turns":1},{"damage":0,"enemies":"Gremlin Nob","floor":6,"turns":1},{"damage":0,"enemies":"2 Louse","floor":10,"turns":1},{"damage":9,"enemies":"Exordium Wildlife","floor":11,"turns":5},{"damage":0,"enemies":"Blue Slaver","floor":12,"turns":2},{"damage":10,"enemies":"Large Slime","floor":14,"turns":6},{"damage":37,"enemies":"The Guardian","floor":16,"turns":15},{"damage":2,"enemies":"Shell Parasite","floor":18,"turns":7},{"damage":1,"enemies":"Chosen","floor":21,"turns":6},{"damage":19,"enemies":"Snake Plant","floor":23,"turns":2},{"damage":4,"enemies":"Cultist and Chosen","floor":24,"turns":5},{"damage":19,"enemies":"Centurion and Healer","floor":25,"turns":4},{"damage":20,"enemies":"Sentry and Sphere","floor":28,"turns":7},{"damage":60,"enemies":"Automaton","floor":33,"turns":6}],"seed_played":"-7050805678782804","potions_obtained":[{"floor":6,"key":"GamblersBrew"},{"floor":12,"key":"SteroidPotion"},{"floor":23,"key":"Poison Potion"},{"floor":25,"key":"AttackPotion"}],"is_trial":false,"path_per_floor":["M","$","?","M","$","E","T","R","T","M","M","M","R","M","R","B",null,"M","$","?","M","$","M","M","M","T","R","M","T","R","T","R"],"character_chosen":"THE_SILENT","items_purchased":["Infinite Blades"],"campfire_rested":1,"item_purchase_floors":[19],"current_hp_per_floor":[70,70,59,59,59,59,59,59,59,59,50,50,50,40,40,3,70,68,68,68,67,67,48,44,25,25,25,5,5,5,15,39,0],"gold":87,"neow_bonus":"THREE_ENEMY_KILL","is_prod":false,"is_daily":false,"chose_seed":false,"campfire_upgraded":5,"win_rate":0,"timestamp":1534117779,"path_taken":["M","$","?","?","$","E","?","R","T","M","M","M","R","M","R","BOSS","M","$","?","M","$","M","M","M","T","R","M","?","R","?","R","BOSS"],"build_version":"2018-08-09","purchased_purges":4,"victory":false,"max_hp_per_floor":[70,70,70,70,70,70,70,70,70,70,70,70,70,70,70,70,70,70,70,70,70,70,70,70,70,70,70,70,70,70,80,80,80],"card_choices":[{"not_picked":["Riddle With Holes","Quick Slash"],"picked":"Dagger Spray","floor":1},{"not_picked":["Acrobatics","Deflect"],"picked":"Flying Knee","floor":4},{"not_picked":["Sucker Punch","Well Laid Plans"],"picked":"Blade Dance","floor":6},{"not_picked":["Outmaneuver","Acrobatics"],"picked":"Leg Sweep","floor":10},{"not_picked":["Noxious Fumes","Phantasmal Killer"],"picked":"Masterful Stab+1","floor":11},{"not_picked":["Dodge and Roll","Underhanded Strike+1"],"picked":"Flying Knee+1","floor":12},{"not_picked":["Bane+1","Underhanded Strike+1"],"picked":"Choke+1","floor":14},{"not_picked":["Storm of Steel","Glass Knife+1"],"picked":"After Image","floor":16},{"not_picked":["Predator+1","Prepared"],"picked":"Outmaneuver","floor":18},{"not_picked":["Leg Sweep","Poisoned Stab+1"],"picked":"Flying Knee+1","floor":21},{"not_picked":["Deadly Poison","Deflect"],"picked":"Tools of the Trade","floor":23},{"not_picked":["Crippling Poison","Quick Slash+1","Distraction"],"picked":"SKIP","floor":24},{"not_picked":["Predator+1","Prepared"],"picked":"Deflect","floor":25},{"not_picked":["Caltrops","Acrobatics+1"],"picked":"Backstab+1","floor":28}],"player_experience":392155,"relics_obtained":[{"floor":6,"key":"Molten Egg 2"},{"floor":7,"key":"Tiny Chest"},{"floor":9,"key":"Pen Nib"},{"floor":26,"key":"Bag of Preparation"},{"floor":29,"key":"Matryoshka"},{"floor":31,"key":"Lantern"},{"floor":31,"key":"Pear"}],"event_choices":[{"event_name":"World of Goop","player_choice":"Gather Gold","floor":3,"damage_taken":0},{"event_name":"Drug Dealer","player_choice":"Ignored","floor":20,"damage_taken":0}],"is_beta":false,"boss_relics":[{"not_picked":["WristBlade","Coffee Dripper"],"picked":"Empty Cage"}],"items_purged_floors":[2,5,19,22],"is_endless":false,"potions_floor_spawned":[6,12,23,25],"killed_by":"Automaton","ascension_level":0}