{"gold_per_floor":[109,109,34,50,0,0,12,12,12,24,55,87,112,138,150,257,319,348,377,187,200,210,210,235,235,288,288,307,307,222,237,237,334,334,347,347,347,362,379,441,441,461,486,88,88,88,113,132,132,132],"floor_reached":51,"playtime":4520,"items_purged":["Defend_B","Zap","Defend_B"],"score":1215,"play_id":"00d5dcfa-7f79-4afe-92ac-05cf9020cf83","local_time":"20180725114830","is_ascension_mode":true,"campfire_choices":[{"data":"Tempest","floor":6,"key":"SMITH"},{"data":"Dualcast","floor":10,"key":"SMITH"},{"data":"Seek","floor":15,"key":"SMITH"},{"data":"Deep Breath","floor":23,"key":"SMITH"},{"data":"Turbo","floor":25,"key":"SMITH"},{"data":"Conserve Battery","floor":32,"key":"SMITH"},{"data":"Seek","floor":41,"key":"SMITH"},{"data":"Hologram","floor":45,"key":"SMITH"},{"data":"Hologram","floor":49,"key":"SMITH"}],"neow_cost":"NONE","seed_source_timestamp":306317557762472,"circlet_count":0,"master_deck":["Defend_B","Defend_B","Dualcast+1","Tempest+1","Hologram+1","Coolheaded+1","Auto Shields","Gash","Beam Cell","Seek+1","Core Surge","Conserve Battery+1","Gash","Hologram+1","Deep Breath+1","Turbo+1","Necronomicurse","Conserve Battery+1","Ghostly","Ghostly","Ghostly","Ghostly","Ghostly","Gash+1","Writhe","Streamline+1","Skim+1","Seek+1","Gash","Self Repair","Seek+1","Gash+1"],"relics":["Cracked Core","MawBank","Tiny House","Letter Opener","Happy Flower","Necronomicon","Cables","Lizard Tail","Turnip","Tiny Chest","Centennial Puzzle","Lee\u0027s Waffle","Ginger"],"potions_floor_usage":[16,16,21,28,28,33,33,40,50,50,50],"damage_taken":[{"damage":1,"enemies":"Jaw Worm","floor":1,"turns":4},{"damage":0,"enemies":"Cultist","floor":4,"turns":3},{"damage":1,"enemies":"Small Slimes","floor":7,"turns":6},{"damage":1,"enemies":"Blue Slaver","floor":11,"turns":3},{"damage":1,"enemies":"Red Slaver","floor":12,"turns":2},{"damage":8,"enemies":"2 Fungi Beasts","floor":13,"turns":3},{"damage":1,"enemies":"Exordium Wildlife","floor":14,"turns":3},{"damage":51,"enemies":"Slime Boss","floor":16,"turns":16},{"damage":0,"enemies":"Chosen","floor":18,"turns":4},{"damage":10,"enemies":"3 Byrds","floor":19,"turns":5},{"damage":13,"enemies":"Centurion and Healer","floor":21,"turns":4},{"damage":11,"enemies":"Snecko","floor":22,"turns":4},{"damage":19,"enemies":"Book of Stabbing","floor":24,"turns":6},{"damage":7,"enemies":"Cultist and Chosen","floor":28,"turns":4},{"damage":0,"enemies":"Centurion and Healer","floor":31,"turns":6},{"damage":0,"enemies":"Collector","floor":33,"turns":12},{"damage":4,"enemies":"3 Darklings","floor":35,"turns":4},{"damage":0,"floor":37,"turns":10},{"damage":1,"enemies":"Flame Bruiser 1 Orb","floor":38,"turns":6},{"damage":1,"enemies":"Maw","floor":39,"turns":7},{"damage":23,"enemies":"Nemesis","floor":40,"turns":7},{"damage":0,"enemies":"Flame Bruiser 2 Orb","floor":42,"turns":6},{"damage":3,"enemies":"2 Orb Walkers","floor":47,"turns":5},{"damage":0,"enemies":"Sphere and 2 Shapes","floor":48,"turns":1},{"damage":52,"enemies":"Time Eater","floor":50,"turns":10}],"seed_played":"4499265793513780843","potions_obtained":[{"floor":1,"key":"Dexterity Potion"},{"floor":12,"key":"Block Potion"},{"floor":17,"key":"SneckoOil"},{"floor":19,"key":"Fire Potion"},{"floor":21,"key":"Strength Potion"},{"floor":24,"key":"Poison Potion"},{"floor":31,"key":"SkillPotion"},{"floor":37,"key":"Swift Potion"},{"floor":39,"key":"Ancient Potion"},{"floor":47,"key":"EssenceOfSteel"},{"floor":48,"key":"Fire Potion"}],"is_trial":false,"path_per_floor":["M","?","$","M","?","R","M","?","T","R","M","M","M","M","R","B",null,"M","M","$","M","M","R","E","R","T","?","M","?","?","M","R","B",null,"M","?","?","M","M","E","R","M","T","$","R","?","E","M","R","B"],"character_chosen":"DEFECT","items_purchased":["Deep Breath","Self Repair","Lee\u0027s Waffle"],"campfire_rested":0,"item_purchase_floors":[20,44,44],"current_hp_per_floor":[74,74,74,74,74,74,73,66,66,66,65,64,56,55,55,4,80,80,70,70,57,46,46,27,27,27,11,4,4,4,4,4,4,40,36,40,40,39,38,15,15,15,15,47,47,47,47,47,47,30],"gold":132,"neow_bonus":"REMOVE_CARD","is_prod":false,"is_daily":false,"chose_seed":false,"campfire_upgraded":9,"win_rate":0,"timestamp":1532490510,"path_taken":["M","?","$","M","?","R","?","?","T","R","M","M","?","M","R","BOSS","M","M","$","M","M","R","E","R","T","?","?","?","?","M","R","BOSS","M","?","?","?","M","E","R","M","T","$","R","?","E","?","R","BOSS"],"build_version":"2018-07-19v2","purchased_purges":3,"victory":true,"max_hp_per_floor":[75,75,75,75,75,75,75,75,75,75,75,75,75,75,75,75,80,80,80,80,80,80,80,80,80,80,80,80,40,40,40,40,40,40,40,40,40,40,40,40,40,40,40,47,47,47,47,47,47,47],"card_choices":[{"not_picked":["Aggregate","Ball Lightning"],"picked":"Tempest","floor":1},{"not_picked":["Melter","Chaos"],"picked":"Coolheaded","floor":4},{"not_picked":["Scrape","Fusion","Barrage"],"picked":"SKIP","floor":7},{"not_picked":["Redo","Tempest"],"picked":"Auto Shields","floor":11},{"not_picked":["Darkness","Leap"],"picked":"Gash","floor":12},{"not_picked":["Hologram","Compile Driver"],"picked":"Beam Cell","floor":13},{"not_picked":["Go for the Eyes","Loop"],"picked":"Seek","floor":14},{"not_picked":["Buffer","Creative AI"],"picked":"Core Surge","floor":16},{"not_picked":["Fusion","Redo"],"picked":"Conserve Battery","floor":17},{"not_picked":["Coolheaded","Turbo"],"picked":"Gash","floor":18},{"not_picked":["Go for the Eyes","Multi-Cast"],"picked":"Hologram","floor":19},{"not_picked":["Sweeping Beam","Beam Cell","Blizzard"],"picked":"SKIP","floor":21},{"not_picked":["Steam","Leap","Stack"],"picked":"SKIP","floor":22},{"not_picked":["Aggregate","Rebound"],"picked":"Turbo","floor":24},{"not_picked":["Stack","Hologram"],"picked":"Conserve Battery+1","floor":28},{"not_picked":["Compile Driver+1","Heatsinks"],"picked":"Gash+1","floor":31},{"not_picked":["Leap","Sweeping Beam","Ball Lightning"],"picked":"SKIP","floor":35},{"not_picked":["Capacitor+1","Conserve Battery"],"picked":"Streamline+1","floor":37},{"not_picked":["Blizzard","Redo+1","Go for the Eyes"],"picked":"SKIP","floor":38},{"not_picked":["Conserve Battery+1","Self Repair+1"],"picked":"Skim+1","floor":39},{"not_picked":["Turbo","Darkness+1"],"picked":"Seek","floor":40},{"not_picked":["Undo","Lockon"],"picked":"Gash","floor":42},{"not_picked":["Go for the Eyes","Steam"],"picked":"Gash+1","floor":47},{"not_picked":["Hello World+1","Self Repair","Go for the Eyes"],"picked":"SKIP","floor":48}],"player_experience":239607,"relics_obtained":[{"floor":9,"key":"MawBank"},{"floor":24,"key":"Letter Opener"},{"floor":26,"key":"Happy Flower"},{"floor":27,"key":"Necronomicon"},{"floor":37,"key":"Turnip"},{"floor":40,"key":"Tiny Chest"},{"floor":43,"key":"Centennial Puzzle"},{"floor":47,"key":"Ginger"}],"event_choices":[{"event_name":"Transmorgrifier","player_choice":"Transform","floor":2,"damage_taken":0},{"event_name":"The Cleric","player_choice":"Card Removal","floor":5,"damage_taken":0},{"event_name":"Golden Wing","player_choice":"Card Removal","floor":8,"damage_taken":0},{"event_name":"Cursed Tome","player_choice":"Obtained Book","floor":27,"damage_taken":0},{"event_name":"Ghosts","player_choice":"Became a Ghost","floor":29,"damage_taken":0},{"event_name":"Addict","player_choice":"Obtained Relic","floor":30,"damage_taken":0},{"event_name":"Winding Halls","player_choice":"Writhe","floor":36,"damage_taken":0},{"event_name":"MindBloom","player_choice":"Fight","floor":37,"damage_taken":0},{"event_name":"Duplicator","player_choice":"One dupe","floor":46,"damage_taken":0}],"is_beta":false,"boss_relics":[{"not_picked":["Snecko Eye","Runic Dome"],"picked":"Tiny House"},{"not_picked":["Eternal Feather","White Beast Statue"],"picked":"Lizard Tail"}],"items_purged_floors":[3,20,44],"is_endless":false,"potions_floor_spawned":[1,12,19,21,24,31,37,39,47,48],"ascension_level":4}