{"gold_per_floor":[110,110,120,45,57,57,68,68,68,68,102,112,128,142,142,237,237,250,250,250,265,265,265,265],"floor_reached":24,"playtime":1584,"items_purged":["Defend_G"],"score":305,"play_id":"ea66b466-86c2-46b0-951f-62973940c6c4","local_time":"20190610092206","is_ascension_mode":true,"campfire_choices":[{"data":"Backflip","floor":6,"key":"SMITH"},{"data":"Accuracy","floor":8,"key":"SMITH"},{"floor":15,"key":"REST"},{"data":"Survivor","floor":23,"key":"SMITH"}],"neow_cost":"NONE","seed_source_timestamp":228293883710285,"circlet_count":0,"master_deck":["Defend_G","Defend_G","Defend_G","Defend_G","Survivor+1","Neutralize","Accuracy+1","Calculated Gamble","Prepared","Backflip+1","Infinite Blades","Cloak And Dagger","Finisher+1","Die Die Die+1","Slice+1","Bite+1","Bite+1","Bite+1","Bite+1","Bite+1"],"relics":["Ring of the Snake","Kunai","Molten Egg 2","Black Star"],"potions_floor_usage":[11,11,18,22],"damage_taken":[{"damage":3,"enemies":"Cultist","floor":1,"turns":5},{"damage":2,"enemies":"2 Louse","floor":3,"turns":4},{"damage":4,"enemies":"Jaw Worm","floor":5,"turns":6},{"damage":13,"enemies":"2 Fungi Beasts","floor":7,"turns":7},{"damage":30,"enemies":"Gremlin Nob","floor":11,"turns":5},{"damage":0,"enemies":"3 Louse","floor":12,"turns":5},{"damage":1,"enemies":"Red Slaver","floor":13,"turns":4},{"damage":0,"enemies":"Exordium Wildlife","floor":14,"turns":4},{"damage":24,"enemies":"The Guardian","floor":16,"turns":11},{"damage":5,"enemies":"2 Thieves","floor":18,"turns":4},{"damage":22,"enemies":"Spheric Guardian","floor":21,"turns":4},{"damage":18,"enemies":"Shelled Parasite and Fungi","floor":22,"turns":5},{"damage":22,"enemies":"Book of Stabbing","floor":24,"turns":4}],"seed_played":"-8087230597637077630","potions_obtained":[{"floor":3,"key":"Swift Potion"},{"floor":7,"key":"EssenceOfSteel"},{"floor":13,"key":"SmokeBomb"},{"floor":14,"key":"Block Potion"}],"is_trial":false,"path_per_floor":["M","?","M","$","M","R","M","R","T","?","E","M","M","M","R","B",null,"M","?","?","M","M","R","E"],"character_chosen":"THE_SILENT","items_purchased":[],"campfire_rested":1,"item_purchase_floors":[],"current_hp_per_floor":[60,60,58,58,54,54,41,41,41,41,11,11,10,10,31,7,54,49,70,49,33,18,18,0],"gold":265,"neow_bonus":"THREE_CARDS","is_prod":false,"is_daily":false,"chose_seed":false,"campfire_upgraded":3,"win_rate":0,"timestamp":1560129726,"path_taken":["M","?","M","$","M","R","M","R","T","?","E","?","M","M","R","BOSS","M","?","?","M","M","R","E"],"build_version":"2019-01-23","purchased_purges":1,"victory":false,"max_hp_per_floor":[70,70,70,70,70,70,70,70,70,70,70,70,70,70,70,70,70,70,70,49,49,49,49,49],"card_choices":[{"not_picked":["Blade Dance","Bane"],"picked":"Accuracy","floor":0},{"not_picked":["Poisoned Stab","Backflip"],"picked":"Calculated Gamble","floor":1},{"not_picked":["Bane","Deflect"],"picked":"Prepared","floor":3},{"not_picked":["Outmaneuver","Prepared"],"picked":"Backflip","floor":5},{"not_picked":["All Out Attack","Flechettes"],"picked":"Infinite Blades","floor":7},{"not_picked":["Bouncing Flask","All Out Attack","Bullet Time"],"picked":"SKIP","floor":11},{"not_picked":["Deadly Poison","Slice+1"],"picked":"Cloak And Dagger","floor":12},{"not_picked":["Concentrate","Reflex","Dodge and Roll"],"picked":"SKIP","floor":13},{"not_picked":["Escape Plan","Backstab+1"],"picked":"Finisher+1","floor":14},{"not_picked":["Unload+1","Venomology"],"picked":"Die Die Die+1","floor":16},{"not_picked":["Riddle With Holes+1","Quick Slash+1"],"picked":"Slice+1","floor":18},{"not_picked":["Underhanded Strike+1","Masterful Stab+1","Backflip"],"picked":"SKIP","floor":21}],"player_experience":728238,"relics_obtained":[{"floor":9,"key":"Kunai"},{"floor":11,"key":"Molten Egg 2"}],"event_choices":[{"cards_removed":["Strike_G"],"damage_healed":0,"gold_gain":0,"player_choice":"Forget","damage_taken":0,"max_hp_gain":0,"max_hp_loss":0,"event_name":"Living Wall","floor":2,"gold_loss":0},{"cards_removed":["Strike_G"],"damage_healed":0,"gold_gain":0,"player_choice":"Purged","damage_taken":0,"max_hp_gain":0,"max_hp_loss":0,"event_name":"Purifier","floor":10,"gold_loss":0},{"damage_healed":23,"gold_gain":0,"player_choice":"Heal","damage_taken":0,"max_hp_gain":0,"max_hp_loss":0,"event_name":"The Library","floor":19,"gold_loss":0},{"damage_healed":0,"gold_gain":0,"player_choice":"Became a vampire","damage_taken":0,"max_hp_gain":0,"max_hp_loss":21,"event_name":"Vampires","floor":20,"gold_loss":0,"cards_obtained":["Bite","Bite","Bite","Bite","Bite"]}],"is_beta":false,"boss_relics":[{"not_picked":["Lizard Tail","Coffee Dripper"],"picked":"Black Star"}],"items_purged_floors":[4],"is_endless":false,"potions_floor_spawned":[3,7,13,14,22],"killed_by":"Book of Stabbing","ascension_level":8}