{"gold_per_floor":[114,114,39,54,54,85,85,85,112,112,62,62,83,103,103,222,222,247,162,62,83,8,8,47,47,93,154,154,154,185,185,185,185],"floor_reached":33,"playtime":3123,"items_purged":["Strike_G","Strike_G"],"score":499,"play_id":"da37f612-744d-41c7-ab55-1a52bf145b73","local_time":"20190612142814","is_ascension_mode":true,"campfire_choices":[{"data":"Bouncing Flask","floor":8,"key":"SMITH"},{"data":"Survivor","floor":10,"key":"SMITH"},{"data":"Defend_G","floor":12,"key":"SMITH"},{"data":"Backflip","floor":15,"key":"SMITH"},{"data":"Night Terror","floor":23,"key":"SMITH"},{"data":"Flying Knee","floor":25,"key":"SMITH"},{"data":"Cloak And Dagger","floor":28,"key":"SMITH"},{"floor":32,"key":"REST"}],"neow_cost":"NONE","seed_source_timestamp":134612437888945,"circlet_count":0,"master_deck":["AscendersBane","Defend_G","Defend_G","Defend_G","Defend_G+1","Strike_G+1","Survivor+1","Neutralize+1","Bouncing Flask+1","Backflip+1","PiercingWail","Night Terror+1","Flying Knee+1","Cloak And Dagger+1","RitualDagger"],"relics":["Ring of the Snake","Ancient Tea Set","Golden Idol","Dream Catcher","Juzu Bracelet","Busted Crown","Art of War","Frozen Egg 2","Lantern","Tiny Chest","Pen Nib"],"potions_floor_usage":[16,18,24],"damage_taken":[{"damage":0,"enemies":"2 Louse","floor":1,"turns":5},{"damage":5,"enemies":"Small Slimes","floor":4,"turns":4},{"damage":13,"enemies":"Gremlin Nob","floor":6,"turns":4},{"damage":0,"enemies":"Jaw Worm","floor":13,"turns":3},{"damage":0,"enemies":"2 Fungi Beasts","floor":14,"turns":4},{"damage":4,"enemies":"Hexaghost","floor":16,"turns":10},{"damage":1,"enemies":"Chosen","floor":18,"turns":6},{"damage":1,"enemies":"Spheric Guardian","floor":21,"turns":3},{"damage":4,"enemies":"Book of Stabbing","floor":24,"turns":5},{"damage":0,"enemies":"Gremlin Leader","floor":27,"turns":5},{"damage":22,"enemies":"Book of Stabbing","floor":30,"turns":5},{"damage":54,"enemies":"Champ","floor":33,"turns":9}],"seed_played":"-8733831500741620176","potions_obtained":[{"floor":1,"key":"LiquidBronze"},{"floor":4,"key":"EssenceOfSteel"},{"floor":18,"key":"SpeedPotion"},{"floor":21,"key":"Fire Potion"},{"floor":29,"key":"FearPotion"},{"floor":29,"key":"Weak Potion"}],"is_trial":false,"path_per_floor":["M","?","$","M","?","E","?","R","T","R","?","R","M","M","R","B",null,"M","?","$","M","?","R","E","R","T","E","R","?","E","?","R","B"],"character_chosen":"THE_SILENT","items_purchased":[],"campfire_rested":1,"item_purchase_floors":[],"current_hp_per_floor":[63,63,63,58,45,32,32,32,32,32,32,32,32,32,32,28,56,55,55,55,54,54,54,50,50,50,50,50,50,28,22,41,0],"gold":185,"neow_bonus":"RANDOM_COMMON_RELIC","is_prod":false,"is_daily":false,"chose_seed":false,"campfire_upgraded":7,"win_rate":0,"timestamp":1560320894,"path_taken":["M","?","$","M","?","E","?","R","T","R","?","R","M","M","R","BOSS","M","?","$","M","?","R","E","R","T","E","R","?","E","?","R","BOSS"],"build_version":"2019-01-23","purchased_purges":2,"victory":false,"max_hp_per_floor":[70,65,65,65,65,65,65,65,65,65,65,65,65,65,65,65,65,65,65,65,65,65,65,65,65,65,65,65,65,65,65,65,65],"card_choices":[{"not_picked":["Bane","Flying Knee"],"picked":"Bouncing Flask","floor":1},{"not_picked":["Sucker Punch","Slice","Prepared"],"picked":"SKIP","floor":4},{"not_picked":["Dagger Throw","Predator","Masterful Stab"],"picked":"SKIP","floor":6},{"not_picked":["Eviscerate","Prepared"],"picked":"Backflip","floor":13},{"not_picked":["Poisoned Stab","All Out Attack"],"picked":"PiercingWail","floor":14},{"not_picked":["Wraith Form v2","Venomology"],"picked":"Night Terror","floor":16},{"not_picked":["Prepared"],"picked":"SKIP","floor":18},{"not_picked":[],"picked":"Flying Knee","floor":21},{"not_picked":["Riddle With Holes"],"picked":"SKIP","floor":24},{"not_picked":[],"picked":"Cloak And Dagger","floor":27},{"not_picked":["Poisoned Stab"],"picked":"SKIP","floor":30}],"player_experience":796722,"relics_obtained":[{"floor":6,"key":"Dream Catcher"},{"floor":9,"key":"Juzu Bracelet"},{"floor":24,"key":"Frozen Egg 2"},{"floor":26,"key":"Lantern"},{"floor":27,"key":"Tiny Chest"},{"floor":30,"key":"Pen Nib"}],"event_choices":[{"damage_healed":0,"gold_gain":0,"player_choice":"Lose Max HP","damage_taken":0,"relics_obtained":["Golden Idol"],"max_hp_gain":0,"max_hp_loss":5,"event_name":"Golden Idol","floor":2,"gold_loss":0},{"damage_healed":0,"gold_gain":0,"player_choice":"Entered Light","damage_taken":13,"max_hp_gain":0,"max_hp_loss":0,"event_name":"Shining Light","floor":5,"gold_loss":0,"cards_upgraded":["Strike_G","Neutralize"]},{"cards_removed":["Strike_G"],"damage_healed":0,"gold_gain":0,"player_choice":"Forget","damage_taken":0,"max_hp_gain":0,"max_hp_loss":0,"event_name":"Living Wall","floor":7,"gold_loss":0},{"cards_removed":["Defend_G"],"damage_healed":0,"gold_gain":0,"player_choice":"Card Removal","damage_taken":0,"max_hp_gain":0,"max_hp_loss":0,"event_name":"The Cleric","floor":11,"gold_loss":50},{"damage_healed":0,"gold_gain":0,"player_choice":"Obtained Relic","damage_taken":0,"relics_obtained":["Art of War"],"max_hp_gain":0,"max_hp_loss":0,"event_name":"Addict","floor":19,"gold_loss":85},{"cards_removed":["Strike_G"],"damage_healed":0,"gold_gain":0,"player_choice":"Gave Gold","damage_taken":0,"max_hp_gain":0,"max_hp_loss":0,"event_name":"Beggar","floor":22,"gold_loss":75},{"damage_healed":0,"gold_gain":0,"player_choice":"Got Potions","damage_taken":0,"max_hp_gain":0,"max_hp_loss":0,"event_name":"Lab","floor":29,"gold_loss":0},{"damage_healed":0,"gold_gain":0,"player_choice":"Joined the Cult","damage_taken":6,"max_hp_gain":0,"max_hp_loss":0,"event_name":"Nest","floor":31,"gold_loss":0,"cards_obtained":["RitualDagger"]}],"is_beta":false,"boss_relics":[{"not_picked":["Black Star","HoveringKite"],"picked":"Busted Crown"}],"items_purged_floors":[3,20],"is_endless":false,"potions_floor_spawned":[1,4,18,21,30],"killed_by":"Champ","ascension_level":11}