{"gold_per_floor":[19,37,48,66,66,66,93,93,93,18,37,63,63,75,75,174,174,186,186,111,11,28,28,28,62,62,62,89,99,99,119,119,119],"floor_reached":33,"playtime":2888,"items_purged":["Strike_G","Strike_G"],"score":514,"play_id":"0eb2adf5-f139-4b29-83af-9664bd18d302","local_time":"20190610155630","is_ascension_mode":true,"campfire_choices":[{"data":"Tactician","floor":6,"key":"SMITH"},{"data":"Tools of the Trade","floor":8,"key":"SMITH"},{"data":"Choke","floor":13,"key":"SMITH"},{"data":"Blade Dance","floor":15,"key":"SMITH"},{"data":"Calculated Gamble","floor":23,"key":"SMITH"},{"data":"Blade Dance","floor":27,"key":"SMITH"},{"data":"Blade Dance","floor":30,"key":"SMITH"},{"floor":32,"key":"REST"}],"neow_cost":"NO_GOLD","seed_source_timestamp":250654129919613,"circlet_count":0,"master_deck":["Defend_G","Defend_G","Defend_G","Defend_G","Defend_G","Strike_G","Strike_G","Survivor","Neutralize","Tools of the Trade+1","Dagger Spray","Cloak And Dagger","Blade Dance+1","Tactician+1","Dagger Spray","Choke+1","Calculated Gamble+1","Corpse Explosion","Blade Dance","Blade Dance+1","Blade Dance+1","Tactician","Ghostly","Ghostly","Ghostly","Ghostly","Ghostly","Flechettes+1","Backstab","Accuracy","Backstab+1","Blade Dance+1"],"relics":["Ring of the Snake","Tingsha","Pear","Kunai","Orrery","Gremlin Horn","Mummified Hand","Singing Bowl","Regal Pillow"],"potions_floor_usage":[7,7,7,18,22,25,33],"damage_taken":[{"damage":0,"enemies":"2 Louse","floor":1,"turns":4},{"damage":4,"enemies":"Small Slimes","floor":2,"turns":4},{"damage":0,"enemies":"Jaw Worm","floor":3,"turns":5},{"damage":3,"enemies":"Blue Slaver","floor":4,"turns":6},{"damage":46,"enemies":"Gremlin Nob","floor":7,"turns":6},{"damage":4,"enemies":"Red Slaver","floor":11,"turns":4},{"damage":13,"enemies":"3 Sentries","floor":12,"turns":5},{"damage":0,"enemies":"Exordium Thugs","floor":14,"turns":5},{"damage":10,"enemies":"Hexaghost","floor":16,"turns":12},{"damage":13,"enemies":"2 Thieves","floor":18,"turns":4},{"damage":2,"enemies":"Shell Parasite","floor":22,"turns":4},{"damage":6,"enemies":"Gremlin Leader","floor":25,"turns":8},{"damage":29,"enemies":"Slavers","floor":28,"turns":3},{"damage":0,"enemies":"Snake Plant","floor":29,"turns":5},{"damage":2,"enemies":"Centurion and Healer","floor":31,"turns":5},{"damage":42,"enemies":"Champ","floor":33,"turns":8}],"seed_played":"-7831724247997031698","potions_obtained":[{"floor":3,"key":"Regen Potion"},{"floor":4,"key":"SpeedPotion"},{"floor":7,"key":"Fruit Juice"},{"floor":12,"key":"GhostInAJar"},{"floor":14,"key":"Dexterity Potion"},{"floor":18,"key":"Fruit Juice"},{"floor":22,"key":"PowerPotion"},{"floor":31,"key":"Weak Potion"}],"is_trial":false,"path_per_floor":["M","M","M","M","$","R","E","R","T","$","M","E","R","M","R","B",null,"M","?","?","$","M","R","T","E","T","R","E","M","R","M","R","B"],"character_chosen":"THE_SILENT","items_purchased":[],"campfire_rested":1,"item_purchase_floors":[],"current_hp_per_floor":[63,59,59,56,56,56,29,29,39,39,35,22,22,22,22,12,67,54,42,42,42,45,45,45,39,39,39,10,10,10,8,37,0],"gold":119,"neow_bonus":"THREE_RARE_CARDS","is_prod":false,"is_daily":false,"chose_seed":false,"campfire_upgraded":7,"win_rate":0,"timestamp":1560153390,"path_taken":["M","M","M","M","$","R","E","R","T","$","M","E","R","M","R","BOSS","M","?","?","$","M","R","?","E","T","R","E","M","R","M","R","BOSS"],"build_version":"2019-01-23","purchased_purges":2,"victory":false,"max_hp_per_floor":[70,70,70,70,70,70,75,75,85,85,85,85,85,85,85,85,85,85,42,42,42,47,47,47,47,47,47,47,47,47,47,47,47],"card_choices":[{"not_picked":["Wraith Form v2","Bullet Time"],"picked":"Tools of the Trade","floor":0},{"not_picked":["Setup","Outmaneuver"],"picked":"Dagger Spray","floor":1},{"not_picked":["Catalyst","Underhanded Strike"],"picked":"Cloak And Dagger","floor":2},{"not_picked":["Deadly Poison","PiercingWail"],"picked":"Blade Dance","floor":3},{"not_picked":["Deadly Poison","Bane"],"picked":"Tactician","floor":4},{"not_picked":["Predator","Quick Slash"],"picked":"Dagger Spray","floor":7},{"not_picked":["Backflip","Leg Sweep","Riddle With Holes"],"picked":"SKIP","floor":11},{"not_picked":["Catalyst","Concentrate"],"picked":"Choke","floor":12},{"not_picked":["Terror","Quick Slash"],"picked":"Calculated Gamble","floor":14},{"not_picked":["Doppelganger","Glass Knife"],"picked":"Corpse Explosion","floor":16},{"not_picked":["Well Laid Plans","Reflex"],"picked":"Blade Dance","floor":17},{"not_picked":["Backflip","Skewer"],"picked":"Blade Dance","floor":17},{"not_picked":["Skewer","Bane"],"picked":"Blade Dance","floor":17},{"not_picked":["Underhanded Strike","Deflect"],"picked":"Tactician","floor":18},{"not_picked":["Poisoned Stab","Backflip"],"picked":"Flechettes+1","floor":22},{"not_picked":["Bane","Terror+1"],"picked":"Backstab","floor":25},{"not_picked":["Venomology","Catalyst"],"picked":"Accuracy","floor":28},{"not_picked":["Flying Knee","Acrobatics"],"picked":"Backstab+1","floor":29},{"not_picked":["Cloak And Dagger","Distraction"],"picked":"Blade Dance+1","floor":31}],"player_experience":749773,"relics_obtained":[{"floor":7,"key":"Tingsha"},{"floor":9,"key":"Pear"},{"floor":12,"key":"Kunai"},{"floor":24,"key":"Gremlin Horn"},{"floor":25,"key":"Mummified Hand"},{"floor":26,"key":"Singing Bowl"},{"floor":28,"key":"Regal Pillow"}],"event_choices":[{"damage_healed":0,"gold_gain":0,"player_choice":"Became a Ghost","damage_taken":0,"max_hp_gain":0,"max_hp_loss":43,"event_name":"Ghosts","floor":19,"gold_loss":0,"cards_obtained":["Ghostly","Ghostly","Ghostly","Ghostly","Ghostly"]},{"cards_removed":["Strike_G"],"damage_healed":0,"gold_gain":0,"player_choice":"Gave Gold","damage_taken":0,"max_hp_gain":0,"max_hp_loss":0,"event_name":"Beggar","floor":20,"gold_loss":75}],"is_beta":false,"boss_relics":[{"not_picked":["Busted Crown","Velvet Choker"],"picked":"Orrery"}],"items_purged_floors":[10,21],"is_endless":false,"potions_floor_spawned":[3,4,7,12,14,18,22,31],"killed_by":"Champ","ascension_level":9}