{"gold_per_floor":[116,41,58,72,31,65,65,76,76,76,7,7,27,45,45,147,147,167,107],"floor_reached":19,"playtime":1649,"items_purged":["Strike_B"],"score":254,"play_id":"27d17d83-8370-4e12-b1bd-51a58cbe7a7d","local_time":"20190613073229","is_ascension_mode":true,"campfire_choices":[{"data":"Turbo","floor":7,"key":"SMITH"},{"data":"Defragment","floor":10,"key":"SMITH"},{"data":"Hologram","floor":12,"key":"SMITH"},{"data":"Coolheaded","floor":15,"key":"SMITH"}],"neow_cost":"NONE","seed_source_timestamp":220838145839900,"circlet_count":0,"master_deck":["AscendersBane","Strike_B","Strike_B","Strike_B","Defend_B","Defend_B","Defend_B","Defend_B","Zap","Dualcast","Turbo+1","Chill","Defragment+1","Chill","Hologram+1","Glacier","Self Repair","Tempest","Coolheaded+1","Rainbow","Loop"],"relics":["Cracked Core","Orichalcum","Ornamental Fan","Philosopher\u0027s Stone"],"potions_floor_usage":[14,16,16,19],"damage_taken":[{"damage":1,"enemies":"Cultist","floor":1,"turns":3},{"damage":3,"enemies":"2 Louse","floor":3,"turns":3},{"damage":11,"enemies":"Jaw Worm","floor":4,"turns":4},{"damage":32,"enemies":"Lagavulin","floor":6,"turns":9},{"damage":1,"enemies":"3 Louse","floor":8,"turns":6},{"damage":1,"enemies":"2 Fungi Beasts","floor":13,"turns":5},{"damage":15,"enemies":"Gremlin Gang","floor":14,"turns":6},{"damage":21,"enemies":"Hexaghost","floor":16,"turns":12},{"damage":41,"enemies":"3 Byrds","floor":18,"turns":7},{"damage":38,"enemies":"2 Thieves","floor":19,"turns":2}],"seed_played":"7321258205787702569","potions_obtained":[{"floor":3,"key":"FocusPotion"},{"floor":4,"key":"Swift Potion"},{"floor":13,"key":"FocusPotion"},{"floor":18,"key":"AttackPotion"}],"is_trial":false,"path_per_floor":["M","$","M","M","$","E","R","M","T","R","$","R","M","M","R","B",null,"M","M"],"character_chosen":"DEFECT","items_purchased":["Chill","Self Repair"],"campfire_rested":0,"item_purchase_floors":[5,11],"current_hp_per_floor":[74,74,71,60,60,28,28,27,27,27,27,27,33,25,25,11,64,30,0],"gold":107,"neow_bonus":"TEN_PERCENT_HP_BONUS","is_prod":false,"is_daily":false,"chose_seed":false,"campfire_upgraded":4,"win_rate":0,"timestamp":1560403949,"path_taken":["M","$","M","M","$","E","R","M","T","R","$","R","?","M","R","BOSS","M","M"],"build_version":"2019-01-23","purchased_purges":1,"victory":false,"max_hp_per_floor":[82,82,82,82,82,82,82,82,82,82,82,82,82,82,82,82,82,82,82],"card_choices":[{"not_picked":["Rebound","Capacitor"],"picked":"Turbo","floor":1},{"not_picked":["Blizzard","Barrage"],"picked":"Chill","floor":3},{"not_picked":["Stack","Cold Snap"],"picked":"Defragment","floor":4},{"not_picked":["Tempest","Double Energy"],"picked":"Hologram","floor":6},{"not_picked":["Barrage","Reinforced Body"],"picked":"Glacier","floor":8},{"not_picked":["Rip and Tear","Capacitor"],"picked":"Tempest","floor":13},{"not_picked":["Chaos","Barrage"],"picked":"Coolheaded","floor":14},{"not_picked":["Core Surge","Thunder Strike"],"picked":"Rainbow","floor":16},{"not_picked":["Sweeping Beam+1","Barrage"],"picked":"Loop","floor":18}],"player_experience":206834,"relics_obtained":[{"floor":6,"key":"Orichalcum"},{"floor":9,"key":"Ornamental Fan"}],"event_choices":[],"is_beta":false,"boss_relics":[{"not_picked":["Astrolabe","Tiny House"],"picked":"Philosopher\u0027s Stone"}],"items_purged_floors":[2],"is_endless":false,"potions_floor_spawned":[3,4,13,18],"killed_by":"2 Thieves","ascension_level":10}