{"gold_per_floor":[113,113,38,38,38,38,48,119,142,162,62,62,78,107,107,203,203,222,222,233,108,118,146,146,164,214,214,234,84,103,117,117,217,217,236,236,248,267,278,278,297,297,297,326,343,343,373,386,386,386],"floor_reached":51,"playtime":3482,"items_purged":["Strike_R","Defend_R","Bite","Dropkick"],"score":1038,"play_id":"d8afb0cc-da5a-49ce-92ae-45c8e08c038a","local_time":"20180815210037","is_ascension_mode":true,"campfire_choices":[{"data":"True Grit","floor":6,"key":"SMITH"},{"data":"Defend_R","floor":12,"key":"SMITH"},{"data":"Defend_R","floor":15,"key":"SMITH"},{"data":"Uppercut","floor":24,"key":"SMITH"},{"data":"Flame Barrier","floor":27,"key":"SMITH"},{"data":"Feed","floor":32,"key":"SMITH"},{"data":"Bludgeon","floor":40,"key":"SMITH"},{"data":"Uppercut","floor":42,"key":"SMITH"},{"data":"Battle Trance","floor":49,"key":"SMITH"}],"neow_cost":"","seed_source_timestamp":8885124374454,"circlet_count":0,"master_deck":["Defend_R+1","Bash+1","True Grit+1","Feed+1","Bite+1","Bite+1","Bite","Bite","Shrug It Off+1","Uppercut+1","Flame Barrier+1","Clothesline","Uppercut+1","Bludgeon+1","Battle Trance+1","Whirlwind+1","Sentinel+1","Pommel Strike+1"],"relics":["Burning Blood","Question Card","Anchor","Oddly Smooth Stone","Snecko Eye","Boot","Whetstone","Coffee Dripper","Darkstone Periapt","The Courier","Red Skull"],"potions_floor_usage":[16,33,39,50,50],"damage_taken":[{"damage":0,"enemies":"Small Slimes","floor":1,"turns":3},{"damage":0,"enemies":"Cultist","floor":7,"turns":3},{"damage":2,"enemies":"Jaw Worm","floor":10,"turns":4},{"damage":10,"enemies":"3 Louse","floor":13,"turns":4},{"damage":42,"enemies":"Lagavulin","floor":14,"turns":8},{"damage":17,"enemies":"The Guardian","floor":16,"turns":11},{"damage":15,"enemies":"Chosen","floor":18,"turns":7},{"damage":29,"enemies":"Spheric Guardian","floor":20,"turns":5},{"damage":42,"enemies":"Snecko","floor":22,"turns":8},{"damage":27,"enemies":"Slavers","floor":23,"turns":9},{"damage":1,"enemies":"Centurion and Healer","floor":25,"turns":5},{"damage":18,"enemies":"Snake Plant","floor":28,"turns":4},{"damage":0,"enemies":"Snecko","floor":30,"turns":5},{"damage":17,"enemies":"3 Cultists","floor":31,"turns":6},{"damage":66,"enemies":"Collector","floor":33,"turns":17},{"damage":16,"enemies":"Orb Walker","floor":35,"turns":4},{"damage":9,"enemies":"3 Darklings","floor":37,"turns":5},{"damage":1,"enemies":"Maw","floor":38,"turns":6},{"damage":27,"enemies":"Flame Bruiser 2 Orb","floor":39,"turns":6},{"damage":10,"enemies":"Transient","floor":41,"turns":5},{"damage":0,"enemies":"2 Orb Walkers","floor":44,"turns":3},{"damage":0,"enemies":"Maw","floor":45,"turns":6},{"damage":17,"enemies":"Giant Head","floor":47,"turns":7},{"damage":12,"enemies":"Sphere and 2 Shapes","floor":48,"turns":4},{"damage":55,"enemies":"Donu and Deca","floor":50,"turns":8}],"seed_played":"4110137463247571045","potions_obtained":[{"floor":1,"key":"SpeedPotion"},{"floor":4,"key":"Energy Potion"},{"floor":4,"key":"PowerPotion"},{"floor":23,"key":"Strength Potion"},{"floor":28,"key":"Block Potion"},{"floor":30,"key":"BloodPotion"},{"floor":33,"key":"PowerPotion"},{"floor":37,"key":"Block Potion"},{"floor":45,"key":"Regen Potion"}],"is_trial":false,"path_per_floor":["M","?","$","?","?","R","M","T","T","M","$","R","M","E","R","B",null,"M","?","M","$","M","E","R","M","T","R","M","$","M","M","R","B",null,"M","?","M","M","M","R","M","R","T","E","M","?","E","M","R","B"],"character_chosen":"IRONCLAD","items_purchased":[],"campfire_rested":0,"item_purchase_floors":[],"current_hp_per_floor":[78,78,78,78,78,78,80,80,80,80,80,80,76,40,40,29,67,61,58,47,47,27,25,25,46,46,46,46,46,61,64,64,42,59,53,53,63,68,62,62,68,68,68,72,72,72,72,70,70,55],"gold":386,"neow_bonus":"","is_prod":false,"is_daily":false,"chose_seed":false,"campfire_upgraded":9,"win_rate":0,"timestamp":1534338037,"path_taken":["M","?","$","?","?","R","M","?","T","M","?","R","M","E","R","BOSS","M","?","?","$","M","E","R","M","T","R","M","$","M","M","R","BOSS","M","?","M","M","M","R","M","R","T","E","M","?","E","M","R","BOSS"],"build_version":"2018-08-09","purchased_purges":4,"victory":true,"max_hp_per_floor":[80,80,80,80,80,80,80,80,80,80,80,80,80,80,80,80,80,83,58,58,58,58,61,61,61,61,61,61,61,61,64,64,64,64,64,64,64,68,68,68,68,68,68,72,72,72,72,76,76,80],"card_choices":[{"not_picked":["Inflame","Pummel"],"picked":"True Grit","floor":1},{"not_picked":["Power Through","Searing Blow","Pommel Strike"],"picked":"SKIP","floor":7},{"not_picked":["Second Wind","Spot Weakness","Thunderclap","Sword Boomerang"],"picked":"SKIP","floor":10},{"not_picked":["Ghostly Armor","Hemokinesis","Rupture"],"picked":"Dropkick","floor":13},{"not_picked":["Fiend Fire","Power Through","Armaments","Battle Trance"],"picked":"SKIP","floor":14},{"not_picked":["Brutality","Bludgeon","Dark Embrace"],"picked":"Feed","floor":16},{"not_picked":["Armaments+1","Anger","Warcry","Sever Soul+1"],"picked":"SKIP","floor":18},{"not_picked":["Seeing Red","Havoc","Evolve+1"],"picked":"Shrug It Off+1","floor":20},{"not_picked":["Perfected Strike","Cleave","Havoc"],"picked":"Uppercut","floor":22},{"not_picked":["Inflame","Thunderclap","Body Slam","Metallicize"],"picked":"SKIP","floor":23},{"not_picked":["Sword Boomerang","Anger","Havoc"],"picked":"Flame Barrier","floor":25},{"not_picked":["Sword Boomerang+1","Limit Break","Anger+1"],"picked":"Clothesline","floor":28},{"not_picked":["Body Slam","True Grit","Armaments","Dual Wield"],"picked":"SKIP","floor":30},{"not_picked":["Intimidate","Power Through+1","Shrug It Off"],"picked":"Uppercut","floor":31},{"not_picked":["Brutality","Immolate","Impervious"],"picked":"Bludgeon","floor":33},{"not_picked":["Sentinel","Power Through+1","Rampage+1","Wild Strike"],"picked":"SKIP","floor":35},{"not_picked":["Cleave","Body Slam","Second Wind+1","Metallicize"],"picked":"SKIP","floor":37},{"not_picked":["Armaments","Sword Boomerang+1","Body Slam+1","Sentinel"],"picked":"SKIP","floor":38},{"not_picked":["Brutality","Wild Strike+1","Twin Strike+1"],"picked":"Battle Trance","floor":39},{"not_picked":["Anger","Headbutt","Iron Wave+1"],"picked":"Whirlwind+1","floor":41},{"not_picked":["Havoc+1","Wild Strike+1","Sword Boomerang+1","Perfected Strike"],"picked":"SKIP","floor":44},{"not_picked":["Dark Embrace","Clash","Heavy Blade","Armaments+1"],"picked":"SKIP","floor":45},{"not_picked":["Spot Weakness","Iron Wave","Burning Pact"],"picked":"Sentinel+1","floor":47},{"not_picked":["Dual Wield","Infernal Blade+1","Anger+1"],"picked":"Pommel Strike+1","floor":48}],"player_experience":452859,"relics_obtained":[{"floor":8,"key":"Question Card"},{"floor":9,"key":"Anchor"},{"floor":14,"key":"Oddly Smooth Stone"},{"floor":23,"key":"Boot"},{"floor":26,"key":"Whetstone"},{"floor":43,"key":"Darkstone Periapt"},{"floor":44,"key":"The Courier"},{"floor":47,"key":"Red Skull"}],"event_choices":[{"event_name":"Bonfire Elementals","player_choice":"BASIC","floor":2,"damage_taken":0},{"event_name":"The Lab","player_choice":"Got Potions","floor":4,"damage_taken":0},{"event_name":"Accursed Blacksmith","player_choice":"Forge","floor":5,"damage_taken":0},{"event_name":"Vampires","player_choice":"Became a vampire","floor":19,"damage_taken":0},{"event_name":"Falling","player_choice":"Removed Skill","floor":36,"damage_taken":0},{"event_name":"Tomb of Lord Red Mask","player_choice":"Ignored","floor":46,"damage_taken":0}],"is_beta":false,"boss_relics":[{"not_picked":["White Beast Statue","Astrolabe"],"picked":"Snecko Eye"},{"not_picked":["Black Blood","Cursed Key"],"picked":"Coffee Dripper"}],"items_purged_floors":[3,11,21,29],"is_endless":false,"potions_floor_spawned":[1,10,23,25,28,30,33,37,45,47,48],"ascension_level":8}