{"gold_per_floor":[118,118,118,43,55,55,111,111,111,125,139,139],"floor_reached":12,"playtime":640,"items_purged":["Strike_B"],"score":86,"play_id":"c4c4f584-b049-45bd-a3e4-3f672bfd038c","local_time":"20190123044034","is_ascension_mode":true,"campfire_choices":[{"floor":6,"key":"RECALL"}],"neow_cost":"NONE","seed_source_timestamp":119741632428800,"circlet_count":0,"master_deck":["Strike_B+1","Strike_B+1","Strike_B","Defend_B","Defend_B","Defend_B","Defend_B","Zap+1","Dualcast","Gash","Scrape+1","Steam Power","Stack","BootSequence"],"relics":["Cracked Core","Tiny Chest"],"potions_floor_usage":[11],"damage_taken":[{"damage":8,"enemies":"Small Slimes","floor":1,"turns":4},{"damage":4,"enemies":"Jaw Worm","floor":5,"turns":3},{"damage":31,"enemies":"3 Sentries","floor":7,"turns":6},{"damage":0,"enemies":"Cultist","floor":10,"turns":2},{"damage":21,"enemies":"Exordium Wildlife","floor":11,"turns":3},{"damage":12,"enemies":"Gremlin Nob","floor":12,"turns":2}],"seed_played":"4025291154577197781","potions_obtained":[{"floor":1,"key":"Poison Potion"},{"floor":7,"key":"SkillPotion"},{"floor":10,"key":"FocusPotion"}],"is_trial":false,"path_per_floor":["M","?","?","$","M","R","E","?","T","M","M","E"],"character_chosen":"DEFECT","items_purchased":[],"campfire_rested":0,"item_purchase_floors":[],"current_hp_per_floor":[74,58,58,58,54,54,23,23,23,23,2,0],"gold":139,"neow_bonus":"TEN_PERCENT_HP_BONUS","is_prod":false,"is_daily":false,"chose_seed":false,"campfire_upgraded":0,"win_rate":0,"timestamp":1548214834,"path_taken":["M","?","?","$","M","R","E","?","T","M","M","E"],"build_version":"2019-01-17v2","purchased_purges":1,"victory":false,"max_hp_per_floor":[82,82,82,82,82,82,82,82,82,82,82,82],"card_choices":[{"not_picked":["Skim","Recycle"],"picked":"Gash","floor":1},{"not_picked":["Ball Lightning","Cold Snap"],"picked":"Scrape","floor":5},{"not_picked":["Cold Snap","Rebound"],"picked":"Steam Power","floor":7},{"not_picked":["Genetic Algorithm","Coolheaded"],"picked":"Stack","floor":10},{"not_picked":["Steam Power","Hologram"],"picked":"BootSequence","floor":11}],"player_experience":93065,"relics_obtained":[{"floor":7,"key":"Tiny Chest"}],"event_choices":[{"damage_healed":0,"gold_gain":0,"player_choice":"Entered Light","damage_taken":16,"max_hp_gain":0,"max_hp_loss":0,"event_name":"Shining Light","floor":2,"gold_loss":0,"cards_upgraded":["Strike_B","Strike_B"]},{"damage_healed":0,"gold_gain":0,"player_choice":"Grow","damage_taken":0,"max_hp_gain":0,"max_hp_loss":0,"event_name":"Living Wall","floor":3,"gold_loss":0,"cards_upgraded":["Zap"]},{"damage_healed":0,"gold_gain":0,"player_choice":"Upgraded","damage_taken":0,"max_hp_gain":0,"max_hp_loss":0,"event_name":"Upgrade Shrine","floor":8,"gold_loss":0,"cards_upgraded":["Scrape"]}],"is_beta":false,"boss_relics":[],"items_purged_floors":[4],"is_endless":false,"potions_floor_spawned":[1,7,10],"killed_by":"Gremlin Nob","ascension_level":2}