{"gold_per_floor":[114,114,114,39,54,54,90,90,170,195,216,216,116,149,149,149],"floor_reached":16,"playtime":505,"items_purged":["Strike_R","Strike_R"],"score":209,"play_id":"57591643-be75-42ae-be82-55571758152e","local_time":"20181223121140","is_ascension_mode":true,"campfire_choices":[{"data":"Bash","floor":6,"key":"SMITH"},{"data":"True Grit","floor":8,"key":"SMITH"},{"data":"Pommel Strike","floor":15,"key":"SMITH"}],"neow_cost":"NONE","seed_source_timestamp":153015550160169,"circlet_count":0,"master_deck":["AscendersBane","Strike_R","Strike_R","Strike_R","Defend_R","Defend_R","Defend_R","Defend_R","Bash+1","True Grit+1","Ghostly Armor","Cleave","Pommel Strike+1"],"relics":["Burning Blood","NeowsBlessing","Golden Idol","Lantern","Ornamental Fan","Incense Burner","Odd Mushroom"],"potions_floor_usage":[11,14],"damage_taken":[{"damage":0,"enemies":"Small Slimes","floor":1,"turns":1},{"damage":0,"enemies":"2 Louse","floor":5,"turns":1},{"damage":0,"enemies":"3 Sentries","floor":7,"turns":2},{"damage":6,"enemies":"Jaw Worm","floor":10,"turns":4},{"damage":7,"enemies":"Large Slime","floor":11,"turns":7},{"damage":12,"enemies":"The Mushroom Lair","floor":14,"turns":4},{"damage":48,"enemies":"Hexaghost","floor":16,"turns":12}],"seed_played":"509489656923536921","potions_obtained":[{"floor":1,"key":"Explosive Potion"},{"floor":7,"key":"BloodPotion"}],"is_trial":false,"path_per_floor":["M","?","?","$","M","R","E","R","T","M","M","?","$","?","R","B"],"character_chosen":"IRONCLAD","items_purchased":[],"campfire_rested":0,"item_purchase_floors":[],"current_hp_per_floor":[74,69,69,69,69,69,69,69,69,69,68,43,43,43,43,0],"gold":149,"neow_bonus":"THREE_ENEMY_KILL","is_prod":false,"is_daily":false,"chose_seed":false,"campfire_upgraded":3,"win_rate":0,"timestamp":1545538300,"path_taken":["M","?","?","$","?","R","E","R","T","M","M","?","$","?","R","BOSS"],"build_version":"2018-12-20","purchased_purges":2,"victory":false,"max_hp_per_floor":[75,69,69,69,69,69,69,69,69,69,69,69,69,69,69,69],"card_choices":[{"not_picked":["Fire Breathing","Clash"],"picked":"True Grit","floor":1},{"not_picked":["Havoc","Feel No Pain"],"picked":"Ghostly Armor","floor":5},{"not_picked":["Dark Embrace","Power Through","Dual Wield"],"picked":"SKIP","floor":7},{"not_picked":["Sword Boomerang","Twin Strike"],"picked":"Cleave","floor":10},{"not_picked":["Thunderclap","Sword Boomerang","Shockwave"],"picked":"SKIP","floor":11},{"not_picked":["Clothesline","Shockwave"],"picked":"Pommel Strike","floor":14}],"player_experience":605735,"relics_obtained":[{"floor":7,"key":"Lantern"},{"floor":9,"key":"Ornamental Fan"},{"floor":14,"key":"Odd Mushroom"}],"event_choices":[{"damage_healed":0,"gold_gain":0,"player_choice":"Lose Max HP","damage_taken":0,"relics_obtained":["Golden Idol"],"max_hp_gain":0,"max_hp_loss":6,"event_name":"Golden Idol","floor":2,"gold_loss":0},{"damage_healed":0,"gold_gain":0,"player_choice":"Ignored","damage_taken":0,"max_hp_gain":0,"max_hp_loss":0,"event_name":"Liars Game","floor":3,"gold_loss":0},{"damage_healed":0,"gold_gain":0,"player_choice":"Success","damage_taken":25,"relics_obtained":["Incense Burner"],"max_hp_gain":0,"max_hp_loss":0,"event_name":"Scrap Ooze","floor":12,"gold_loss":0},{"damage_healed":0,"gold_gain":0,"player_choice":"Fought Mushrooms","damage_taken":0,"max_hp_gain":0,"max_hp_loss":0,"event_name":"Mushrooms","floor":14,"gold_loss":0}],"is_beta":false,"boss_relics":[],"items_purged_floors":[4,13],"is_endless":false,"potions_floor_spawned":[1,7,10],"killed_by":"Hexaghost","ascension_level":14}