{"gold_per_floor":[17,27,44,55,55,5,35,35,61,73,93,107,107,123,123,123],"floor_reached":16,"playtime":1132,"items_purged":[],"score":127,"play_id":"842794ea-d5b0-40eb-b78c-f0b8ca6a3ac6","local_time":"20180811101033","is_ascension_mode":true,"campfire_choices":[{"data":"All Out Attack","floor":13,"key":"SMITH"},{"floor":15,"key":"REST"}],"neow_cost":"NO_GOLD","seed_source_timestamp":37904602282484,"circlet_count":0,"master_deck":["Defend_G","Defend_G","Defend_G","Defend_G","Defend_G","Strike_G","Strike_G","Strike_G","Survivor","Neutralize","Expertise","Wraith Form v2+1","Slice","Caltrops","Quick Slash","Outmaneuver","Outmaneuver","Injury","Dagger Throw","Infinite Blades","All Out Attack+1","Infinite Blades"],"relics":["Ring of the Snake","Art of War","Centennial Puzzle","Blood Vial","Regal Pillow"],"potions_floor_usage":[7,10,11,12,16],"damage_taken":[{"damage":12,"enemies":"Cultist","floor":1,"turns":6},{"damage":0,"enemies":"2 Louse","floor":2,"turns":4},{"damage":8,"enemies":"Small Slimes","floor":3,"turns":4},{"damage":3,"enemies":"Blue Slaver","floor":4,"turns":4},{"damage":37,"enemies":"Lagavulin","floor":7,"turns":10},{"damage":0,"enemies":"Looter","floor":10,"turns":4},{"damage":4,"enemies":"Red Slaver","floor":11,"turns":5},{"damage":6,"enemies":"Lots of Slimes","floor":12,"turns":5},{"damage":0,"enemies":"Large Slime","floor":14,"turns":7},{"damage":54,"enemies":"The Guardian","floor":16,"turns":5}],"seed_played":"875533259322766027","potions_obtained":[{"floor":2,"key":"Energy Potion"},{"floor":4,"key":"Poison Potion"},{"floor":7,"key":"Fire Potion"},{"floor":10,"key":"Dexterity Potion"},{"floor":11,"key":"Regen Potion"}],"is_trial":false,"path_per_floor":["M","M","M","M","?","?","E","?","T","M","M","M","R","M","R"],"character_chosen":"THE_SILENT","items_purchased":[],"campfire_rested":1,"item_purchase_floors":[],"current_hp_per_floor":[58,58,50,47,40,40,3,3,3,5,3,13,13,15,51,0],"gold":123,"neow_bonus":"TRANSFORM_TWO_CARDS","is_prod":false,"is_daily":false,"chose_seed":false,"campfire_upgraded":1,"win_rate":0,"timestamp":1533953433,"path_taken":["M","M","M","?","?","?","E","?","T","M","M","?","R","M","R","BOSS"],"build_version":"2018-08-09","purchased_purges":0,"victory":false,"max_hp_per_floor":[70,70,70,70,70,70,70,70,70,70,70,70,70,70,70,70],"card_choices":[{"not_picked":["PiercingWail","Dodge and Roll"],"picked":"Slice","floor":1},{"not_picked":["Masterful Stab","Backflip"],"picked":"Caltrops","floor":2},{"not_picked":["Predator","Prepared"],"picked":"Quick Slash","floor":3},{"not_picked":["Catalyst","Prepared"],"picked":"Outmaneuver","floor":4},{"not_picked":["Acrobatics","Expertise"],"picked":"Outmaneuver","floor":7},{"not_picked":["Riddle With Holes","Bane"],"picked":"Dagger Throw","floor":10},{"not_picked":["Quick Slash","Expertise"],"picked":"Infinite Blades","floor":11},{"not_picked":["Dodge and Roll","Distraction"],"picked":"All Out Attack","floor":12},{"not_picked":["Tools of the Trade","Backflip"],"picked":"Infinite Blades","floor":14}],"player_experience":355666,"relics_obtained":[{"floor":7,"key":"Blood Vial"},{"floor":9,"key":"Regal Pillow"}],"event_choices":[{"event_name":"Scrap Ooze","player_choice":"success","floor":5,"damage_taken":7},{"event_name":"WeMeetAgain","player_choice":"Gold","floor":6,"damage_taken":0},{"event_name":"Accursed Blacksmith","player_choice":"Forge","floor":8,"damage_taken":0}],"is_beta":false,"boss_relics":[],"items_purged_floors":[],"is_endless":false,"potions_floor_spawned":[2,4,7,10,11],"killed_by":"The Guardian","ascension_level":4}