{"gold_per_floor":[111,121,46,46,121,121,137,155,155,174,193,193,203,233,233,330,330,344,244,244,45,61,61,75,75,101,101,101,101,120,139,139,242,242,256,256,273,123,123,123,154,154,154,179,199,199,230,249,249,249],"floor_reached":51,"playtime":5667,"items_purged":["Strike_G","Strike_G","Strike_G","Defend_G"],"score":773,"play_id":"012b6571-4294-4cf1-b981-ae8724cb148f","local_time":"20180727111336","is_ascension_mode":true,"campfire_choices":[{"data":"Outmaneuver","floor":6.0,"key":"SMITH"},{"data":"Tactician","floor":12.0,"key":"SMITH"},{"floor":15.0,"key":"REST"},{"data":"Tactician","floor":23,"key":"SMITH"},{"data":"Corpse Explosion","floor":25,"key":"SMITH"},{"data":"Noxious Fumes","floor":27,"key":"SMITH"},{"data":"Acrobatics","floor":29,"key":"SMITH"},{"data":"Acrobatics","floor":32,"key":"SMITH"},{"data":"Adrenaline","floor":40,"key":"SMITH"},{"data":"Calculated Gamble","floor":42,"key":"SMITH"},{"floor":49,"key":"REST"}],"neow_cost":"TEN_PERCENT_HP_LOSS","seed_source_timestamp":0,"circlet_count":0,"master_deck":["Defend_G+1","Defend_G+1","Defend_G+1","Survivor+1","Neutralize","Underhanded Strike","Infinite Blades","Dagger Throw","Outmaneuver+1","Dagger Throw","Tactician+1","Sucker Punch","Acrobatics+1","Acrobatics+1","Underhanded Strike","Corpse Explosion+1","Tactician+1","RitualDagger","Noxious Fumes+1","Outmaneuver+1","Prepared+1","Heel Hook+1","Prepared+1","Adrenaline+1","Eviscerate+1","Blind","Calculated Gamble+1","Acrobatics+1","Heel Hook","Flechettes+1","Acrobatics+1","PiercingWail+1","Phantasmal Killer"],"special_seed":0,"relics":["Ring of the Snake","Paper Crane","Matryoshka","Runic Pyramid","Dream Catcher","War Paint","White Beast Statue","Gremlin Horn","Juzu Bracelet","Question Card","Snake Skull","Unceasing Top"],"potions_floor_usage":[22,30,30,33,33,45,45,47,50,50,50],"damage_taken":[{"damage":2.0,"enemies":"Small Slimes","floor":1.0,"turns":4.0},{"damage":0.0,"enemies":"2 Louse","floor":2.0,"turns":3.0},{"damage":0.0,"enemies":"Cultist","floor":7.0,"turns":4.0},{"damage":0.0,"enemies":"Gremlin Gang","floor":8.0,"turns":5.0},{"damage":0.0,"enemies":"Looter","floor":10.0,"turns":3.0},{"damage":5.0,"enemies":"Exordium Thugs","floor":11.0,"turns":5.0},{"damage":0.0,"enemies":"2 Fungi Beasts","floor":13.0,"turns":3.0},{"damage":18.0,"enemies":"Lagavulin","floor":14.0,"turns":5.0},{"damage":14.0,"enemies":"Hexaghost","floor":16.0,"turns":10.0},{"damage":0,"enemies":"Chosen","floor":18,"turns":5},{"damage":10,"enemies":"2 Thieves","floor":22,"turns":4},{"damage":2,"enemies":"Snecko","floor":24,"turns":5},{"damage":5,"enemies":"Slaver and Parasite","floor":30,"turns":5},{"damage":0,"enemies":"Cultist and Chosen","floor":31,"turns":4},{"damage":14,"enemies":"Collector","floor":33,"turns":8},{"damage":0,"enemies":"Flame Bruiser 1 Orb","floor":35,"turns":5},{"damage":5,"enemies":"3 Shapes","floor":37,"turns":2},{"damage":19,"enemies":"Nemesis","floor":41,"turns":7},{"damage":7,"enemies":"2 Orb Walkers","floor":44,"turns":3},{"damage":10,"enemies":"Sphere and 2 Shapes","floor":45,"turns":3},{"damage":6,"enemies":"Giant Head","floor":47,"turns":3},{"damage":0,"enemies":"4 Shapes","floor":48,"turns":2},{"damage":28,"enemies":"Time Eater","floor":50,"turns":6}],"seed_played":"-8716359004975086362","potions_obtained":[{"floor":2.0,"key":"Fire Potion"},{"floor":7.0,"key":"PowerPotion"},{"floor":11.0,"key":"EssenceOfSteel"},{"floor":14.0,"key":"LiquidBronze"},{"floor":16.0,"key":"SteroidPotion"},{"floor":22,"key":"SteroidPotion"},{"floor":24,"key":"AttackPotion"},{"floor":31,"key":"LiquidBronze"},{"floor":35,"key":"Ancient Potion"},{"floor":37,"key":"Dexterity Potion"},{"floor":41,"key":"Ancient Potion"},{"floor":44,"key":"Regen Potion"},{"floor":45,"key":"LiquidBronze"},{"floor":47,"key":"Weak Potion"},{"floor":48,"key":"Swift Potion"}],"is_trial":false,"path_per_floor":["M","M","$","?","?","R","M","M","T","M","M","R","M","E","R","B",null,"M","$","?","$","M","R","M","R","T","R","?","R","M","M","R","B",null,"M","?","M","$","?","R","E","R","T","E","M","?","E","M","R","B"],"character_chosen":"THE_SILENT","items_purchased":["Noxious Fumes"],"campfire_rested":2,"item_purchase_floors":[21],"current_hp_per_floor":[61,61,61,48,42,42,42,42,42,42,37,37,37,19,37,23,63,63,63,57,57,47,47,45,45,45,45,45,45,40,40,40,26,63,63,63,58,58,58,58,39,39,39,32,31,31,25,25,43,15],"gold":249,"neow_bonus":"TRANSFORM_TWO_CARDS","is_prod":false,"is_daily":false,"chose_seed":false,"campfire_upgraded":9,"win_rate":0,"timestamp":1532661216,"path_taken":["M","M","$","?","?","R","M","M","T","M","M","R","M","E","R","BOSS","M","$","?","$","M","R","M","R","T","R","?","R","M","?","R","BOSS","M","?","M","$","?","R","E","R","T","E","M","?","E","M","R","BOSS"],"build_version":"2018-07-26","purchased_purges":4,"victory":true,"max_hp_per_floor":[63,63,63,63,63,63,63,63,63,63,63,63,63,63,63,63,63,63,63,63,63,63,63,63,63,63,63,63,63,63,63,63,63,63,63,63,63,63,63,63,63,63,63,63,63,63,63,63,63,63],"card_choices":[{"not_picked":["Prepared","Acrobatics"],"picked":"Dagger Throw","floor":1.0},{"not_picked":["Deflect","Footwork"],"picked":"Outmaneuver","floor":2.0},{"not_picked":["Sucker Punch","Underhanded Strike"],"picked":"Dagger Throw","floor":7.0},{"not_picked":["Eviscerate","Dash"],"picked":"Tactician","floor":8.0},{"not_picked":["Reflex","Backflip"],"picked":"Sucker Punch","floor":10.0},{"not_picked":["Finisher","PiercingWail"],"picked":"Acrobatics","floor":11.0},{"not_picked":["Dagger Throw","Dagger Spray"],"picked":"Acrobatics","floor":13.0},{"not_picked":["Dodge and Roll","Footwork"],"picked":"Underhanded Strike","floor":14.0},{"not_picked":["Doppelganger","A Thousand Cuts"],"picked":"Corpse Explosion","floor":16.0},{"not_picked":["Dagger Spray","Acrobatics"],"picked":"Tactician","floor":18},{"not_picked":["Noxious Fumes","Flying Knee"],"picked":"Outmaneuver+1","floor":22},{"not_picked":["Dagger Throw","Dagger Spray"],"picked":"Prepared+1","floor":24},{"not_picked":["Masterful Stab","Poisoned Stab+1"],"picked":"Heel Hook+1","floor":30},{"not_picked":["Poisoned Stab","Bullet Time"],"picked":"Prepared+1","floor":31},{"not_picked":["Die Die Die","Tools of the Trade"],"picked":"Adrenaline","floor":33},{"not_picked":["Prepared","Deflect"],"picked":"Eviscerate+1","floor":35},{"not_picked":["Good Instincts","Mind Blast"],"picked":"Blind","floor":36},{"not_picked":["Outmaneuver+1","Cloak And Dagger"],"picked":"Calculated Gamble","floor":37},{"not_picked":["Skewer+1","Endless Agony","Poisoned Stab+1"],"picked":"SKIP","floor":41},{"not_picked":["Prepared+1","Slice+1","Backstab"],"picked":"Heel Hook","floor":44},{"not_picked":["Dodge and Roll+1","PiercingWail","Dagger Throw"],"picked":"Flechettes+1","floor":45},{"not_picked":["Slice+1","Storm of Steel","Poisoned Stab"],"picked":"Acrobatics+1","floor":47},{"not_picked":["Leg Sweep","Acrobatics+1","Flying Knee+1"],"picked":"PiercingWail+1","floor":48},{"not_picked":["Underhanded Strike+1","Deflect","Deadly Poison+1"],"picked":"Phantasmal Killer","floor":49}],"player_experience":269666,"relics_obtained":[{"floor":9.0,"key":"Paper Crane"},{"floor":14.0,"key":"Matryoshka"},{"floor":26,"key":"Dream Catcher"},{"floor":26,"key":"War Paint"},{"floor":41,"key":"Gremlin Horn"},{"floor":43,"key":"Juzu Bracelet"},{"floor":43,"key":"Question Card"},{"floor":44,"key":"Snake Skull"},{"floor":47,"key":"Unceasing Top"}],"event_choices":[{"event_name":"Shining Light","player_choice":"Entered Light","floor":4.0,"damage_taken":0.0},{"event_name":"FaceTrader","player_choice":"Touch","floor":5.0,"damage_taken":0.0},{"event_name":"Nest","player_choice":"Joined the Cult","floor":20,"damage_taken":0},{"event_name":"Ghosts","player_choice":"Ignored","floor":28,"damage_taken":0},{"event_name":"SensoryStone","player_choice":"Memory 1","floor":36,"damage_taken":0},{"event_name":"Duplicator","player_choice":"One dupe","floor":39,"damage_taken":0},{"event_name":"Falling","player_choice":"Removed Skill","floor":46,"damage_taken":0}],"is_beta":false,"boss_relics":[{"not_picked":["Velvet Choker","Eternal Feather"],"picked":"Runic Pyramid"},{"not_picked":["Snecko Eye","Black Star"],"picked":"White Beast Statue"}],"items_purged_floors":[3,19,21,38],"is_endless":false,"potions_floor_spawned":[2,7,11,13,14,16,22,24,31,35,37,41,44,45,47,48],"ascension_level":1}