{"gold_per_floor":[119,119,119,119,119,119,153,153,235,235,268,288,288,301,301,400,400,410,424,424,434,434,434,434],"floor_reached":24,"playtime":1306,"items_purged":[],"score":257,"play_id":"7f1e6a25-0718-4343-a774-7057d6c13975","local_time":"20180721123839","is_ascension_mode":true,"campfire_choices":[{"data":"Conserve Battery","floor":6,"key":"SMITH"},{"data":"Zap","floor":8,"key":"SMITH"},{"data":"Dualcast","floor":10,"key":"SMITH"},{"data":"Compile Driver","floor":13,"key":"SMITH"},{"data":"Rebound","floor":15,"key":"SMITH"},{"data":"Bite","floor":23,"key":"SMITH"}],"neow_cost":"NONE","seed_source_timestamp":62058348801366,"circlet_count":0,"master_deck":["Defend_B","Defend_B","Defend_B","Zap+1","Dualcast+1","Conserve Battery+1","Cold Snap","Compile Driver+1","Rebound+1","Thunder Strike","Melter","BootSequence","Storm+1","Bite+1","Bite","Bite","Bite","Bite"],"relics":["Inserter","Frozen Egg 2","Boot","Bottled Lightning","Eternal Feather"],"potions_floor_usage":[11,16,21],"damage_taken":[{"damage":5,"enemies":"Cultist","floor":1,"turns":4},{"damage":22,"enemies":"Lagavulin","floor":7,"turns":7},{"damage":2,"enemies":"3 Sentries","floor":11,"turns":6},{"damage":0,"enemies":"2 Louse","floor":12,"turns":2},{"damage":0,"enemies":"Jaw Worm","floor":14,"turns":3},{"damage":24,"enemies":"Hexaghost","floor":16,"turns":10},{"damage":31,"enemies":"2 Thieves","floor":18,"turns":4},{"damage":28,"enemies":"Shell Parasite","floor":19,"turns":4},{"damage":9,"enemies":"Snake Plant","floor":21,"turns":5},{"damage":54,"enemies":"Snecko","floor":24,"turns":5}],"seed_played":"9200629251141961739","potions_obtained":[{"floor":1,"key":"LiquidBronze"},{"floor":14,"key":"PowerPotion"},{"floor":19,"key":"Regen Potion"}],"is_trial":false,"path_per_floor":["M","T","?","?","?","R","E","R","T","R","E","M","R","M","R","B",null,"M","M","?","M","?","R"],"character_chosen":"DEFECT","items_purchased":[],"campfire_rested":0,"item_purchase_floors":[],"current_hp_per_floor":[70,70,63,48,53,53,31,31,31,31,29,29,29,29,29,5,80,49,21,21,26,26,35,0],"gold":434,"neow_bonus":"BOSS_RELIC","is_prod":false,"is_daily":false,"chose_seed":false,"campfire_upgraded":6,"win_rate":0,"timestamp":1532147919,"path_taken":["M","?","?","?","?","R","E","R","T","R","E","M","R","M","R","BOSS","M","M","?","M","?","R","M"],"build_version":"2018-07-19v2","purchased_purges":0,"victory":false,"max_hp_per_floor":[75,75,75,75,80,80,80,80,80,80,80,80,80,80,80,80,80,80,80,80,80,56,56,56],"card_choices":[{"not_picked":["Undo","Coolheaded"],"picked":"Conserve Battery","floor":1},{"not_picked":["Double Energy","Leap"],"picked":"Cold Snap","floor":7},{"not_picked":["Coolheaded","Streamline","Rebound"],"picked":"SKIP","floor":11},{"not_picked":["Steam","Barrage"],"picked":"Compile Driver","floor":12},{"not_picked":["Lockon","Aggregate"],"picked":"Rebound","floor":14},{"not_picked":["All For One","Amplify"],"picked":"Thunder Strike","floor":16},{"not_picked":["Streamline","Stack"],"picked":"Melter","floor":18},{"not_picked":["Scrape","Sweeping Beam+1"],"picked":"BootSequence","floor":19},{"not_picked":["Fusion","Lockon"],"picked":"Storm+1","floor":21}],"player_experience":186088,"relics_obtained":[{"floor":2,"key":"Frozen Egg 2"},{"floor":7,"key":"Boot"},{"floor":9,"key":"Bottled Lightning"}],"event_choices":[{"event_name":"Golden Wing","player_choice":"Card Removal","floor":3,"damage_taken":0},{"event_name":"Shining Light","player_choice":"Entered Light","floor":4,"damage_taken":0},{"event_name":"Big Fish","player_choice":"Donut","floor":5,"damage_taken":0},{"event_name":"Drug Dealer","player_choice":"Ignored","floor":20,"damage_taken":0},{"event_name":"Vampires","player_choice":"Became a vampire","floor":22,"damage_taken":0}],"is_beta":false,"boss_relics":[{"not_picked":["Velvet Choker","Nuclear Battery"],"picked":"Eternal Feather"}],"items_purged_floors":[],"is_endless":false,"potions_floor_spawned":[1,14,19],"killed_by":"Snecko","ascension_level":3}