{"gold_per_floor":[115,115,128,78,98,98,125,125,125,143,143,162,63,92,92,191,191,211,221,146,46,64,99,99,99],"floor_reached":25,"playtime":1352,"items_purged":["Bash","Strike_R"],"score":323,"play_id":"3a4f73a3-f699-4828-b1ef-2015c3b49852","local_time":"20180815120256","is_ascension_mode":true,"campfire_choices":[{"data":"Rampage","floor":6,"key":"SMITH"},{"data":"Uppercut","floor":8,"key":"SMITH"},{"data":"Cleave","floor":11,"key":"SMITH"},{"floor":15,"key":"REST"},{"data":"Infernal Blade","floor":24,"key":"SMITH"}],"neow_cost":"PERCENT_DAMAGE","seed_source_timestamp":103610472647834,"circlet_count":0,"master_deck":["Strike_R","Defend_R+1","Defend_R+1","Uppercut+1","Rampage+1","Cleave+1","Infernal Blade+1","True Grit","Impervious"],"relics":["Burning Blood","Gremlin Horn","War Paint","Turnip","Velvet Choker","Champion Belt"],"potions_floor_usage":[7,14,23],"damage_taken":[{"damage":3,"enemies":"2 Louse","floor":1,"turns":3},{"damage":5,"enemies":"Small Slimes","floor":3,"turns":5},{"damage":4,"enemies":"Jaw Worm","floor":5,"turns":4},{"damage":36,"enemies":"3 Sentries","floor":7,"turns":7},{"damage":6,"enemies":"Looter","floor":10,"turns":3},{"damage":12,"enemies":"Exordium Wildlife","floor":12,"turns":3},{"damage":13,"enemies":"Gremlin Nob","floor":14,"turns":4},{"damage":17,"enemies":"The Guardian","floor":16,"turns":8},{"damage":17,"enemies":"3 Byrds","floor":18,"turns":5},{"damage":0,"enemies":"Spheric Guardian","floor":19,"turns":4},{"damage":0,"enemies":"Snake Plant","floor":22,"turns":3},{"damage":40,"enemies":"Slavers","floor":23,"turns":7},{"damage":37,"enemies":"Book of Stabbing","floor":25,"turns":4}],"seed_played":"-6244873649691628567","potions_obtained":[{"floor":1,"key":"EssenceOfSteel"},{"floor":10,"key":"Strength Potion"},{"floor":12,"key":"SteroidPotion"},{"floor":19,"key":"Poison Potion"},{"floor":23,"key":"Energy Potion"}],"is_trial":false,"path_per_floor":["M","?","M","?","M","R","E","R","T","M","R","M","$","E","R","B",null,"M","M","?","$","M","E","R"],"character_chosen":"IRONCLAD","items_purchased":["True Grit"],"campfire_rested":1,"item_purchase_floors":[13],"current_hp_per_floor":[54,54,55,55,57,57,27,27,27,27,27,21,21,14,38,27,67,56,62,62,62,68,34,34,0],"gold":99,"neow_bonus":"REMOVE_TWO","is_prod":false,"is_daily":false,"chose_seed":false,"campfire_upgraded":4,"win_rate":0,"timestamp":1534305776,"path_taken":["M","?","M","?","M","R","E","R","T","M","R","M","$","E","R","BOSS","M","M","?","$","M","E","R","E"],"build_version":"2018-08-09","purchased_purges":2,"victory":false,"max_hp_per_floor":[80,80,80,80,80,80,80,80,80,80,80,80,80,80,80,80,80,80,80,80,80,80,80,80,80],"card_choices":[{"not_picked":["Carnage","Flex"],"picked":"Uppercut","floor":1},{"not_picked":["Armaments","Rupture","Inflame"],"picked":"SKIP","floor":3},{"not_picked":["Iron Wave","Flex"],"picked":"Rampage","floor":5},{"not_picked":["Iron Wave","Bloodletting","Rage"],"picked":"SKIP","floor":7},{"not_picked":["Headbutt","Heavy Blade"],"picked":"Cleave","floor":10},{"not_picked":["Thunderclap","Power Through"],"picked":"Infernal Blade","floor":12},{"not_picked":["Spot Weakness","Rage","Flex"],"picked":"SKIP","floor":14},{"not_picked":["Limit Break","Barricade"],"picked":"Impervious","floor":16},{"not_picked":["Anger","Body Slam","Spot Weakness"],"picked":"SKIP","floor":18},{"not_picked":["Battle Trance+1","Clothesline","Feel No Pain"],"picked":"SKIP","floor":19},{"not_picked":["Havoc","Sword Boomerang","Heavy Blade"],"picked":"SKIP","floor":22},{"not_picked":["Havoc","Sword Boomerang","Heavy Blade"],"picked":"SKIP","floor":22},{"not_picked":["Bludgeon","Twin Strike","Wild Strike+1"],"picked":"SKIP","floor":23}],"player_experience":450171,"relics_obtained":[{"floor":7,"key":"Gremlin Horn"},{"floor":9,"key":"War Paint"},{"floor":14,"key":"Turnip"},{"floor":23,"key":"Champion Belt"}],"event_choices":[{"event_name":"Living Wall","player_choice":"Forget","floor":2,"damage_taken":0},{"event_name":"The Cleric","player_choice":"Card Removal","floor":4,"damage_taken":0},{"event_name":"Beggar","player_choice":"Gave Gold","floor":20,"damage_taken":0}],"is_beta":false,"boss_relics":[{"not_picked":["Empty Cage","Busted Crown"],"picked":"Velvet Choker"}],"items_purged_floors":[13,21],"is_endless":false,"potions_floor_spawned":[1,10,12,19,23],"killed_by":"Book of Stabbing","ascension_level":8}