{"gold_per_floor":[119,119,139,154,79,105,117,117,117,17,17,17],"floor_reached":12,"playtime":299,"items_purged":["Strike_R","Strike_R"],"score":125,"play_id":"8e3b5cfd-5a83-4c3b-8903-920f2595dde6","local_time":"20181215132416","is_ascension_mode":true,"campfire_choices":[{"data":"Defend_R","floor":8,"key":"SMITH"},{"floor":11,"key":"REST"}],"neow_cost":"NONE","seed_source_timestamp":241587500275231,"circlet_count":0,"master_deck":["AscendersBane","Strike_R","Strike_R","Strike_R","Defend_R+1","Defend_R","Defend_R","Defend_R","Bash+1"],"relics":["Burning Blood","NeowsBlessing","Nunchaku","Prayer Wheel"],"potions_floor_usage":[12,12,12],"damage_taken":[{"damage":0,"enemies":"Cultist","floor":1,"turns":1},{"damage":0,"enemies":"Small Slimes","floor":3,"turns":1},{"damage":0,"enemies":"Jaw Worm","floor":4,"turns":1},{"damage":60,"enemies":"Lagavulin","floor":6,"turns":7},{"damage":17,"enemies":"2 Fungi Beasts","floor":7,"turns":5},{"damage":40,"enemies":"3 Sentries","floor":12,"turns":9}],"seed_played":"5628081990359817409","potions_obtained":[{"floor":4,"key":"EntropicBrew"},{"floor":6,"key":"Dexterity Potion"}],"is_trial":false,"path_per_floor":["M","?","M","M","$","E","M","R","T","$","R","E"],"character_chosen":"IRONCLAD","items_purchased":[],"campfire_rested":1,"item_purchase_floors":[],"current_hp_per_floor":[78,78,80,80,80,26,15,15,15,15,39,0],"gold":17,"neow_bonus":"THREE_ENEMY_KILL","is_prod":false,"is_daily":false,"chose_seed":false,"campfire_upgraded":1,"win_rate":0,"timestamp":1544851456,"path_taken":["M","?","?","M","$","E","M","R","T","$","R","E"],"build_version":"2018-12-13","purchased_purges":2,"victory":false,"max_hp_per_floor":[80,80,80,80,80,80,80,80,80,80,80,80],"card_choices":[{"not_picked":["Havoc","Feel No Pain","Armaments"],"picked":"SKIP","floor":1},{"not_picked":["Shockwave","Entrench","Havoc"],"picked":"SKIP","floor":3},{"not_picked":["Thunderclap","Sentinel","Body Slam"],"picked":"SKIP","floor":4},{"not_picked":["Rupture","Spot Weakness","Fire Breathing"],"picked":"SKIP","floor":6},{"not_picked":["Armaments","Carnage","Reckless Charge"],"picked":"SKIP","floor":7}],"player_experience":571862,"relics_obtained":[{"floor":6,"key":"Nunchaku"},{"floor":9,"key":"Prayer Wheel"}],"event_choices":[{"damage_healed":0,"gold_gain":0,"player_choice":"Forge","damage_taken":0,"max_hp_gain":0,"max_hp_loss":0,"event_name":"Accursed Blacksmith","floor":2,"gold_loss":0,"cards_upgraded":["Bash"]}],"is_beta":false,"boss_relics":[],"items_purged_floors":[5,10],"is_endless":false,"potions_floor_spawned":[4,6],"killed_by":"3 Sentries","ascension_level":12}