{"gold_per_floor":[114,129,144,104,104,104,134,149,149,149,74,89,104,4,4,104,104,119,134,134,149,164,164,4,4,4,19,34,34,49,64,64,164,164,179,19,19,0,15,45,45,4,54,69,84,84,99,99],"floor_reached":48,"playtime":2962,"items_purged":["Strike_R","Strike_R","Defend_R"],"score":518,"play_id":"142d33af-b0de-4792-8f88-0498412ff84e","local_time":"20180731072803","daily_mods":["Diverse","Lethality","Terminal"],"is_ascension_mode":false,"campfire_choices":[{"data":"Bash","floor":6,"key":"SMITH"},{"data":"Machine Learning","floor":10,"key":"SMITH"},{"data":"Cloak And Dagger","floor":15,"key":"SMITH"},{"data":"Corpse Explosion","floor":23,"key":"SMITH"},{"data":"Noxious Fumes","floor":25,"key":"SMITH"},{"data":"White Noise","floor":32,"key":"SMITH"},{"data":"Feed","floor":41,"key":"SMITH"},{"data":"Bullet Time","floor":46,"key":"SMITH"}],"neow_cost":"","seed_source_timestamp":0,"circlet_count":0,"master_deck":["Defend_R","Defend_R","Defend_R","Bash+1","Cloak And Dagger+1","Shrug It Off","Cold Snap","Machine Learning+1","Corpse Explosion+1","Clash+1","Bite","Bite","Bite","Bite","Bite","Conserve Battery+1","Noxious Fumes+1","Backflip+1","White Noise+1","Feed+1","True Grit+1","Heavy Blade","Bullet Time+1","Auto Shields"],"special_seed":17742,"relics":["Burning Blood","Singing Bowl","Self Forming Clay","Letter Opener","Velvet Choker","The Courier","Mercury Hourglass","White Beast Statue","Strange Spoon","Red Mask","Omamori","Regal Pillow"],"potions_floor_usage":[14,16,31,33,40,40,45,47],"damage_taken":[{"damage":0,"enemies":"Cultist","floor":1,"turns":2},{"damage":5,"enemies":"Jaw Worm","floor":2,"turns":3},{"damage":0,"enemies":"2 Louse","floor":3,"turns":2},{"damage":40,"enemies":"Lagavulin","floor":7,"turns":8},{"damage":0,"enemies":"Blue Slaver","floor":8,"turns":4},{"damage":7,"enemies":"2 Fungi Beasts","floor":12,"turns":4},{"damage":14,"enemies":"3 Louse","floor":13,"turns":3},{"damage":19,"enemies":"The Guardian","floor":16,"turns":12},{"damage":34,"enemies":"3 Byrds","floor":18,"turns":4},{"damage":11,"enemies":"2 Thieves","floor":19,"turns":3},{"damage":2,"enemies":"Cultist and Chosen","floor":21,"turns":6},{"damage":19,"enemies":"Snake Plant","floor":22,"turns":3},{"damage":13,"enemies":"Chosen and Byrds","floor":27,"turns":5},{"damage":11,"enemies":"Cultist and Chosen","floor":28,"turns":3},{"damage":24,"enemies":"Snake Plant","floor":30,"turns":4},{"damage":0,"enemies":"3 Cultists","floor":31,"turns":2},{"damage":32,"enemies":"Automaton","floor":33,"turns":9},{"damage":9,"enemies":"3 Darklings","floor":35,"turns":3},{"damage":2,"enemies":"Orb Walker","floor":39,"turns":2},{"damage":38,"enemies":"Nemesis","floor":40,"turns":9},{"damage":21,"enemies":"3 Darklings","floor":44,"turns":3},{"damage":13,"enemies":"Maw","floor":45,"turns":7},{"damage":28,"enemies":"Spire Growth","floor":47,"turns":6},{"damage":30,"enemies":"2 Orb Walkers","floor":48,"turns":2}],"seed_played":"3676121671515635212","potions_obtained":[{"floor":2,"key":"Ancient Potion"},{"floor":7,"key":"Energy Potion"},{"floor":8,"key":"SpeedPotion"},{"floor":13,"key":"Fruit Juice"},{"floor":16,"key":"FearPotion"},{"floor":19,"key":"Energy Potion"},{"floor":22,"key":"EssenceOfSteel"},{"floor":31,"key":"Ancient Potion"},{"floor":35,"key":"Energy Potion"},{"floor":39,"key":"Weak Potion"},{"floor":40,"key":"Ancient Potion"},{"floor":44,"key":"GamblersBrew"},{"floor":45,"key":"Fire Potion"},{"floor":47,"key":"GamblersBrew"}],"is_trial":false,"path_per_floor":["M","M","M","?","?","R","E","M","T","R","$","M","M","$","R","B",null,"M","M","?","M","M","R","$","R","T","M","M","T","M","M","R","B",null,"M","$","?","?","M","E","R","$","T","M","M","R","M"],"character_chosen":"IRONCLAD","items_purchased":["Noxious Fumes","Strange Spoon","Heavy Blade"],"campfire_rested":0,"item_purchase_floors":[24,36,42],"current_hp_per_floor":[78,77,76,75,72,72,38,46,46,46,46,47,41,46,46,33,73,45,42,42,51,40,40,40,40,40,45,44,43,37,45,44,32,42,41,41,43,42,46,30,30,30,30,21,26,26,18,0],"gold":99,"neow_bonus":"","is_prod":false,"is_daily":true,"chose_seed":false,"campfire_upgraded":8,"win_rate":0,"timestamp":1532993283,"path_taken":["M","M","M","?","?","R","E","M","T","R","$","M","M","?","R","BOSS","M","M","?","M","M","R","$","R","T","M","M","?","?","M","R","BOSS","M","$","?","?","M","E","R","$","T","M","M","R","?","E"],"build_version":"2018-07-26","purchased_purges":3,"victory":false,"max_hp_per_floor":[78,77,76,75,74,73,72,73,72,71,70,71,72,76,75,74,73,72,73,50,51,50,49,48,47,46,45,44,43,44,45,44,43,42,43,42,43,42,46,45,44,43,42,43,42,41,44,44],"card_choices":[{"not_picked":["True Grit","Havoc"],"picked":"Cloak And Dagger","floor":1},{"not_picked":["Hologram","Body Slam"],"picked":"Shrug It Off","floor":2},{"not_picked":["Steam","Combust"],"picked":"Cold Snap","floor":3},{"not_picked":["Tactician","Rebound"],"picked":"Machine Learning","floor":7},{"not_picked":["Redo","Sucker Punch","Backflip"],"picked":"Singing Bowl","floor":8},{"not_picked":["Sweeping Beam","Cloak And Dagger","Rampage"],"picked":"Singing Bowl","floor":12},{"not_picked":["Coolheaded","Anger","Perfected Strike"],"picked":"Singing Bowl","floor":13},{"not_picked":["Storm of Steel","Impervious"],"picked":"Corpse Explosion","floor":16},{"not_picked":["Conserve Battery","Wild Strike"],"picked":"Clash+1","floor":18},{"not_picked":["Compile Driver","Cold Snap","Dodge and Roll"],"picked":"Singing Bowl","floor":19},{"not_picked":["Beam Cell","Escape Plan","Sweeping Beam"],"picked":"Singing Bowl","floor":21},{"not_picked":["Beam Cell","Capacitor"],"picked":"Conserve Battery+1","floor":22},{"not_picked":["Prepared","BootSequence"],"picked":"Backflip+1","floor":27},{"not_picked":["Dash+1","Rip and Tear"],"picked":"White Noise","floor":28},{"not_picked":["Combust","Malaise","Perfected Strike"],"picked":"Singing Bowl","floor":30},{"not_picked":["Quick Slash+1","Shrug It Off","Sucker Punch"],"picked":"Singing Bowl","floor":31},{"not_picked":["Rainbow","Exhume"],"picked":"Feed","floor":33},{"not_picked":["Riddle With Holes+1","Rip and Tear","Quick Slash"],"picked":"Singing Bowl","floor":35},{"not_picked":["Deep Breath","Master of Strategy","Good Instincts"],"picked":"Singing Bowl","floor":37},{"not_picked":["Burning Pact","Rupture","Blizzard+1"],"picked":"Singing Bowl","floor":39},{"not_picked":["Dagger Spray","Coolheaded+1"],"picked":"True Grit+1","floor":40},{"not_picked":["Dagger Spray+1","Clothesline","Backflip"],"picked":"Singing Bowl","floor":44},{"not_picked":["Flex+1","Deflect"],"picked":"Bullet Time","floor":45},{"not_picked":["Backflip","Skim+1"],"picked":"Auto Shields","floor":47}],"player_experience":293812,"relics_obtained":[{"floor":7,"key":"Self Forming Clay"},{"floor":9,"key":"Letter Opener"},{"floor":26,"key":"The Courier"},{"floor":29,"key":"Mercury Hourglass"},{"floor":40,"key":"Omamori"},{"floor":43,"key":"Regal Pillow"}],"event_choices":[{"event_name":"World of Goop","player_choice":"Left","floor":4,"damage_taken":0},{"event_name":"Scrap Ooze","player_choice":"success","floor":5,"damage_taken":3},{"event_name":"Vampires","player_choice":"Became a vampire","floor":20,"damage_taken":0},{"event_name":"SensoryStone","player_choice":"Memory 1","floor":37,"damage_taken":0},{"event_name":"Tomb of Lord Red Mask","player_choice":"Paid","floor":38,"damage_taken":0}],"is_beta":false,"boss_relics":[{"not_picked":["Orrery","Runic Cube"],"picked":"Velvet Choker"},{"not_picked":["Philosopher\u0027s Stone","Eternal Feather"],"picked":"White Beast Statue"}],"items_purged_floors":[11,14,24],"is_endless":false,"potions_floor_spawned":[2,7,8,13,16,19,21,22,31,35,39,40,44,45,47],"killed_by":"2 Orb Walkers","ascension_level":0}