{"gold_per_floor":[13,13,25,37,51,51,69,100,139,171,183,207,219,258,270,353,365,396,333,345,71,82,82,82,110,133,133,33,33],"floor_reached":29,"playtime":1292,"items_purged":["Reaper+1","Defend_R"],"score":419,"play_id":"b6b4f8ca-98b3-41be-ba4a-14cd7f06f0ce","local_time":"20181228104619","is_ascension_mode":true,"campfire_choices":[{"data":"Corruption","floor":6,"key":"SMITH"},{"data":"Whirlwind","floor":11,"key":"SMITH"},{"data":"Clothesline","floor":15,"key":"SMITH"},{"data":"Spot Weakness","floor":23,"key":"SMITH"},{"data":"Bash","floor":27,"key":"SMITH"}],"neow_cost":"NO_GOLD","seed_source_timestamp":579104935247082,"circlet_count":0,"master_deck":["AscendersBane","Defend_R","Bash+1","Corruption+1","Clothesline+1","Spot Weakness+1","Cleave","Whirlwind+1","Dropkick","Ghostly Armor","Rampage+1","Double Tap+1","Headbutt","RitualDagger"],"relics":["Burning Blood","MawBank","Anchor","Pen Nib","Astrolabe","Brimstone","Red Mask","Red Skull"],"potions_floor_usage":[7,8,16,18,29],"damage_taken":[{"damage":4,"enemies":"Small Slimes","floor":1,"turns":4},{"damage":1,"enemies":"Cultist","floor":3,"turns":4},{"damage":0,"enemies":"2 Louse","floor":4,"turns":3},{"damage":23,"enemies":"2 Fungi Beasts","floor":5,"turns":5},{"damage":14,"enemies":"Large Slime","floor":7,"turns":9},{"damage":15,"enemies":"3 Sentries","floor":8,"turns":4},{"damage":1,"enemies":"3 Louse","floor":10,"turns":2},{"damage":15,"enemies":"Looter","floor":12,"turns":4},{"damage":8,"enemies":"Gremlin Nob","floor":14,"turns":4},{"damage":28,"enemies":"Slime Boss","floor":16,"turns":7},{"damage":13,"enemies":"Spheric Guardian","floor":18,"turns":4},{"damage":41,"enemies":"Colosseum Slavers","floor":20,"turns":4},{"damage":11,"enemies":"Chosen","floor":22,"turns":4},{"damage":0,"enemies":"Masked Bandits","floor":25,"turns":2},{"damage":29,"enemies":"Snake Plant","floor":29,"turns":2}],"seed_played":"1398328371773721513","potions_obtained":[{"floor":1,"key":"Regen Potion"},{"floor":3,"key":"FearPotion"},{"floor":7,"key":"AttackPotion"},{"floor":10,"key":"Explosive Potion"},{"floor":16,"key":"Fire Potion"},{"floor":22,"key":"Explosive Potion"}],"is_trial":false,"path_per_floor":["M","?","M","M","M","R","M","E","T","M","R","M","$","E","R","B",null,"M","?","?","$","M","R","?","?","T","R","$","M"],"character_chosen":"IRONCLAD","items_purchased":["Brimstone"],"campfire_rested":0,"item_purchase_floors":[21],"current_hp_per_floor":[70,70,75,75,58,58,65,56,56,61,61,52,52,50,50,28,63,56,56,31,31,26,26,20,26,26,26,26,0],"gold":33,"neow_bonus":"REMOVE_TWO","is_prod":false,"is_daily":false,"chose_seed":false,"campfire_upgraded":5,"win_rate":0,"timestamp":1545965179,"path_taken":["M","?","M","M","?","R","M","E","T","M","R","M","$","E","R","BOSS","M","?","?","$","M","R","?","?","T","R","$","M"],"build_version":"2018-12-20","purchased_purges":2,"victory":false,"max_hp_per_floor":[75,75,75,75,75,75,75,75,75,75,75,75,75,75,75,75,75,75,75,75,75,75,75,75,75,75,75,75,75],"card_choices":[{"not_picked":["Intimidate","Perfected Strike","Warcry"],"picked":"SKIP","floor":1},{"not_picked":["Body Slam","Heavy Blade","Clash"],"picked":"SKIP","floor":3},{"not_picked":["Anger","Reaper"],"picked":"Clothesline","floor":4},{"not_picked":["Wild Strike","Disarm"],"picked":"Spot Weakness","floor":5},{"not_picked":["Body Slam","Flex"],"picked":"Cleave","floor":7},{"not_picked":["Disarm","Rampage"],"picked":"Whirlwind","floor":8},{"not_picked":["Reckless Charge","True Grit"],"picked":"Dropkick","floor":10},{"not_picked":["Twin Strike","Warcry"],"picked":"Ghostly Armor","floor":12},{"not_picked":["Disarm","Perfected Strike","Combust"],"picked":"SKIP","floor":14},{"not_picked":["Evolve","Sentinel"],"picked":"Headbutt","floor":18},{"not_picked":["Uppercut","Headbutt","Hemokinesis"],"picked":"SKIP","floor":22}],"player_experience":625753,"relics_obtained":[{"floor":8,"key":"MawBank"},{"floor":9,"key":"Anchor"},{"floor":14,"key":"Pen Nib"},{"floor":25,"key":"Red Mask"},{"floor":26,"key":"Red Skull"}],"event_choices":[{"damage_healed":0,"gold_gain":0,"cards_transformed":["Strike_R"],"player_choice":"Transformed","damage_taken":0,"max_hp_gain":0,"max_hp_loss":0,"event_name":"Transmorgrifier","floor":2,"gold_loss":0,"cards_obtained":["Corruption"]},{"cards_removed":["Defend_R"],"damage_healed":0,"gold_gain":0,"player_choice":"Gave Gold","damage_taken":0,"max_hp_gain":0,"max_hp_loss":0,"event_name":"Beggar","floor":19,"gold_loss":75},{"damage_healed":0,"gold_gain":0,"player_choice":"Fight","damage_taken":0,"max_hp_gain":0,"max_hp_loss":0,"event_name":"Colosseum","floor":20,"gold_loss":0},{"damage_healed":0,"gold_gain":0,"player_choice":"Fled From Nobs","damage_taken":0,"max_hp_gain":0,"max_hp_loss":0,"event_name":"Colosseum","floor":20,"gold_loss":0},{"damage_healed":0,"gold_gain":0,"player_choice":"Joined the Cult","damage_taken":6,"max_hp_gain":0,"max_hp_loss":0,"event_name":"Nest","floor":24,"gold_loss":0,"cards_obtained":["RitualDagger"]},{"damage_healed":0,"gold_gain":0,"player_choice":"Fought Bandits","damage_taken":0,"max_hp_gain":0,"max_hp_loss":0,"event_name":"Masked Bandits","floor":25,"gold_loss":0}],"is_beta":false,"boss_relics":[{"not_picked":["Eternal Feather","White Beast Statue"],"picked":"Astrolabe"}],"items_purged_floors":[21,28],"is_endless":false,"potions_floor_spawned":[1,3,7,10,16,22],"killed_by":"Snake Plant","ascension_level":16}