{"gold_per_floor":[116,116,116,130,130,130,130,130,183,258,274,29,29,29,29,131,131,149,149,149,168,91,91],"floor_reached":23,"playtime":817,"items_purged":["Strike_R"],"score":201,"play_id":"3dba63ac-00be-40af-b43e-053c68b0849b","local_time":"20180809233806","is_ascension_mode":true,"campfire_choices":[{"data":"Body Slam","floor":6,"key":"SMITH"},{"data":"Feed","floor":8,"key":"SMITH"},{"data":"Armaments","floor":13,"key":"SMITH"},{"data":"Bash","floor":15,"key":"SMITH"}],"neow_cost":"NONE","seed_source_timestamp":316881619268419,"circlet_count":0,"master_deck":["Strike_R","Defend_R","Defend_R","Defend_R","Defend_R","Bash+1","Sever Soul","Body Slam+1","Feed+1","Armaments+1","Feed","Demon Form","RitualDagger","J.A.X."],"relics":["Burning Blood","Dream Catcher","Juzu Bracelet","Black Star"],"potions_floor_usage":[16,16,16,16,21],"damage_taken":[{"damage":2,"enemies":"Small Slimes","floor":1,"turns":4},{"damage":9,"enemies":"Jaw Worm","floor":4,"turns":3},{"damage":0,"enemies":"Cultist","floor":11,"turns":4},{"damage":29,"enemies":"Slime Boss","floor":16,"turns":10},{"damage":37,"enemies":"Shell Parasite","floor":18,"turns":6},{"damage":51,"enemies":"3 Byrds","floor":21,"turns":7},{"damage":71,"enemies":"3 Cultists","floor":23,"turns":5}],"seed_played":"-4278009547682119882","potions_obtained":[{"floor":1,"key":"AttackPotion"},{"floor":4,"key":"EntropicBrew"},{"floor":18,"key":"Regen Potion"}],"is_trial":false,"path_per_floor":["M","?","?","M","?","R","?","R","T","?","M","$","R","$","R","B",null,"M","?","?","M","?"],"character_chosen":"IRONCLAD","items_purchased":["Armaments","Feed"],"campfire_rested":0,"item_purchase_floors":[12,12],"current_hp_per_floor":[80,73,73,70,45,45,45,45,45,34,44,44,44,44,44,21,84,53,47,75,52,52,0],"gold":91,"neow_bonus":"TRANSFORM_CARD","is_prod":false,"is_daily":false,"chose_seed":false,"campfire_upgraded":4,"win_rate":0,"timestamp":1533829086,"path_taken":["M","?","?","M","?","R","?","R","T","?","M","$","R","?","R","BOSS","M","?","?","M","?","M"],"build_version":"2018-08-02","purchased_purges":1,"victory":false,"max_hp_per_floor":[80,80,80,80,80,80,80,80,80,80,84,84,84,84,84,84,84,84,84,84,91,91,94],"card_choices":[{"not_picked":["Dropkick","Anger"],"picked":"Body Slam","floor":1},{"not_picked":["Heavy Blade","Anger","Sword Boomerang"],"picked":"SKIP","floor":4},{"not_picked":["Anger","True Grit","Hemokinesis"],"picked":"SKIP","floor":11},{"not_picked":["Bludgeon","Fiend Fire"],"picked":"Demon Form","floor":16},{"not_picked":["Heavy Blade","Perfected Strike","Flex"],"picked":"SKIP","floor":18},{"not_picked":["Rupture","Rage","Dual Wield"],"picked":"SKIP","floor":21}],"player_experience":327767,"relics_obtained":[{"floor":9,"key":"Juzu Bracelet"}],"event_choices":[{"event_name":"Golden Wing","player_choice":"Card Removal","floor":2,"damage_taken":0},{"event_name":"Living Wall","player_choice":"Forget","floor":3,"damage_taken":0},{"event_name":"Scrap Ooze","player_choice":"success","floor":5,"damage_taken":25},{"event_name":"Match and Keep!","player_choice":"1 cards matched","floor":7,"damage_taken":0},{"event_name":"World of Goop","player_choice":"Gather Gold","floor":10,"damage_taken":0},{"event_name":"Nest","player_choice":"Joined the Cult","floor":19,"damage_taken":0},{"event_name":"The Library","player_choice":"Heal","floor":20,"damage_taken":0},{"event_name":"Drug Dealer","player_choice":"Got JAXXED","floor":22,"damage_taken":0}],"is_beta":false,"boss_relics":[{"not_picked":["Astrolabe","Runic Cube"],"picked":"Black Star"}],"items_purged_floors":[12],"is_endless":false,"potions_floor_spawned":[1,4,18],"killed_by":"3 Cultists","ascension_level":3}