{"gold_per_floor":[117,117,130,140,140,169,169,169,169,196,208,252,280,89,89,167,167,184,202,219,219,237,237,56,56,83,110,121,155,155,166,166,240,240,258,271,289,67,67,67,95,111,111,111,130,130,18,18,18,18],"floor_reached":51,"playtime":4196,"items_purged":["Strike_B","Defend_B"],"score":1492,"play_id":"847a2f77-cab5-40a9-afd1-ce749afa3ef4","local_time":"20190610184337","is_ascension_mode":true,"campfire_choices":[{"floor":7,"key":"REST"},{"floor":11,"key":"REST"},{"data":"Defragment","floor":15,"key":"SMITH"},{"data":"Buffer","floor":23,"key":"SMITH"},{"floor":25,"key":"REST"},{"data":"Defend_B","floor":32,"key":"PURGE"},{"data":"Hologram","floor":40,"key":"SMITH"},{"data":"Hologram","floor":46,"key":"SMITH"},{"data":"Defend_B+1","floor":49,"key":"PURGE"}],"neow_cost":"NONE","seed_source_timestamp":1990690233661261,"circlet_count":0,"master_deck":["AscendersBane","Defend_B+1","Zap+1","Dualcast+1","Electrodynamics+1","Steam+1","Hologram+1","BootSequence+1","Hologram+1","Leap+1","Conserve Battery+1","BootSequence+1","Defragment+1","Core Surge+1","Buffer+1","Core Surge+1","Gash+1","Gash+1","RitualDagger+1","Echo Form+1","Leap+1","Steam+1","FTL+1","Transmutation+1"],"relics":["Cracked Core","Incense Burner","Ice Cream","MawBank","Peace Pipe","Runic Pyramid","Oddly Smooth Stone","Whetstone","Dodecahedron","Nuclear Battery","Anchor","Bottled Tornado","Potion Belt","Mark of the Bloom"],"potions_floor_usage":[6,10,16,27,29,41,41,50,50],"damage_taken":[{"damage":7,"enemies":"Jaw Worm","floor":1,"turns":3},{"damage":0,"enemies":"2 Louse","floor":3,"turns":1},{"damage":1,"enemies":"Cultist","floor":4,"turns":3},{"damage":32,"enemies":"Lagavulin","floor":6,"turns":7},{"damage":14,"enemies":"Gremlin Nob","floor":10,"turns":3},{"damage":1,"enemies":"3 Sentries","floor":12,"turns":4},{"damage":0,"enemies":"Blue Slaver","floor":13,"turns":4},{"damage":11,"enemies":"The Guardian","floor":16,"turns":10},{"damage":6,"enemies":"2 Thieves","floor":18,"turns":3},{"damage":0,"enemies":"Spheric Guardian","floor":19,"turns":4},{"damage":5,"enemies":"Cultist and Chosen","floor":20,"turns":6},{"damage":2,"enemies":"Centurion and Healer","floor":22,"turns":5},{"damage":10,"enemies":"Gremlin Leader","floor":27,"turns":6},{"damage":0,"enemies":"Sentry and Sphere","floor":28,"turns":7},{"damage":21,"enemies":"Book of Stabbing","floor":29,"turns":6},{"damage":3,"enemies":"3 Cultists","floor":31,"turns":5},{"damage":0,"enemies":"Champ","floor":33,"turns":12},{"damage":2,"enemies":"Orb Walker","floor":35,"turns":4},{"damage":0,"enemies":"3 Shapes","floor":36,"turns":2},{"damage":0,"enemies":"Maw","floor":37,"turns":8},{"damage":8,"enemies":"Reptomancer","floor":41,"turns":8},{"damage":0,"enemies":"Sphere and 2 Shapes","floor":42,"turns":3},{"damage":0,"enemies":"Writhing Mass","floor":45,"turns":6},{"damage":0,"enemies":"Donu and Deca","floor":50,"turns":10}],"seed_played":"758828647954039448","potions_obtained":[{"floor":4,"key":"SkillPotion"},{"floor":6,"key":"FocusPotion"},{"floor":12,"key":"Energy Potion"},{"floor":16,"key":"SpeedPotion"},{"floor":28,"key":"Ancient Potion"},{"floor":29,"key":"EssenceOfSteel"},{"floor":42,"key":"Strength Potion"}],"is_trial":false,"path_per_floor":["M","?","M","M","?","E","R","?","T","E","R","E","M","$","R","B",null,"M","M","M","?","M","R","$","R","T","E","M","E","?","M","R","B",null,"M","M","M","$","?","R","E","M","T","?","M","R","$","?","R","B",null],"character_chosen":"DEFECT","items_purchased":["Defragment","Dexterity Potion","Regen Potion","Weak Potion","Anchor","Block Potion","SpeedPotion"],"campfire_rested":3,"item_purchase_floors":[14,14,24,38,38,47,47],"current_hp_per_floor":[57,36,36,35,35,3,24,17,17,3,24,23,23,23,23,12,56,50,50,45,45,43,43,43,64,64,54,54,48,42,39,39,39,63,61,61,61,61,61,61,53,53,53,53,53,53,53,53,53,53],"gold":18,"neow_bonus":"ONE_RANDOM_RARE_CARD","is_prod":false,"is_daily":false,"chose_seed":false,"campfire_upgraded":4,"win_rate":0,"timestamp":1560206617,"path_taken":["M","?","M","M","?","E","R","?","T","E","R","E","M","?","R","BOSS","M","M","?","?","M","R","$","R","T","E","M","E","?","M","R","BOSS","M","M","M","$","?","R","E","M","T","?","M","R","$","?","R","BOSS"],"build_version":"2019-01-23","purchased_purges":2,"victory":true,"max_hp_per_floor":[71,71,71,71,71,71,71,71,71,71,71,71,71,71,71,71,71,71,71,71,71,71,71,71,71,71,71,71,71,71,71,71,71,71,71,71,71,71,71,71,71,71,71,71,71,71,71,71,71,71],"card_choices":[{"not_picked":["Heatsinks","Barrage"],"picked":"Steam","floor":1},{"not_picked":["Melter","Force Field"],"picked":"Hologram","floor":3},{"not_picked":["Hologram","Static Discharge"],"picked":"BootSequence","floor":4},{"not_picked":["Rebound","Skim"],"picked":"Hologram","floor":6},{"not_picked":["Cold Snap","Melter"],"picked":"Leap","floor":10},{"not_picked":["Reboot","Streamline"],"picked":"Conserve Battery","floor":12},{"not_picked":["Gash","Sweeping Beam"],"picked":"BootSequence","floor":13},{"not_picked":["All For One","Biased Cognition"],"picked":"Core Surge","floor":16},{"not_picked":["Storm","Chaos","Scrape"],"picked":"SKIP","floor":18},{"not_picked":["Rebound","Streamline","Fusion"],"picked":"SKIP","floor":19},{"not_picked":["Cold Snap","Go for the Eyes"],"picked":"Buffer","floor":20},{"not_picked":["Sunder","Tempest","Stack"],"picked":"SKIP","floor":22},{"not_picked":["Sunder","Tempest","Stack"],"picked":"SKIP","floor":22},{"not_picked":["Sunder","Tempest","Stack"],"picked":"SKIP","floor":22},{"not_picked":["Doom and Gloom","Rebound","Coolheaded"],"picked":"SKIP","floor":27},{"not_picked":["Force Field","Redo"],"picked":"Gash","floor":28},{"not_picked":["Heatsinks","Static Discharge","Coolheaded"],"picked":"SKIP","floor":29},{"not_picked":["Stack","Redo","Compile Driver"],"picked":"SKIP","floor":31},{"not_picked":["Hyperbeam","Machine Learning"],"picked":"Echo Form","floor":33},{"not_picked":["Hologram","Coolheaded","Chaos+1"],"picked":"SKIP","floor":35},{"not_picked":["Turbo","Compile Driver"],"picked":"Leap+1","floor":36},{"not_picked":["Rebound","Self Repair"],"picked":"Steam","floor":37},{"not_picked":["Sweeping Beam+1","Redo+1","Multi-Cast"],"picked":"SKIP","floor":41},{"not_picked":["Redo","Sweeping Beam"],"picked":"FTL","floor":42},{"not_picked":["The Bomb","Blind"],"picked":"Transmutation","floor":44},{"not_picked":["Conserve Battery","Go for the Eyes","Chill"],"picked":"SKIP","floor":45}],"player_experience":789072,"relics_obtained":[{"floor":6,"key":"Incense Burner"},{"floor":9,"key":"Ice Cream"},{"floor":10,"key":"MawBank"},{"floor":12,"key":"Peace Pipe"},{"floor":26,"key":"Oddly Smooth Stone"},{"floor":27,"key":"Whetstone"},{"floor":29,"key":"Dodecahedron"},{"floor":41,"key":"Bottled Tornado"},{"floor":43,"key":"Potion Belt"}],"event_choices":[{"damage_healed":0,"gold_gain":0,"player_choice":"Entered Light","damage_taken":21,"max_hp_gain":0,"max_hp_loss":0,"event_name":"Shining Light","floor":2,"gold_loss":0,"cards_upgraded":["Dualcast","Electrodynamics"]},{"damage_healed":0,"gold_gain":0,"player_choice":"Ignored","damage_taken":0,"max_hp_gain":0,"max_hp_loss":0,"event_name":"Liars Game","floor":5,"gold_loss":0},{"cards_removed":["Strike_B"],"damage_healed":0,"gold_gain":0,"player_choice":"Card Removal","damage_taken":7,"max_hp_gain":0,"max_hp_loss":0,"event_name":"Golden Wing","floor":8,"gold_loss":0},{"damage_healed":0,"gold_gain":0,"cards_transformed":["Strike_B","Strike_B"],"player_choice":"Became Test Subject","damage_taken":0,"max_hp_gain":0,"max_hp_loss":0,"event_name":"Drug Dealer","floor":21,"gold_loss":0,"cards_obtained":["Core Surge","Gash"]},{"damage_healed":0,"gold_gain":0,"player_choice":"Joined the Cult","damage_taken":6,"max_hp_gain":0,"max_hp_loss":0,"event_name":"Nest","floor":30,"gold_loss":0,"cards_obtained":["RitualDagger"]},{"damage_healed":0,"gold_gain":0,"player_choice":"Ignored","damage_taken":0,"max_hp_gain":0,"max_hp_loss":0,"event_name":"Tomb of Lord Red Mask","floor":39,"gold_loss":0},{"damage_healed":0,"gold_gain":0,"player_choice":"Memory 1","damage_taken":0,"max_hp_gain":0,"max_hp_loss":0,"event_name":"SensoryStone","floor":44,"gold_loss":0},{"damage_healed":0,"gold_gain":0,"player_choice":"Upgrade","damage_taken":0,"relics_obtained":["Mark of the Bloom"],"max_hp_gain":0,"max_hp_loss":0,"event_name":"MindBloom","floor":48,"gold_loss":0,"cards_upgraded":["Defend_B","Defend_B","Zap","Steam","BootSequence","Leap","Conserve Battery","BootSequence","Core Surge","Gash","RitualDagger","Echo Form","Steam","FTL","Transmutation"]}],"is_beta":false,"boss_relics":[{"not_picked":["Busted Crown","Black Star"],"picked":"Runic Pyramid"},{"not_picked":["Eternal Feather","Coffee Dripper"],"picked":"Nuclear Battery"}],"items_purged_floors":[14,24],"is_endless":false,"potions_floor_spawned":[4,6,12,16,20,28,29,42],"ascension_level":18}