{"gold_per_floor":[14,14,14,34,34,34,66,94,179,191,237,268,290,302],"floor_reached":14,"playtime":550,"items_purged":[],"score":140,"play_id":"a43cca3c-b45e-481e-91f0-ec9fd5202cde","local_time":"20180815121224","is_ascension_mode":true,"campfire_choices":[{"data":"True Grit","floor":6,"key":"SMITH"},{"floor":10,"key":"REST"}],"neow_cost":"NO_GOLD","seed_source_timestamp":104981444031960,"circlet_count":0,"master_deck":["Strike_R","Strike_R","Strike_R","Strike_R","Strike_R","Defend_R","Defend_R","Defend_R","Defend_R","Bash","True Grit+1","Body Slam","Iron Wave","Flame Barrier"],"relics":["Burning Blood","Calipers","Art of War","MawBank","Mercury Hourglass","Vajra"],"potions_floor_usage":[11],"damage_taken":[{"damage":5,"enemies":"Cultist","floor":1,"turns":4},{"damage":14,"enemies":"Small Slimes","floor":4,"turns":5},{"damage":62,"enemies":"Lagavulin","floor":7,"turns":9},{"damage":6,"enemies":"2 Louse","floor":8,"turns":3},{"damage":31,"enemies":"3 Sentries","floor":11,"turns":8},{"damage":0,"enemies":"Gremlin Gang","floor":12,"turns":4},{"damage":11,"enemies":"Blue Slaver","floor":13,"turns":4},{"damage":10,"enemies":"Lots of Slimes","floor":14,"turns":1}],"seed_played":"-2005797279481358987","potions_obtained":[{"floor":4,"key":"Dexterity Potion"},{"floor":7,"key":"LiquidBronze"},{"floor":12,"key":"Swift Potion"},{"floor":13,"key":"FearPotion"}],"is_trial":false,"path_per_floor":["M","?","$","M","?","R","E","M","T","R","E","M","M"],"character_chosen":"IRONCLAD","items_purchased":[],"campfire_rested":1,"item_purchase_floors":[],"current_hp_per_floor":[73,73,73,65,65,65,9,9,9,33,8,14,9,0],"gold":302,"neow_bonus":"ONE_RARE_RELIC","is_prod":false,"is_daily":false,"chose_seed":false,"campfire_upgraded":1,"win_rate":0,"timestamp":1534306344,"path_taken":["M","?","?","M","?","R","E","M","T","R","E","M","?","M"],"build_version":"2018-08-09","purchased_purges":0,"victory":false,"max_hp_per_floor":[80,80,80,80,80,80,80,80,80,80,80,80,80,80],"card_choices":[{"not_picked":["Cleave","Perfected Strike"],"picked":"True Grit","floor":1},{"not_picked":["Sever Soul","Wild Strike","Perfected Strike"],"picked":"SKIP","floor":4},{"not_picked":["Armaments","Sword Boomerang","Bludgeon"],"picked":"SKIP","floor":7},{"not_picked":["Perfected Strike","Thunderclap"],"picked":"Body Slam","floor":8},{"not_picked":["Uppercut","Searing Blow"],"picked":"Iron Wave","floor":11},{"not_picked":["Anger","Wild Strike","Reckless Charge"],"picked":"SKIP","floor":12},{"not_picked":["Impervious","Perfected Strike"],"picked":"Flame Barrier","floor":13}],"player_experience":451523,"relics_obtained":[{"floor":7,"key":"MawBank"},{"floor":9,"key":"Mercury Hourglass"},{"floor":11,"key":"Vajra"}],"event_choices":[{"event_name":"The Cleric","player_choice":"Leave","floor":2,"damage_taken":0},{"event_name":"WeMeetAgain","player_choice":"Potion","floor":5,"damage_taken":0}],"is_beta":false,"boss_relics":[],"items_purged_floors":[],"is_endless":false,"potions_floor_spawned":[4,7,12,13],"killed_by":"Lots of Slimes","ascension_level":8}