{"gold_per_floor":[111,127,137,62,62,97,116,130,130,30,42,42,61,72,72,147,147,165,40,51,71,71],"floor_reached":22,"playtime":985,"items_purged":["Strike_R","Strike_R","Defend_R"],"score":346,"play_id":"17bdeddf-5010-40b1-93ed-9587b39a8e16","local_time":"20190103092951","is_ascension_mode":true,"campfire_choices":[{"data":"Rampage","floor":12,"key":"SMITH"},{"floor":15,"key":"REST"}],"neow_cost":"NONE","seed_source_timestamp":332465695665694,"circlet_count":0,"master_deck":["AscendersBane","Strike_R","Strike_R","Strike_R","Defend_R","Defend_R","Defend_R","Bash","Headbutt","Metallicize","Rampage+1","Inflame","Clothesline","True Grit","Seeing Red","Inflame","Bludgeon","Cleave","Cleave"],"relics":["Burning Blood","NeowsBlessing","Ice Cream","Mercury Hourglass","Lizard Tail"],"potions_floor_usage":[6,11,16,20,21],"damage_taken":[{"damage":0,"enemies":"Cultist","floor":1,"turns":1},{"damage":0,"enemies":"2 Louse","floor":2,"turns":1},{"damage":0,"enemies":"Jaw Worm","floor":3,"turns":1},{"damage":42,"enemies":"3 Sentries","floor":6,"turns":10},{"damage":22,"enemies":"Exordium Thugs","floor":7,"turns":6},{"damage":5,"enemies":"Blue Slaver","floor":8,"turns":4},{"damage":0,"enemies":"Large Slime","floor":11,"turns":3},{"damage":5,"enemies":"Looter","floor":13,"turns":3},{"damage":6,"enemies":"2 Fungi Beasts","floor":14,"turns":3},{"damage":39,"enemies":"The Guardian","floor":16,"turns":10},{"damage":8,"enemies":"Chosen","floor":18,"turns":4},{"damage":52,"enemies":"3 Byrds","floor":20,"turns":5},{"damage":19,"enemies":"Snake Plant","floor":21,"turns":4},{"damage":57,"enemies":"Shelled Parasite and Fungi","floor":22,"turns":4}],"seed_played":"-3600025960156652290","potions_obtained":[{"floor":2,"key":"FearPotion"},{"floor":6,"key":"FairyPotion"},{"floor":8,"key":"Fire Potion"},{"floor":11,"key":"LiquidBronze"},{"floor":16,"key":"Dexterity Potion"},{"floor":20,"key":"Block Potion"}],"is_trial":false,"path_per_floor":["M","M","M","$","?","E","M","M","T","$","M","R","M","M","R","B",null,"M","$","M","M","M"],"character_chosen":"IRONCLAD","items_purchased":[],"campfire_rested":1,"item_purchase_floors":[],"current_hp_per_floor":[74,75,75,75,75,39,23,24,24,24,30,30,31,31,53,20,61,59,59,13,13,0],"gold":71,"neow_bonus":"THREE_ENEMY_KILL","is_prod":false,"is_daily":false,"chose_seed":false,"campfire_upgraded":1,"win_rate":0,"timestamp":1546478991,"path_taken":["M","?","M","$","?","E","M","M","T","?","?","R","M","M","R","BOSS","M","$","M","M","M"],"build_version":"2018-12-20","purchased_purges":3,"victory":false,"max_hp_per_floor":[75,75,75,75,75,75,75,75,75,75,75,75,75,75,75,75,75,75,75,75,75,75],"card_choices":[{"not_picked":["Pummel","Thunderclap"],"picked":"Headbutt","floor":1},{"not_picked":["Warcry","Blood for Blood"],"picked":"Metallicize","floor":2},{"not_picked":["Heavy Blade","Twin Strike"],"picked":"Rampage","floor":3},{"not_picked":["Pummel","Battle Trance"],"picked":"Inflame","floor":6},{"not_picked":["Iron Wave","Warcry","Clothesline"],"picked":"SKIP","floor":7},{"not_picked":["Perfected Strike","Burning Pact"],"picked":"Clothesline","floor":8},{"not_picked":["Shrug It Off","Searing Blow"],"picked":"True Grit","floor":11},{"not_picked":["Reckless Charge","Thunderclap"],"picked":"Seeing Red","floor":13},{"not_picked":["Evolve","Sever Soul"],"picked":"Inflame","floor":14},{"not_picked":["Brutality","Fiend Fire"],"picked":"Bludgeon","floor":16},{"not_picked":["Havoc","Burning Pact","Thunderclap"],"picked":"SKIP","floor":18},{"not_picked":["Shrug It Off","Second Wind"],"picked":"Cleave","floor":20},{"not_picked":["Intimidate","Hemokinesis"],"picked":"Cleave","floor":21}],"player_experience":647533,"relics_obtained":[{"floor":6,"key":"Ice Cream"},{"floor":9,"key":"Mercury Hourglass"}],"event_choices":[{"damage_healed":0,"gold_gain":0,"player_choice":"Leave","damage_taken":0,"max_hp_gain":0,"max_hp_loss":0,"event_name":"The Cleric","floor":5,"gold_loss":0}],"is_beta":false,"boss_relics":[{"not_picked":["Philosopher\u0027s Stone","Calling Bell"],"picked":"Lizard Tail"}],"items_purged_floors":[4,10,19],"is_endless":false,"potions_floor_spawned":[2,6,8,11,16,20],"killed_by":"Shelled Parasite and Fungi","ascension_level":16}