{"gold_per_floor":[117,117,117,117,133,133,159,159,159,159,171,96,107,130,130,235,235,252,152,152,162,178,206,206],"floor_reached":24,"playtime":2674,"items_purged":["Strike_B","Strike_B"],"score":257,"play_id":"39164917-5681-4aba-98ba-ba665f2de1ee","local_time":"20180723200154","is_ascension_mode":true,"campfire_choices":[{"data":"Fusion","floor":6,"key":"SMITH"},{"data":"Self Repair","floor":8,"key":"SMITH"},{"data":"Streamline","floor":10,"key":"SMITH"},{"data":"Doom and Gloom","floor":15,"key":"SMITH"}],"neow_cost":"NONE","seed_source_timestamp":164983314928478,"circlet_count":0,"master_deck":["Strike_B","Strike_B","Defend_B+1","Defend_B","Defend_B","Defend_B","Zap+1","Dualcast","Streamline+1","Fusion+1","Self Repair+1","Skim","Doom and Gloom+1","Creative AI","White Noise","Compile Driver","Streamline+1","Seek"],"relics":["Cracked Core","Bag of Preparation","War Paint","Emotion Chip","Bottled Lightning","Oddly Smooth Stone","Odd Mushroom","Sozu","Bronze Scales"],"potions_floor_usage":[23],"damage_taken":[{"damage":0,"enemies":"Cultist","floor":1,"turns":3},{"damage":0,"enemies":"Jaw Worm","floor":5,"turns":3},{"damage":17,"enemies":"Gremlin Nob","floor":7,"turns":4},{"damage":0,"enemies":"Small Slimes","floor":11,"turns":2},{"damage":5,"enemies":"Looter","floor":13,"turns":3},{"damage":3,"floor":14,"turns":3},{"damage":45,"enemies":"Hexaghost","floor":16,"turns":8},{"damage":20,"enemies":"Shell Parasite","floor":18,"turns":5},{"damage":20,"enemies":"Spheric Guardian","floor":21,"turns":4},{"damage":23,"enemies":"Snake Plant","floor":22,"turns":4},{"damage":12,"enemies":"Gremlin Leader","floor":23,"turns":5},{"damage":40,"enemies":"Slaver and Parasite","floor":24,"turns":3}],"seed_played":"-2197560574651957966","potions_obtained":[{"floor":11,"key":"Explosive Potion"},{"floor":14,"key":"Dexterity Potion"},{"floor":16,"key":"Fire Potion"}],"is_trial":false,"path_per_floor":["M","?","?","T","M","R","E","R","T","R","M","$","M","?","R","B",null,"M","$","?","M","M","E"],"character_chosen":"DEFECT","items_purchased":[],"campfire_rested":0,"item_purchase_floors":[],"current_hp_per_floor":[75,72,72,72,72,72,55,55,55,55,65,65,70,67,67,32,75,65,65,51,41,28,26,0],"gold":206,"neow_bonus":"RANDOM_COMMON_RELIC","is_prod":false,"is_daily":false,"chose_seed":false,"campfire_upgraded":4,"win_rate":0,"timestamp":1532347314,"path_taken":["M","?","?","?","M","R","E","R","T","R","M","?","?","?","R","BOSS","M","$","?","M","M","E","?"],"build_version":"2018-07-19v2","purchased_purges":2,"victory":false,"max_hp_per_floor":[75,75,75,75,75,75,75,75,75,75,75,75,75,75,75,75,75,75,75,80,80,80,80,80],"card_choices":[{"not_picked":["Beam Cell","Rebound"],"picked":"Streamline","floor":1},{"not_picked":["Compile Driver","Turbo"],"picked":"Fusion","floor":5},{"not_picked":["Heatsinks","Gash","Self Repair"],"picked":"SKIP","floor":7},{"not_picked":["Heatsinks","Gash"],"picked":"Self Repair","floor":7},{"not_picked":["Compile Driver","Conserve Battery"],"picked":"Skim","floor":11},{"not_picked":["Cold Snap","Consume","Sweeping Beam"],"picked":"SKIP","floor":13},{"not_picked":["Stack","Core Surge"],"picked":"Doom and Gloom","floor":14},{"not_picked":["Electrodynamics","Reboot"],"picked":"Creative AI","floor":16},{"not_picked":["Ball Lightning","Coolheaded"],"picked":"White Noise","floor":18},{"not_picked":["Stack","Hologram"],"picked":"Compile Driver","floor":21},{"not_picked":["Sunder","Barrage+1"],"picked":"Streamline+1","floor":22},{"not_picked":["Glacier","Barrage+1"],"picked":"Seek","floor":23}],"player_experience":213499,"relics_obtained":[{"floor":4,"key":"Emotion Chip"},{"floor":7,"key":"Bottled Lightning"},{"floor":9,"key":"Oddly Smooth Stone"},{"floor":14,"key":"Odd Mushroom"},{"floor":23,"key":"Bronze Scales"}],"event_choices":[{"event_name":"Scrap Ooze","player_choice":"success","floor":2,"damage_taken":3},{"event_name":"Liars Game","player_choice":"disagreed","floor":3,"damage_taken":0},{"event_name":"Mushrooms","player_choice":"Fought Mushrooms","floor":14,"damage_taken":0},{"event_name":"Forgotten Altar","player_choice":"Shed Blood","floor":20,"damage_taken":0}],"is_beta":false,"boss_relics":[{"not_picked":["Empty Cage","Black Star"],"picked":"Sozu"}],"items_purged_floors":[12,19],"is_endless":false,"potions_floor_spawned":[11,14,16,22],"killed_by":"Slaver and Parasite","ascension_level":4}