{"gold_per_floor":[117,42,59,77,90,90,123,141,141,174,174,174],"floor_reached":12,"playtime":377,"items_purged":["Strike_R"],"score":90,"play_id":"c5370b6e-253a-4bcc-9d65-609715868b31","local_time":"20180816223558","is_ascension_mode":false,"campfire_choices":[{"data":"Bash","floor":6,"key":"SMITH"},{"data":"Flame Barrier","floor":11,"key":"SMITH"}],"neow_cost":"NONE","seed_source_timestamp":53133292655494,"circlet_count":0,"master_deck":["Strike_R","Strike_R","Strike_R","Strike_R","Defend_R","Defend_R","Defend_R","Defend_R","Bash+1","Flame Barrier+1"],"relics":["Burning Blood","NeowsBlessing","Dodecahedron","Shuriken","Question Card"],"potions_floor_usage":[5,10,10,10],"damage_taken":[{"damage":0,"enemies":"Cultist","floor":1,"turns":1},{"damage":0,"enemies":"Small Slimes","floor":3,"turns":1},{"damage":0,"enemies":"Jaw Worm","floor":4,"turns":1},{"damage":9,"enemies":"3 Louse","floor":5,"turns":4},{"damage":54,"enemies":"Lagavulin","floor":7,"turns":6},{"damage":4,"enemies":"Large Slime","floor":8,"turns":9},{"damage":22,"enemies":"3 Sentries","floor":10,"turns":7},{"damage":18,"floor":12,"turns":4}],"seed_played":"-5305469008717481808","potions_obtained":[{"floor":3,"key":"Explosive Potion"},{"floor":4,"key":"Swift Potion"},{"floor":7,"key":"SteroidPotion"},{"floor":8,"key":"Energy Potion"}],"is_trial":false,"path_per_floor":["M","$","M","M","M","R","E","M","T","E","R"],"character_chosen":"IRONCLAD","items_purchased":[],"campfire_rested":0,"item_purchase_floors":[],"current_hp_per_floor":[80,80,80,80,77,77,29,31,31,15,15,0],"gold":174,"neow_bonus":"THREE_ENEMY_KILL","is_prod":false,"is_daily":false,"chose_seed":false,"campfire_upgraded":2,"win_rate":0,"timestamp":1534430158,"path_taken":["M","$","?","?","M","R","E","M","T","E","R","?"],"build_version":"2018-08-09","purchased_purges":1,"victory":false,"max_hp_per_floor":[80,80,80,80,80,80,80,80,80,80,80,80],"card_choices":[{"not_picked":["Armaments","Clothesline","Body Slam"],"picked":"SKIP","floor":1},{"not_picked":["Cleave","Inflame","Bloodletting"],"picked":"SKIP","floor":3},{"not_picked":["Anger","Body Slam","Iron Wave"],"picked":"SKIP","floor":4},{"not_picked":["Anger","Body Slam","Iron Wave"],"picked":"SKIP","floor":4},{"not_picked":["Hemokinesis","Twin Strike","Anger"],"picked":"SKIP","floor":5},{"not_picked":["Demon Form","Disarm","Shockwave"],"picked":"SKIP","floor":7},{"not_picked":["Armaments","Heavy Blade","Pommel Strike"],"picked":"SKIP","floor":8},{"not_picked":["Rage","Metallicize"],"picked":"Flame Barrier","floor":10}],"player_experience":487522,"relics_obtained":[{"floor":7,"key":"Dodecahedron"},{"floor":9,"key":"Shuriken"},{"floor":10,"key":"Question Card"}],"event_choices":[{"event_name":"Mushrooms","player_choice":"Fought Mushrooms","floor":12,"damage_taken":0}],"is_beta":false,"boss_relics":[],"items_purged_floors":[2],"is_endless":false,"potions_floor_spawned":[3,4,7,8],"ascension_level":0}