{"gold_per_floor":[115,127,127,127,206,218,246,265,336,336,350,369,369,381,381,477,527,545,564,479,103,103,103,103,103,103,103,117,117,135,154,154,258,258,275,287,300,200,220,220,233,233,233,233,260,275,288,302,302,302],"floor_reached":51,"playtime":2790,"items_purged":["Strike_B","Strike_B"],"score":735,"play_id":"34b6b29f-23b8-4452-9072-63657e018f49","local_time":"20180816180232","is_ascension_mode":false,"campfire_choices":[{"data":"Dualcast","floor":10,"key":"SMITH"},{"data":"Zap","floor":13,"key":"SMITH"},{"data":"Gash","floor":15,"key":"SMITH"},{"data":"Reboot","floor":23,"key":"SMITH"},{"data":"Hologram","floor":25,"key":"SMITH"},{"data":"Gash","floor":27,"key":"SMITH"},{"data":"Sunder","floor":29,"key":"SMITH"},{"data":"Gash","floor":32,"key":"SMITH"},{"data":"Gash","floor":40,"key":"SMITH"},{"data":"Gash","floor":42,"key":"SMITH"},{"data":"Creative AI","floor":49,"key":"SMITH"}],"neow_cost":"NONE","seed_source_timestamp":34300774777260,"circlet_count":0,"master_deck":["Defend_B","Defend_B","Defend_B","Zap+1","Dualcast+1","Compile Driver+1","Gash+1","Gash+1","Rebound","Core Surge","Gash+1","Doom and Gloom+1","Reboot+1","Hologram+1","Hologram+1","Cold Snap+1","Sunder+1","Gash+1","Gash+1","Machine Learning","Compile Driver+1","Sweeping Beam","Madness","Madness","Creative AI+1"],"relics":["Cracked Core","Kunai","Mummified Hand","Bag of Preparation","Meat on the Bone","Tiny House","Matryoshka","Turnip","Strawberry","Unceasing Top","Busted Crown","Whetstone","Cables","Singing Bowl"],"potions_floor_usage":[16,45,46,46],"damage_taken":[{"damage":6,"enemies":"Jaw Worm","floor":1,"turns":3},{"damage":1,"enemies":"2 Louse","floor":2,"turns":3},{"damage":1,"enemies":"Cultist","floor":6,"turns":3},{"damage":17,"enemies":"3 Sentries","floor":7,"turns":6},{"damage":4,"enemies":"Looter","floor":8,"turns":3},{"damage":0,"enemies":"3 Louse","floor":11,"turns":2},{"damage":7,"enemies":"Blue Slaver","floor":12,"turns":2},{"damage":1,"enemies":"Exordium Wildlife","floor":14,"turns":2},{"damage":28,"enemies":"Hexaghost","floor":16,"turns":7},{"damage":0,"enemies":"Spheric Guardian","floor":18,"turns":1},{"damage":5,"enemies":"3 Byrds","floor":19,"turns":3},{"damage":13,"enemies":"Snake Plant","floor":28,"turns":4},{"damage":0,"enemies":"3 Cultists","floor":30,"turns":3},{"damage":4,"enemies":"Sentry and Sphere","floor":31,"turns":3},{"damage":18,"enemies":"Champ","floor":33,"turns":6},{"damage":0,"enemies":"Orb Walker","floor":35,"turns":2},{"damage":29,"enemies":"3 Darklings","floor":36,"turns":3},{"damage":0,"enemies":"Sphere and 2 Shapes","floor":37,"turns":3},{"damage":0,"enemies":"Maw","floor":39,"turns":4},{"damage":0,"enemies":"Transient","floor":41,"turns":5},{"damage":0,"enemies":"Giant Head","floor":45,"turns":4},{"damage":14,"enemies":"3 Darklings","floor":46,"turns":3},{"damage":0,"enemies":"Spire Growth","floor":47,"turns":2},{"damage":6,"enemies":"Sphere and 2 Shapes","floor":48,"turns":3},{"damage":34,"enemies":"Awakened One","floor":50,"turns":8}],"seed_played":"5915069859058190927","potions_obtained":[{"floor":2,"key":"GamblersBrew"},{"floor":6,"key":"Ancient Potion"},{"floor":14,"key":"PowerPotion"},{"floor":17,"key":"SmokeBomb"},{"floor":30,"key":"Block Potion"},{"floor":37,"key":"Fire Potion"},{"floor":41,"key":"Regen Potion"}],"is_trial":false,"path_per_floor":["M","M","?","?","T","M","E","M","T","R","M","M","R","M","R","B",null,"M","M","?","$","?","R","?","R","T","R","M","R","M","M","R","B",null,"M","M","M","$","M","R","M","R","T","?","E","M","M","M","R","B"],"character_chosen":"DEFECT","items_purchased":["Turnip"],"campfire_rested":0,"item_purchase_floors":[21],"current_hp_per_floor":[69,68,68,65,65,64,47,43,43,43,43,48,48,47,47,31,80,80,75,75,75,75,75,75,75,82,82,69,69,69,65,65,47,87,87,58,58,58,58,58,58,58,58,47,61,49,51,57,57,35],"gold":302,"neow_bonus":"REMOVE_CARD","is_prod":false,"is_daily":false,"chose_seed":false,"campfire_upgraded":11,"win_rate":0,"timestamp":1534413752,"path_taken":["M","M","?","?","?","M","E","M","T","R","M","M","R","M","R","BOSS","M","M","?","$","?","R","?","R","T","R","M","R","M","M","R","BOSS","M","M","M","$","M","R","M","R","T","?","E","M","M","M","R","BOSS"],"build_version":"2018-08-09","purchased_purges":2,"victory":true,"max_hp_per_floor":[75,75,75,75,75,75,75,75,75,75,75,75,75,75,75,75,80,80,80,80,80,80,80,80,80,87,87,87,87,87,87,87,87,87,87,87,87,87,87,87,87,87,87,87,89,91,93,93,93,93],"card_choices":[{"not_picked":["Conserve Battery","Redo"],"picked":"Compile Driver","floor":1},{"not_picked":["Rip and Tear","Hologram"],"picked":"Gash","floor":2},{"not_picked":["Ball Lightning","Barrage"],"picked":"Gash","floor":6},{"not_picked":["Steam","Auto Shields"],"picked":"Rebound","floor":7},{"not_picked":["Leap","Sweeping Beam"],"picked":"Core Surge","floor":8},{"not_picked":["Steam","Sweeping Beam"],"picked":"Gash","floor":11},{"not_picked":["Steam","Capacitor","Go for the Eyes"],"picked":"SKIP","floor":12},{"not_picked":["Leap","Storm"],"picked":"Doom and Gloom","floor":14},{"not_picked":["Core Surge","Creative AI"],"picked":"Reboot","floor":16},{"not_picked":["Compile Driver","Blizzard"],"picked":"Hologram","floor":17},{"not_picked":["Ball Lightning","Tempest"],"picked":"Hologram+1","floor":18},{"not_picked":["Blizzard","Stack"],"picked":"Cold Snap","floor":19},{"not_picked":["Streamline","Capacitor"],"picked":"Sunder","floor":28},{"not_picked":["Doom and Gloom","Beam Cell"],"picked":"Gash","floor":30},{"not_picked":["Cold Snap","Reprogram"],"picked":"Gash","floor":31},{"not_picked":["Buffer","All For One"],"picked":"Machine Learning","floor":33},{"not_picked":[],"picked":"Compile Driver+1","floor":35},{"not_picked":["Steam"],"picked":"SKIP","floor":36},{"not_picked":[],"picked":"Sweeping Beam","floor":37},{"not_picked":["Redo+1"],"picked":"SKIP","floor":39},{"not_picked":["Hologram"],"picked":"SKIP","floor":41},{"not_picked":["Streamline+1"],"picked":"Singing Bowl","floor":45},{"not_picked":["Stack+1"],"picked":"Singing Bowl","floor":46},{"not_picked":["Beam Cell"],"picked":"Singing Bowl","floor":47},{"not_picked":[],"picked":"Creative AI","floor":48}],"player_experience":480072,"relics_obtained":[{"floor":5,"key":"Mummified Hand"},{"floor":7,"key":"Bag of Preparation"},{"floor":9,"key":"Meat on the Bone"},{"floor":26,"key":"Strawberry"},{"floor":26,"key":"Unceasing Top"},{"floor":43,"key":"Whetstone"},{"floor":43,"key":"Cables"},{"floor":45,"key":"Singing Bowl"}],"event_choices":[{"event_name":"Living Wall","player_choice":"Forget","floor":3,"damage_taken":0},{"event_name":"Scrap Ooze","player_choice":"success","floor":4,"damage_taken":3},{"event_name":"Addict","player_choice":"Obtained Relic","floor":20,"damage_taken":0},{"event_name":"The Mausoleum","player_choice":"No","floor":22,"damage_taken":0},{"event_name":"Purifier","player_choice":"One Purge","floor":24,"damage_taken":0},{"event_name":"Winding Halls","player_choice":"Embrace Madness","floor":44,"damage_taken":0}],"is_beta":false,"boss_relics":[{"not_picked":["Runic Dome","Velvet Choker"],"picked":"Tiny House"},{"not_picked":["Snecko Eye","Astrolabe"],"picked":"Busted Crown"}],"items_purged_floors":[21,38],"is_endless":false,"potions_floor_spawned":[2,6,14,28,30,31,37,39,41],"ascension_level":0}