{"gold_per_floor":[110,126,142,67,82,82,82,94,148,173,173,160,178,205,205,310,310,325,325,325,39,39,39],"floor_reached":23,"playtime":1348,"items_purged":["Strike_G","Strike_G"],"score":306,"play_id":"46aca295-197c-47ed-85a2-12fe681578a9","local_time":"20190611075104","is_ascension_mode":true,"campfire_choices":[{"data":"Blur","floor":7,"key":"SMITH"},{"data":"Blade Dance","floor":11,"key":"SMITH"},{"data":"Storm of Steel","floor":15,"key":"SMITH"}],"neow_cost":"NONE","seed_source_timestamp":26168964253686,"circlet_count":0,"master_deck":["Defend_G","Defend_G","Defend_G","Defend_G","Defend_G","Strike_G","Strike_G","Strike_G","Survivor","Neutralize+1","Slice","Blur+1","Accuracy","Backflip","Blade Dance+1","Noxious Fumes","Storm of Steel+1","Prepared","A Thousand Cuts","Blade Dance","Necronomicurse"],"relics":["Ring of the Snake","Centennial Puzzle","The Courier","Orichalcum","Runic Pyramid","Necronomicon","Mercury Hourglass"],"potions_floor_usage":[6,10,10,13],"damage_taken":[{"damage":0,"enemies":"Cultist","floor":1,"turns":4},{"damage":3,"enemies":"Jaw Worm","floor":2,"turns":5},{"damage":0,"enemies":"2 Louse","floor":3,"turns":2},{"damage":1,"enemies":"Blue Slaver","floor":5,"turns":6},{"damage":11,"enemies":"Lagavulin","floor":6,"turns":8},{"damage":0,"enemies":"2 Fungi Beasts","floor":8,"turns":6},{"damage":12,"enemies":"Gremlin Nob","floor":10,"turns":4},{"damage":3,"enemies":"Exordium Thugs","floor":12,"turns":4},{"damage":11,"enemies":"Gremlin Gang","floor":13,"turns":5},{"damage":2,"enemies":"Lagavulin","floor":14,"turns":7},{"damage":4,"enemies":"Slime Boss","floor":16,"turns":7},{"damage":2,"enemies":"Shell Parasite","floor":18,"turns":3},{"damage":44,"enemies":"Slavers","floor":23,"turns":4}],"seed_played":"4823967502752622638","potions_obtained":[{"floor":2,"key":"Fire Potion"},{"floor":5,"key":"SmokeBomb"},{"floor":8,"key":"Block Potion"},{"floor":12,"key":"Regen Potion"}],"is_trial":false,"path_per_floor":["M","M","M","$","M","E","R","M","T","E","R","M","M","E","R","B",null,"M","?","?","$","?","E"],"character_chosen":"THE_SILENT","items_purchased":["Mercury Hourglass"],"campfire_rested":0,"item_purchase_floors":[21],"current_hp_per_floor":[63,60,60,60,59,48,48,48,48,36,36,33,36,34,34,30,60,58,58,42,42,42,0],"gold":39,"neow_bonus":"UPGRADE_CARD","is_prod":false,"is_daily":false,"chose_seed":false,"campfire_upgraded":3,"win_rate":0,"timestamp":1560210664,"path_taken":["M","M","M","$","M","E","R","M","T","E","R","M","?","E","R","BOSS","M","?","?","$","?","E"],"build_version":"2019-01-23","purchased_purges":2,"victory":false,"max_hp_per_floor":[70,70,70,70,70,70,70,70,70,70,70,70,70,70,70,70,70,70,70,70,70,70,70],"card_choices":[{"not_picked":["Dagger Throw","Quick Slash"],"picked":"Slice","floor":1},{"not_picked":["Escape Plan","Deadly Poison"],"picked":"Blur","floor":2},{"not_picked":["Sucker Punch","Dagger Throw"],"picked":"Accuracy","floor":3},{"not_picked":["Outmaneuver","Flying Knee"],"picked":"Backflip","floor":5},{"not_picked":["Accuracy","Deflect"],"picked":"Blade Dance","floor":8},{"not_picked":["Endless Agony","Underhanded Strike","Skewer"],"picked":"SKIP","floor":10},{"not_picked":["Deflect","Dagger Spray"],"picked":"Noxious Fumes","floor":12},{"not_picked":["Escape Plan","Heel Hook"],"picked":"Storm of Steel","floor":13},{"not_picked":["Outmaneuver","Underhanded Strike"],"picked":"Prepared","floor":14},{"not_picked":["Wraith Form v2","Night Terror"],"picked":"A Thousand Cuts","floor":16},{"not_picked":["Acrobatics","Poisoned Stab","Dagger Throw"],"picked":"SKIP","floor":18}],"player_experience":769049,"relics_obtained":[{"floor":9,"key":"Centennial Puzzle"},{"floor":10,"key":"The Courier"},{"floor":14,"key":"Orichalcum"},{"floor":20,"key":"Necronomicon"}],"event_choices":[{"damage_healed":0,"gold_gain":0,"player_choice":"Read","damage_taken":0,"max_hp_gain":0,"max_hp_loss":0,"event_name":"The Library","floor":19,"gold_loss":0,"cards_obtained":["Blade Dance"]},{"damage_healed":0,"gold_gain":0,"player_choice":"Obtained Book","damage_taken":16,"max_hp_gain":0,"max_hp_loss":0,"event_name":"Cursed Tome","floor":20,"gold_loss":0},{"damage_healed":0,"gold_gain":0,"player_choice":"Ignored","damage_taken":0,"max_hp_gain":0,"max_hp_loss":0,"event_name":"Beggar","floor":22,"gold_loss":0}],"is_beta":false,"boss_relics":[{"not_picked":["Busted Crown","White Beast Statue"],"picked":"Runic Pyramid"}],"items_purged_floors":[4,21],"is_endless":false,"potions_floor_spawned":[2,5,6,8,12],"killed_by":"Slavers","ascension_level":9}