{"gold_per_floor":[119,44,64,14,14,14,14,36,83,94,113,131,131,116,116,116],"floor_reached":16,"playtime":848,"items_purged":["Strike_R"],"score":92,"play_id":"885604a9-b758-4bc4-a617-6b49f681f91a","local_time":"20180721183657","is_ascension_mode":false,"campfire_choices":[{"data":"Carnage","floor":6,"key":"SMITH"},{"data":"Dropkick","floor":13,"key":"SMITH"},{"floor":15,"key":"REST"}],"neow_cost":"NONE","seed_source_timestamp":84016222240494,"circlet_count":0,"master_deck":["Strike_R","Strike_R","Strike_R","Defend_R","Defend_R","Defend_R","Defend_R","Bash+1","Carnage+1","True Grit","Dropkick+1"],"relics":["Burning Blood","Odd Mushroom","Bag of Preparation"],"potions_floor_usage":[8,16,16],"damage_taken":[{"damage":16,"enemies":"Jaw Worm","floor":1,"turns":4},{"damage":2,"enemies":"2 Louse","floor":3,"turns":4},{"damage":39,"floor":8,"turns":8},{"damage":0,"enemies":"Cultist","floor":10,"turns":3},{"damage":8,"enemies":"Red Slaver","floor":11,"turns":4},{"damage":6,"enemies":"3 Louse","floor":12,"turns":3},{"damage":10,"enemies":"Exordium Thugs","floor":14,"turns":4},{"damage":79,"enemies":"Hexaghost","floor":16,"turns":9}],"seed_played":"685903581156713289","potions_obtained":[{"floor":3,"key":"EssenceOfSteel"},{"floor":10,"key":"SpeedPotion"},{"floor":11,"key":"SteroidPotion"}],"is_trial":false,"path_per_floor":["M","$","M","?","$","R","?","?","T","M","M","M","R","M","R"],"character_chosen":"IRONCLAD","items_purchased":[],"campfire_rested":1,"item_purchase_floors":[],"current_hp_per_floor":[78,78,82,82,82,82,82,49,49,55,53,53,53,49,75,0],"gold":116,"neow_bonus":"TEN_PERCENT_HP_BONUS","is_prod":false,"is_daily":false,"chose_seed":false,"campfire_upgraded":2,"win_rate":0,"timestamp":1532169417,"path_taken":["M","$","M","?","$","R","?","?","T","?","M","M","R","M","R","BOSS"],"build_version":"2018-07-19v2","purchased_purges":1,"victory":false,"max_hp_per_floor":[88,88,88,88,88,88,88,88,88,88,88,88,88,88,88,88],"card_choices":[{"not_picked":["Clothesline","Sword Boomerang","Iron Wave"],"picked":"SKIP","floor":1},{"not_picked":["Blood for Blood","Whirlwind"],"picked":"Carnage","floor":3},{"not_picked":["Second Wind","Perfected Strike"],"picked":"True Grit","floor":8},{"not_picked":["Battle Trance","Metallicize","Wild Strike"],"picked":"SKIP","floor":10},{"not_picked":["Warcry","Shrug It Off","Hemokinesis"],"picked":"SKIP","floor":11},{"not_picked":["Fiend Fire","Warcry"],"picked":"Dropkick","floor":12},{"not_picked":["Burning Pact","Pummel","Anger"],"picked":"SKIP","floor":14}],"player_experience":205798,"relics_obtained":[{"floor":8,"key":"Odd Mushroom"},{"floor":9,"key":"Bag of Preparation"}],"event_choices":[{"event_name":"The Cleric","player_choice":"Card Removal","floor":4,"damage_taken":0},{"event_name":"Upgrade Shrine","player_choice":"Upgraded","floor":7,"damage_taken":0},{"event_name":"Mushrooms","player_choice":"Fought Mushrooms","floor":8,"damage_taken":0}],"is_beta":false,"boss_relics":[],"items_purged_floors":[2],"is_endless":false,"potions_floor_spawned":[3,10,11],"killed_by":"Hexaghost","ascension_level":0}