{"gold_per_floor":[109,119,44,44,44,44,73,84,107,133,151,51,65,81,81,81],"floor_reached":16,"playtime":649,"items_purged":["Strike_R","Defend_R"],"score":202,"play_id":"c22ba377-e42b-4590-b524-09e6afe61fa7","local_time":"20181226100259","is_ascension_mode":true,"campfire_choices":[{"data":"Bash","floor":6,"key":"SMITH"},{"data":"Limit Break","floor":15,"key":"SMITH"}],"neow_cost":"TEN_PERCENT_HP_LOSS","seed_source_timestamp":404349449222514,"circlet_count":0,"master_deck":["AscendersBane","Strike_R","Strike_R+1","Strike_R","Strike_R+1","Defend_R","Defend_R","Bash+1","Inflame","True Grit","Juggernaut","Shrug It Off","Shrug It Off","Limit Break+1","Inflame"],"relics":["Burning Blood","Bird Faced Urn","Whetstone","PreservedInsect","Dodecahedron"],"potions_floor_usage":[7,16,16],"damage_taken":[{"damage":6,"enemies":"Cultist","floor":1,"turns":3},{"damage":0,"enemies":"Small Slimes","floor":2,"turns":4},{"damage":22,"enemies":"Gremlin Nob","floor":7,"turns":4},{"damage":2,"enemies":"2 Louse","floor":8,"turns":4},{"damage":38,"enemies":"3 Sentries","floor":10,"turns":7},{"damage":11,"enemies":"2 Fungi Beasts","floor":11,"turns":4},{"damage":7,"enemies":"Exordium Thugs","floor":13,"turns":4},{"damage":10,"enemies":"Large Slime","floor":14,"turns":5},{"damage":35,"enemies":"Slime Boss","floor":16,"turns":6}],"seed_played":"8117850252905957523","potions_obtained":[{"floor":1,"key":"AttackPotion"},{"floor":2,"key":"SpeedPotion"},{"floor":11,"key":"Swift Potion"},{"floor":13,"key":"Energy Potion"}],"is_trial":false,"path_per_floor":["M","M","$","?","?","R","E","M","T","E","M","$","M","M","R","B"],"character_chosen":"IRONCLAD","items_purchased":[],"campfire_rested":0,"item_purchase_floors":[],"current_hp_per_floor":[68,68,68,68,61,61,47,55,55,27,26,26,27,27,27,0],"gold":81,"neow_bonus":"ONE_RARE_RELIC","is_prod":false,"is_daily":false,"chose_seed":false,"campfire_upgraded":2,"win_rate":0,"timestamp":1545789779,"path_taken":["M","M","$","?","?","R","E","M","T","E","M","$","M","M","R","BOSS"],"build_version":"2018-12-20","purchased_purges":2,"victory":false,"max_hp_per_floor":[68,68,68,68,68,68,68,68,68,68,68,68,68,68,68,68],"card_choices":[{"not_picked":["Battle Trance","Dropkick"],"picked":"Inflame","floor":1},{"not_picked":["Sword Boomerang","Iron Wave"],"picked":"True Grit","floor":2},{"not_picked":["Ghostly Armor","Combust"],"picked":"Juggernaut","floor":7},{"not_picked":["Heavy Blade","Sword Boomerang","Iron Wave"],"picked":"SKIP","floor":8},{"not_picked":["Perfected Strike","Body Slam"],"picked":"Shrug It Off","floor":10},{"not_picked":["Heavy Blade","Entrench"],"picked":"Shrug It Off","floor":11},{"not_picked":["Pommel Strike","Body Slam"],"picked":"Limit Break","floor":13},{"not_picked":["True Grit","Clash"],"picked":"Inflame","floor":14}],"player_experience":615601,"relics_obtained":[{"floor":7,"key":"Whetstone"},{"floor":9,"key":"PreservedInsect"},{"floor":10,"key":"Dodecahedron"}],"event_choices":[{"damage_healed":0,"gold_gain":0,"player_choice":"Ignored","damage_taken":0,"max_hp_gain":0,"max_hp_loss":0,"event_name":"Liars Game","floor":4,"gold_loss":0},{"cards_removed":["Defend_R"],"damage_healed":0,"gold_gain":0,"player_choice":"Card Removal","damage_taken":7,"max_hp_gain":0,"max_hp_loss":0,"event_name":"Golden Wing","floor":5,"gold_loss":0}],"is_beta":false,"boss_relics":[],"items_purged_floors":[3,12],"is_endless":false,"potions_floor_spawned":[1,2,11,13],"killed_by":"Slime Boss","ascension_level":16}