{"gold_per_floor":[115,134,134,134,134,155,155,198,223,246,246,246,267,282,282,282],"floor_reached":16,"playtime":503,"items_purged":[],"score":199,"play_id":"6b3176d4-8009-45d8-b5c6-1e5a6a86134d","local_time":"20190611065107","is_ascension_mode":true,"campfire_choices":[{"floor":7,"key":"REST"},{"floor":12,"key":"REST"},{"floor":15,"key":"REST"}],"neow_cost":"NONE","seed_source_timestamp":808349050854973,"circlet_count":0,"master_deck":["AscendersBane","Strike_B","Strike_B","Strike_B","Defend_B","Defend_B","Defend_B","Zap","Dualcast","Chaos","Loop","Chill","Sweeping Beam","Blizzard","Reinforced Body"],"relics":["Cracked Core","Golden Idol","Lantern","Ancient Tea Set"],"potions_floor_usage":[10,16],"damage_taken":[{"damage":0,"enemies":"Small Slimes","floor":1,"turns":2},{"damage":7,"enemies":"Jaw Worm","floor":2,"turns":4},{"damage":7,"enemies":"Cultist","floor":6,"turns":4},{"damage":18,"enemies":"Lagavulin","floor":8,"turns":6},{"damage":2,"enemies":"Exordium Thugs","floor":10,"turns":5},{"damage":3,"enemies":"3 Louse","floor":13,"turns":3},{"damage":19,"enemies":"Blue Slaver","floor":14,"turns":3},{"damage":51,"enemies":"Hexaghost","floor":16,"turns":9}],"seed_played":"2401270324891968106","potions_obtained":[{"floor":1,"key":"Fire Potion"},{"floor":2,"key":"SteroidPotion"},{"floor":13,"key":"Explosive Potion"}],"is_trial":false,"path_per_floor":["M","M","?","?","?","M","R","E","T","M","$","R","M","M","R","B"],"character_chosen":"DEFECT","items_purchased":[],"campfire_rested":3,"item_purchase_floors":[],"current_hp_per_floor":[71,64,57,30,30,23,46,28,28,26,26,49,46,27,50,0],"gold":282,"neow_bonus":"TEN_PERCENT_HP_BONUS","is_prod":false,"is_daily":false,"chose_seed":false,"campfire_upgraded":0,"win_rate":0,"timestamp":1560207067,"path_taken":["M","M","?","?","?","M","R","E","T","?","?","R","M","M","R","BOSS"],"build_version":"2019-01-23","purchased_purges":0,"victory":false,"max_hp_per_floor":[78,78,78,78,78,78,78,78,78,78,78,78,78,78,78,78],"card_choices":[{"not_picked":["Aggregate","Hologram"],"picked":"Chaos","floor":1},{"not_picked":["Compile Driver","Cold Snap"],"picked":"Loop","floor":2},{"not_picked":["Redo","Beam Cell"],"picked":"Chill","floor":6},{"not_picked":["Hologram","Coolheaded"],"picked":"Sweeping Beam","floor":8},{"not_picked":["Hologram","Chaos"],"picked":"Blizzard","floor":10},{"not_picked":["Redo","Turbo"],"picked":"Reinforced Body","floor":13},{"not_picked":["Turbo","Steam","Hologram"],"picked":"SKIP","floor":14}],"player_experience":665616,"relics_obtained":[{"floor":8,"key":"Lantern"},{"floor":9,"key":"Ancient Tea Set"}],"event_choices":[{"cards_removed":["Strike_B"],"damage_healed":0,"gold_gain":0,"player_choice":"Card Removal","damage_taken":7,"max_hp_gain":0,"max_hp_loss":0,"event_name":"Golden Wing","floor":3,"gold_loss":0},{"damage_healed":0,"gold_gain":0,"player_choice":"Take Damage","damage_taken":27,"relics_obtained":["Golden Idol"],"max_hp_gain":0,"max_hp_loss":0,"event_name":"Golden Idol","floor":4,"gold_loss":0},{"cards_removed":["Defend_B"],"damage_healed":0,"gold_gain":0,"player_choice":"Purged","damage_taken":0,"max_hp_gain":0,"max_hp_loss":0,"event_name":"Purifier","floor":5,"gold_loss":0}],"is_beta":false,"boss_relics":[],"items_purged_floors":[],"is_endless":false,"potions_floor_spawned":[1,2,6,13],"killed_by":"Hexaghost","ascension_level":19}