{"gold_per_floor":[119,194,213,213,213,213,226,226,252,252,290,290,465,465,465,584,584,604,604],"floor_reached":19,"playtime":782,"items_purged":[],"score":171,"play_id":"2a2d7edc-cbce-4452-809b-3b485cbee8e2","local_time":"20190519025550","is_ascension_mode":true,"campfire_choices":[{"floor":6,"key":"REST"},{"data":"Caltrops","floor":8,"key":"SMITH"},{"data":"Caltrops","floor":10,"key":"SMITH"},{"floor":15,"key":"REST"}],"neow_cost":"NONE","seed_source_timestamp":123234973260800,"circlet_count":0,"master_deck":["Defend_G","Defend_G","Defend_G","Defend_G","Defend_G","Strike_G","Strike_G","Strike_G+1","Strike_G","Strike_G","Survivor","Neutralize","Caltrops+1","Backflip+1","Caltrops+1","Prepared","Tactician","A Thousand Cuts","Escape Plan","Tactician","Blade Dance","Quick Slash","Expertise"],"relics":["Ring of the Snake","Golden Idol","Anchor","Strawberry","Omamori","Potion Belt","Orrery"],"potions_floor_usage":[11,16,19],"damage_taken":[{"damage":12,"enemies":"Jaw Worm","floor":1,"turns":5},{"damage":4,"enemies":"Small Slimes","floor":3,"turns":4},{"damage":0,"enemies":"Cultist","floor":7,"turns":4},{"damage":21,"enemies":"Lagavulin","floor":11,"turns":7},{"damage":21,"enemies":"Hexaghost","floor":16,"turns":9},{"damage":19,"enemies":"Spheric Guardian","floor":18,"turns":4},{"damage":53,"enemies":"Masked Bandits","floor":19,"turns":3}],"seed_played":"-9088905103358684146","potions_obtained":[{"floor":3,"key":"AttackPotion"},{"floor":11,"key":"Dexterity Potion"},{"floor":18,"key":"Poison Potion"}],"is_trial":false,"path_per_floor":["M","?","M","?","T","R","M","R","T","R","E","?","?","?","R","B",null,"M","?"],"character_chosen":"THE_SILENT","items_purchased":[],"campfire_rested":2,"item_purchase_floors":[],"current_hp_per_floor":[58,47,43,43,43,62,62,62,69,69,48,45,45,31,52,31,72,53,0],"gold":604,"neow_bonus":"THREE_CARDS","is_prod":false,"is_daily":false,"chose_seed":false,"campfire_upgraded":2,"win_rate":0,"timestamp":1558245350,"path_taken":["M","?","M","?","?","R","?","R","T","R","E","?","?","?","R","BOSS","M","?"],"build_version":"2019-01-23","purchased_purges":0,"victory":false,"max_hp_per_floor":[70,70,70,65,65,65,65,65,72,72,72,72,72,72,72,72,72,72,72],"card_choices":[{"not_picked":["Poisoned Stab","PiercingWail"],"picked":"Caltrops","floor":0},{"not_picked":["Outmaneuver","Sucker Punch"],"picked":"Backflip","floor":1},{"not_picked":["Backflip","Predator"],"picked":"Caltrops","floor":3},{"not_picked":["Riddle With Holes","Backstab"],"picked":"Prepared","floor":7},{"not_picked":["Heel Hook","Prepared"],"picked":"Tactician","floor":11},{"not_picked":["Storm of Steel","Venomology"],"picked":"A Thousand Cuts","floor":16},{"not_picked":["Slice","Underhanded Strike"],"picked":"Escape Plan","floor":17},{"not_picked":["Dagger Spray","Slice"],"picked":"Tactician","floor":17},{"not_picked":["Deadly Poison","Riddle With Holes"],"picked":"Blade Dance","floor":17},{"not_picked":["Storm of Steel","Bane"],"picked":"Quick Slash","floor":17},{"not_picked":["Slice","Backflip"],"picked":"Expertise","floor":18}],"player_experience":193875,"relics_obtained":[{"floor":5,"key":"Anchor"},{"floor":9,"key":"Strawberry"},{"floor":11,"key":"Omamori"}],"event_choices":[{"damage_healed":0,"gold_gain":75,"player_choice":"Gather Gold","damage_taken":11,"max_hp_gain":0,"max_hp_loss":0,"event_name":"World of Goop","floor":2,"gold_loss":0},{"damage_healed":0,"gold_gain":0,"player_choice":"Lose Max HP","damage_taken":0,"relics_obtained":["Golden Idol"],"max_hp_gain":0,"max_hp_loss":5,"event_name":"Golden Idol","floor":4,"gold_loss":0},{"damage_healed":0,"gold_gain":0,"player_choice":"Success","damage_taken":3,"relics_obtained":["Potion Belt"],"max_hp_gain":0,"max_hp_loss":0,"event_name":"Scrap Ooze","floor":12,"gold_loss":0},{"damage_healed":0,"gold_gain":175,"player_choice":"AGREE","damage_taken":0,"max_hp_gain":0,"max_hp_loss":0,"event_name":"Liars Game","floor":13,"gold_loss":0,"cards_obtained":["Doubt"]},{"damage_healed":0,"gold_gain":0,"player_choice":"Entered Light","damage_taken":14,"max_hp_gain":0,"max_hp_loss":0,"event_name":"Shining Light","floor":14,"gold_loss":0,"cards_upgraded":["Backflip","Strike_G"]},{"damage_healed":0,"gold_gain":0,"player_choice":"Fought Bandits","damage_taken":0,"max_hp_gain":0,"max_hp_loss":0,"event_name":"Masked Bandits","floor":19,"gold_loss":0}],"is_beta":false,"boss_relics":[{"not_picked":["Busted Crown","Coffee Dripper"],"picked":"Orrery"}],"items_purged_floors":[],"is_endless":false,"potions_floor_spawned":[3,11,18],"killed_by":"Masked Bandits","ascension_level":1}