{"gold_per_floor":[118,135,148,148,158,187,187,218,218,235,249,249,94,113,113,215,215,226,0,20,119,24,24,24,24,24,34,34,34],"floor_reached":29,"playtime":1406,"items_purged":["Regret"],"score":314,"play_id":"f98354e6-aaeb-4b7f-8fbb-efe5f2844ab1","local_time":"20190611215753","is_ascension_mode":true,"campfire_choices":[{"data":"Heatsinks","floor":7,"key":"SMITH"},{"floor":15,"key":"REST"},{"floor":23,"key":"REST"},{"data":"Buffer","floor":25,"key":"SMITH"},{"data":"Defragment","floor":28,"key":"SMITH"}],"neow_cost":"NONE","seed_source_timestamp":447401666606104,"circlet_count":0,"master_deck":["Strike_B","Strike_B","Strike_B","Strike_B","Defend_B","Zap","Dualcast","White Noise","Ball Lightning","Heatsinks+1","Sweeping Beam","Glacier","Ball Lightning","Defragment+1","Doom and Gloom","Hello World","Ball Lightning","Echo Form","Recycle+1","Auto Shields+1","Genetic Algorithm+1","Defragment","Cold Snap","Bandage Up","Buffer+1","Tempest","Seek"],"relics":["Runic Dome","DataDisk","Pen Nib","Mango","Bottled Flame","Astrolabe","Ornamental Fan"],"potions_floor_usage":[6,16,29],"damage_taken":[{"damage":0,"enemies":"Small Slimes","floor":1,"turns":3},{"damage":2,"enemies":"Jaw Worm","floor":2,"turns":4},{"damage":0,"enemies":"Cultist","floor":3,"turns":3},{"damage":7,"enemies":"Looter","floor":5,"turns":2},{"damage":17,"enemies":"Gremlin Nob","floor":6,"turns":3},{"damage":25,"enemies":"Lagavulin","floor":8,"turns":6},{"damage":8,"enemies":"2 Fungi Beasts","floor":10,"turns":3},{"damage":2,"enemies":"Red Slaver","floor":11,"turns":3},{"damage":10,"enemies":"Gremlin Gang","floor":14,"turns":3},{"damage":0,"enemies":"Slime Boss","floor":16,"turns":6},{"damage":46,"enemies":"3 Byrds","floor":18,"turns":4},{"damage":26,"enemies":"2 Thieves","floor":20,"turns":4},{"damage":19,"enemies":"Snake Plant","floor":27,"turns":6},{"damage":52,"enemies":"Chosen and Byrds","floor":29,"turns":4}],"seed_played":"-562669735986356359","potions_obtained":[{"floor":3,"key":"SpeedPotion"},{"floor":5,"key":"PowerPotion"},{"floor":6,"key":"SteroidPotion"},{"floor":14,"key":"EssenceOfSteel"},{"floor":16,"key":"Dexterity Potion"},{"floor":20,"key":"Regen Potion"}],"is_trial":false,"path_per_floor":["M","M","M","?","M","E","R","E","T","M","M","?","$","M","R","B",null,"M","?","M","?","$","R","?","R","T","M","R","M"],"character_chosen":"DEFECT","items_purchased":["Hello World","Bandage Up"],"campfire_rested":2,"item_purchase_floors":[13,22],"current_hp_per_floor":[75,73,73,73,66,49,49,38,38,30,28,28,28,18,44,44,89,43,43,17,17,17,43,43,43,43,32,32,0],"gold":34,"neow_bonus":"BOSS_RELIC","is_prod":false,"is_daily":false,"chose_seed":false,"campfire_upgraded":3,"win_rate":0,"timestamp":1560304673,"path_taken":["M","M","M","?","M","E","R","E","T","M","M","?","$","?","R","BOSS","M","?","M","?","$","R","?","R","T","M","R","M"],"build_version":"2019-01-23","purchased_purges":1,"victory":false,"max_hp_per_floor":[75,75,75,75,75,75,75,89,89,89,89,89,89,89,89,89,89,89,89,89,89,89,89,89,89,89,89,89,89],"card_choices":[{"not_picked":["Steam","Beam Cell"],"picked":"White Noise","floor":1},{"not_picked":["Rip and Tear","Steam"],"picked":"Ball Lightning","floor":2},{"not_picked":["Beam Cell","FTL","Turbo"],"picked":"SKIP","floor":3},{"not_picked":["Reprogram","Beam Cell"],"picked":"Heatsinks","floor":5},{"not_picked":["Go for the Eyes","Streamline"],"picked":"Sweeping Beam","floor":6},{"not_picked":["Tempest","Melter"],"picked":"Glacier","floor":8},{"not_picked":["Steam","Hologram"],"picked":"Ball Lightning","floor":10},{"not_picked":["Seek","Rebound"],"picked":"Defragment","floor":11},{"not_picked":["Melter","Tempest"],"picked":"Ball Lightning","floor":14},{"not_picked":["Fission","Multi-Cast"],"picked":"Echo Form","floor":16},{"not_picked":["White Noise","Chill"],"picked":"Defragment","floor":18},{"not_picked":["Barrage","Hologram+1"],"picked":"Cold Snap","floor":20},{"not_picked":["Turbo","Rebound"],"picked":"Seek","floor":27}],"player_experience":387288,"relics_obtained":[{"floor":6,"key":"Pen Nib"},{"floor":8,"key":"Mango"},{"floor":9,"key":"Bottled Flame"},{"floor":26,"key":"Ornamental Fan"}],"event_choices":[{"damage_healed":0,"gold_gain":0,"player_choice":"Box","damage_taken":0,"relics_obtained":["DataDisk"],"max_hp_gain":0,"max_hp_loss":0,"event_name":"Big Fish","floor":4,"gold_loss":0,"cards_obtained":["Regret"]},{"damage_healed":0,"gold_gain":0,"player_choice":"1 cards matched","damage_taken":0,"max_hp_gain":0,"max_hp_loss":0,"event_name":"Match and Keep!","floor":12,"gold_loss":0,"cards_obtained":["Doom and Gloom"]},{"damage_healed":0,"gold_gain":0,"player_choice":"Paid Fearfully","damage_taken":0,"max_hp_gain":0,"max_hp_loss":0,"event_name":"Masked Bandits","floor":19,"gold_loss":226},{"damage_healed":0,"gold_gain":99,"player_choice":"Stole From Cult","damage_taken":0,"max_hp_gain":0,"max_hp_loss":0,"event_name":"Nest","floor":21,"gold_loss":0},{"damage_healed":0,"gold_gain":0,"player_choice":"2 cards matched","damage_taken":0,"max_hp_gain":0,"max_hp_loss":0,"event_name":"Match and Keep!","floor":24,"gold_loss":0,"cards_obtained":["Buffer","Tempest"]}],"is_beta":false,"boss_relics":[{"not_picked":["Busted Crown","Ectoplasm"],"picked":"Astrolabe"}],"items_purged_floors":[13],"is_endless":false,"potions_floor_spawned":[3,5,6,14,16,18,20],"killed_by":"Chosen and Byrds","ascension_level":2}