{"gold_per_floor":[119,119,45,61,61,101,38,38,38,73,91,91,109,147,147,238,238,252,252,252,266,266,266,286,286,309,339,339,339,359,359,359,432,432,450,148,148,166,166,166,195,195,195,222,322,333,360,407,407,407],"floor_reached":51,"playtime":2179,"items_purged":["Strike_R","Bash"],"score":1549,"play_id":"180db96c-fbdc-4e0b-b5bd-1e3b99822eee","local_time":"20181226095034","is_ascension_mode":true,"campfire_choices":[{"data":"Whirlwind","floor":8,"key":"SMITH"},{"data":"Uppercut","floor":12,"key":"SMITH"},{"data":"Searing Blow","floor":15,"key":"SMITH"},{"data":"Seeing Red","floor":23,"key":"SMITH"},{"data":"Seeing Red","floor":25,"key":"SMITH"},{"floor":32,"key":"REST"},{"data":"Madness","floor":40,"key":"SMITH"},{"floor":42,"key":"REST"},{"floor":49,"key":"REST"}],"neow_cost":"NONE","seed_source_timestamp":402060440441763,"circlet_count":0,"master_deck":["AscendersBane","Defend_R","Defend_R","Defend_R","Whirlwind+1","Searing Blow+1","Seeing Red+1","Battle Trance+1","Uppercut+1","Offering+1","Double Tap","Demon Form","Combust+1","Dark Embrace+1","Warcry+1","Bloodletting+1","Seeing Red+1","Offering","Madness+1","Madness","Rupture+1","Ghostly Armor"],"relics":["Burning Blood","NeowsBlessing","Bloody Idol","MawBank","Singing Bowl","Paper Frog","Bag of Marbles","Astrolabe","Dream Catcher","Ancient Tea Set","MutagenicStrength","Vajra","Sozu","Sling","Magic Flower","Self Forming Clay","War Paint","Mango","Darkstone Periapt","Charon\u0027s Ashes"],"potions_floor_usage":[14,14,16,24,27,33],"damage_taken":[{"damage":0,"enemies":"Jaw Worm","floor":1,"turns":1},{"damage":0,"enemies":"Small Slimes","floor":4,"turns":1},{"damage":0,"enemies":"Lagavulin","floor":6,"turns":1},{"damage":25,"enemies":"3 Sentries","floor":10,"turns":3},{"damage":1,"enemies":"Cultist","floor":11,"turns":3},{"damage":3,"enemies":"Looter","floor":13,"turns":3},{"damage":6,"enemies":"Gremlin Nob","floor":14,"turns":2},{"damage":32,"enemies":"Hexaghost","floor":16,"turns":7},{"damage":6,"enemies":"3 Byrds","floor":18,"turns":2},{"damage":15,"enemies":"2 Thieves","floor":21,"turns":2},{"damage":20,"enemies":"Centurion and Healer","floor":24,"turns":3},{"damage":51,"enemies":"Book of Stabbing","floor":27,"turns":4},{"damage":9,"enemies":"Snecko","floor":30,"turns":1},{"damage":36,"enemies":"Collector","floor":33,"turns":3},{"damage":31,"enemies":"3 Darklings","floor":35,"turns":2},{"damage":12,"enemies":"3 Shapes","floor":38,"turns":1},{"damage":28,"enemies":"Giant Head","floor":41,"turns":5},{"damage":6,"enemies":"Reptomancer","floor":44,"turns":1},{"damage":13,"enemies":"Mind Bloom Boss Battle","floor":45,"turns":2},{"damage":36,"enemies":"Sphere and 2 Shapes","floor":46,"turns":4},{"damage":33,"enemies":"Nemesis","floor":47,"turns":3},{"damage":6,"enemies":"2 Orb Walkers","floor":48,"turns":1},{"damage":17,"enemies":"Donu and Deca","floor":50,"turns":2}],"seed_played":"7186812666778254305","potions_obtained":[{"floor":4,"key":"Ancient Potion"},{"floor":6,"key":"GamblersBrew"},{"floor":10,"key":"PowerPotion"},{"floor":13,"key":"Regen Potion"},{"floor":14,"key":"SkillPotion"},{"floor":21,"key":"Strength Potion"},{"floor":24,"key":"BloodPotion"},{"floor":30,"key":"Strength Potion"}],"is_trial":false,"path_per_floor":["M","?","$","M","?","E","$","R","T","E","M","R","M","E","R","B",null,"M","?","?","M","?","R","M","R","T","E","?","?","M","T","R","B",null,"M","$","?","M","?","R","E","R","T","E","?","M","E","?","R","B",null],"character_chosen":"IRONCLAD","items_purchased":["Whirlwind","Sling"],"campfire_rested":3,"item_purchase_floors":[3,36],"current_hp_per_floor":[74,74,74,75,68,68,68,68,68,49,54,54,57,62,62,36,60,60,60,60,61,61,61,54,54,59,28,28,28,32,32,56,31,65,47,47,33,34,34,34,19,45,45,53,70,50,31,41,74,66],"gold":407,"neow_bonus":"THREE_ENEMY_KILL","is_prod":false,"is_daily":false,"chose_seed":false,"campfire_upgraded":6,"win_rate":0,"timestamp":1545789034,"path_taken":["M","?","$","M","?","E","$","R","T","E","M","R","M","E","R","BOSS","M","?","?","?","?","R","M","R","T","E","?","?","M","?","R","BOSS","M","$","?","M","?","R","E","R","T","E","?","M","E","?","R","BOSS"],"build_version":"2018-12-20","purchased_purges":2,"victory":true,"max_hp_per_floor":[75,75,75,75,68,68,68,68,68,68,68,68,68,68,68,68,68,68,68,68,68,68,68,70,70,70,72,72,72,74,74,76,76,76,78,78,78,80,80,80,82,84,84,84,100,102,102,104,106,106],"card_choices":[{"not_picked":["Perfected Strike","Iron Wave","Hemokinesis"],"picked":"SKIP","floor":1},{"not_picked":["Flex","Evolve"],"picked":"Searing Blow","floor":4},{"not_picked":["Fire Breathing","Havoc"],"picked":"Seeing Red","floor":6},{"not_picked":["Rupture","Feel No Pain"],"picked":"Battle Trance","floor":10},{"not_picked":["Dropkick","Flex"],"picked":"Uppercut","floor":11},{"not_picked":["Reckless Charge","Twin Strike"],"picked":"Offering","floor":13},{"not_picked":["Inflame","Body Slam"],"picked":"Double Tap","floor":14},{"not_picked":["Exhume","Barricade"],"picked":"Demon Form","floor":16},{"not_picked":["Sever Soul","Warcry"],"picked":"Bloodletting+1","floor":18},{"not_picked":["Headbutt","Evolve"],"picked":"Seeing Red","floor":21},{"not_picked":["Headbutt","Carnage","Iron Wave"],"picked":"Singing Bowl","floor":24},{"not_picked":["Iron Wave","Havoc","Exhume"],"picked":"Singing Bowl","floor":27},{"not_picked":["Searing Blow","Havoc","Armaments"],"picked":"Singing Bowl","floor":30},{"not_picked":["Evolve","Pommel Strike","Body Slam"],"picked":"Singing Bowl","floor":32},{"not_picked":["Berserk","Exhume"],"picked":"Offering","floor":33},{"not_picked":["Combust","Spot Weakness+1","Thunderclap"],"picked":"Singing Bowl","floor":35},{"not_picked":["Rage","Fire Breathing","Wild Strike"],"picked":"Singing Bowl","floor":38},{"not_picked":["Shockwave","Clothesline","Warcry"],"picked":"Singing Bowl","floor":41},{"not_picked":["Perfected Strike+1","Clothesline","Clash"],"picked":"Singing Bowl","floor":42},{"not_picked":["Infernal Blade+1","Bloodletting"],"picked":"Rupture+1","floor":44},{"not_picked":["Uppercut+1","Iron Wave","Sword Boomerang"],"picked":"Singing Bowl","floor":45},{"not_picked":["Armaments","Shockwave+1","Impervious"],"picked":"Singing Bowl","floor":46},{"not_picked":["Reckless Charge","Headbutt"],"picked":"Ghostly Armor","floor":47},{"not_picked":["Shockwave+1","Hemokinesis","Heavy Blade"],"picked":"Singing Bowl","floor":48},{"not_picked":["Flex","True Grit","Perfected Strike"],"picked":"Singing Bowl","floor":49}],"player_experience":613422,"relics_obtained":[{"floor":6,"key":"MawBank"},{"floor":9,"key":"Singing Bowl"},{"floor":10,"key":"Paper Frog"},{"floor":14,"key":"Bag of Marbles"},{"floor":26,"key":"Dream Catcher"},{"floor":27,"key":"Ancient Tea Set"},{"floor":31,"key":"Vajra"},{"floor":41,"key":"Magic Flower"},{"floor":43,"key":"Self Forming Clay"},{"floor":44,"key":"War Paint"},{"floor":45,"key":"Mango"},{"floor":47,"key":"Darkstone Periapt"},{"floor":48,"key":"Charon\u0027s Ashes"}],"event_choices":[{"cards_removed":["Strike_R"],"damage_healed":0,"gold_gain":0,"player_choice":"Forget","damage_taken":0,"max_hp_gain":0,"max_hp_loss":0,"event_name":"Living Wall","floor":2,"gold_loss":0},{"damage_healed":0,"gold_gain":0,"player_choice":"Lose Max HP","damage_taken":0,"relics_obtained":["Golden Idol"],"max_hp_gain":0,"max_hp_loss":7,"event_name":"Golden Idol","floor":5,"gold_loss":0},{"damage_healed":0,"gold_gain":0,"player_choice":"Gave Idol","damage_taken":0,"relics_obtained":["Bloody Idol"],"max_hp_gain":0,"max_hp_loss":0,"event_name":"Forgotten Altar","floor":19,"relics_lost":["Golden Idol"],"gold_loss":0},{"damage_healed":0,"gold_gain":0,"player_choice":"Leave","damage_taken":0,"max_hp_gain":0,"max_hp_loss":0,"event_name":"FaceTrader","floor":20,"gold_loss":0},{"damage_healed":0,"gold_gain":0,"player_choice":"Ignored","damage_taken":0,"max_hp_gain":0,"max_hp_loss":0,"event_name":"The Mausoleum","floor":22,"gold_loss":0},{"damage_healed":0,"gold_gain":0,"player_choice":"Inject Mutagens","damage_taken":0,"relics_obtained":["MutagenicStrength"],"max_hp_gain":0,"max_hp_loss":0,"event_name":"Drug Dealer","floor":28,"gold_loss":0},{"damage_healed":0,"gold_gain":0,"player_choice":"Ignored","damage_taken":0,"max_hp_gain":0,"max_hp_loss":0,"event_name":"Vampires","floor":29,"gold_loss":0},{"damage_healed":0,"gold_gain":0,"player_choice":"Embrace Madness","damage_taken":14,"max_hp_gain":0,"max_hp_loss":0,"event_name":"Winding Halls","floor":37,"gold_loss":0,"cards_obtained":["Madness","Madness"]},{"cards_removed":["Defend_R"],"damage_healed":0,"gold_gain":0,"player_choice":"Removed Skill","damage_taken":0,"max_hp_gain":0,"max_hp_loss":0,"event_name":"Falling","floor":39,"gold_loss":0},{"damage_healed":0,"gold_gain":0,"player_choice":"Fight","damage_taken":0,"max_hp_gain":0,"max_hp_loss":0,"event_name":"MindBloom","floor":45,"gold_loss":0},{"damage_healed":0,"gold_gain":0,"player_choice":"Fight","damage_taken":0,"max_hp_gain":0,"max_hp_loss":0,"event_name":"Mysterious Sphere","floor":48,"gold_loss":0}],"is_beta":false,"boss_relics":[{"not_picked":["Snecko Eye","Fusion Hammer"],"picked":"Astrolabe"},{"not_picked":["Tiny House","Velvet Choker"],"picked":"Sozu"}],"items_purged_floors":[7,36],"is_endless":false,"potions_floor_spawned":[4,6,10,13,14,21,24,30,38,41,44,47,48],"ascension_level":15}