{"gold_per_floor":[112,212,212,212,231,231,260,260,317,242,242,242,142,162,162,263,263,281,281,293,293,293,293,322,322,371,371,403,403,278,298,298,298],"floor_reached":33,"playtime":1543,"items_purged":["Defend_B","Decay","Strike_B"],"score":327,"play_id":"1aed8c8a-f013-401e-811a-dfaf11f7b3e7","local_time":"20180813065005","is_ascension_mode":false,"campfire_choices":[{"data":"Dualcast","floor":6,"key":"SMITH"},{"data":"Zap","floor":8,"key":"SMITH"},{"data":"Sweeping Beam","floor":12,"key":"SMITH"},{"data":"Conserve Battery","floor":15,"key":"SMITH"},{"data":"Loop","floor":23,"key":"SMITH"},{"data":"Creative AI","floor":25,"key":"SMITH"},{"data":"Redo","floor":27,"key":"SMITH"},{"data":"Meteor Strike","floor":29,"key":"SMITH"},{"data":"Rebound","floor":32,"key":"SMITH"}],"neow_cost":"NONE","seed_source_timestamp":74502537740046,"circlet_count":0,"master_deck":["Strike_B","Strike_B","Defend_B","Defend_B","Defend_B","Zap+1","Dualcast+1","Sweeping Beam+1","Rebound+1","Meteor Strike+1","Conserve Battery+1","Creative AI+1","Loop+1","Conserve Battery+1","Ghostly","Ghostly","Ghostly","Ghostly","Ghostly","Redo+1"],"relics":["Cracked Core","NeowsBlessing","Oddly Smooth Stone","Tiny Chest","Nuclear Battery","NlothsMask","Du-Vu Doll","Strawberry","Nunchaku"],"potions_floor_usage":[16,18],"damage_taken":[{"damage":0,"enemies":"Jaw Worm","floor":1,"turns":1},{"damage":0,"enemies":"Cultist","floor":5,"turns":1},{"damage":0,"enemies":"Gremlin Nob","floor":7,"turns":1},{"damage":0,"enemies":"Small Slimes","floor":14,"turns":1},{"damage":34,"enemies":"Slime Boss","floor":16,"turns":11},{"damage":19,"enemies":"Shell Parasite","floor":18,"turns":5},{"damage":16,"enemies":"Spheric Guardian","floor":20,"turns":4},{"damage":14,"enemies":"Slavers","floor":24,"turns":7},{"damage":1,"enemies":"Gremlin Leader","floor":28,"turns":7},{"damage":3,"enemies":"Snake Plant","floor":31,"turns":5},{"damage":29,"enemies":"Champ","floor":33,"turns":10}],"seed_played":"8211541159381958161","potions_obtained":[{"floor":5,"key":"PowerPotion"},{"floor":16,"key":"Swift Potion"},{"floor":28,"key":"SpeedPotion"}],"is_trial":false,"path_per_floor":["M","?","?","?","M","R","E","R","T","$","?","R","$","M","R","B",null,"M","?","M","?","T","R","E","R","T","R","E","R","$","M","R"],"character_chosen":"DEFECT","items_purchased":[],"campfire_rested":0,"item_purchase_floors":[],"current_hp_per_floor":[75,75,80,80,80,80,80,80,80,80,80,80,80,80,80,46,80,61,61,45,40,40,40,26,26,33,33,32,32,32,29,29,0],"gold":298,"neow_bonus":"THREE_ENEMY_KILL","is_prod":false,"is_daily":false,"chose_seed":false,"campfire_upgraded":9,"win_rate":0,"timestamp":1534114205,"path_taken":["M","?","?","?","?","R","E","R","T","$","?","R","$","M","R","BOSS","M","?","M","?","?","R","E","R","T","R","E","R","$","M","R","BOSS"],"build_version":"2018-08-09","purchased_purges":3,"victory":false,"max_hp_per_floor":[75,75,80,80,80,80,80,80,80,80,80,80,80,80,80,80,80,80,80,80,40,40,40,40,40,47,47,47,47,47,47,47,47],"card_choices":[{"not_picked":["Turbo","Coolheaded"],"picked":"Sweeping Beam","floor":1},{"not_picked":["Hologram","Redo"],"picked":"Rebound","floor":5},{"not_picked":["Turbo","Lockon"],"picked":"Meteor Strike","floor":7},{"not_picked":["Compile Driver","Auto Shields"],"picked":"Conserve Battery","floor":14},{"not_picked":["Amplify","Fission"],"picked":"Creative AI","floor":16},{"not_picked":["Doom and Gloom","Skim+1"],"picked":"Loop","floor":18},{"not_picked":["Ball Lightning","Sweeping Beam"],"picked":"Conserve Battery+1","floor":20},{"not_picked":["FTL","Sweeping Beam"],"picked":"Redo","floor":24},{"not_picked":["Beam Cell","Conserve Battery","All For One"],"picked":"SKIP","floor":28},{"not_picked":["Barrage","Blizzard","Beam Cell"],"picked":"SKIP","floor":31}],"player_experience":388885,"relics_obtained":[{"floor":7,"key":"Oddly Smooth Stone"},{"floor":9,"key":"Tiny Chest"},{"floor":24,"key":"Du-Vu Doll"},{"floor":26,"key":"Strawberry"},{"floor":28,"key":"Nunchaku"}],"event_choices":[{"event_name":"Golden Shrine","player_choice":"Pray","floor":2,"damage_taken":0},{"event_name":"Big Fish","player_choice":"Donut","floor":3,"damage_taken":0},{"event_name":"Living Wall","player_choice":"Forget","floor":4,"damage_taken":0},{"event_name":"Wheel of Change","player_choice":"Curse","floor":11,"damage_taken":0},{"event_name":"FaceTrader","player_choice":"Trade","floor":19,"damage_taken":0},{"event_name":"Ghosts","player_choice":"Became a Ghost","floor":21,"damage_taken":0}],"is_beta":false,"boss_relics":[{"not_picked":["Coffee Dripper","Sozu"],"picked":"Nuclear Battery"}],"items_purged_floors":[10,13,30],"is_endless":false,"potions_floor_spawned":[5,16,28],"killed_by":"Champ","ascension_level":0}