{"gold_per_floor":[112,124,74,87,87,87,117,117,187,199,86,104,123,123,123,219,219,230,193,204,204,216,216,234,234],"floor_reached":25,"playtime":1507,"items_purged":["Strike_G"],"score":322,"play_id":"7bd3c199-8548-4034-a5ab-8e34cd32ed43","local_time":"20190610142539","is_ascension_mode":true,"campfire_choices":[{"data":"Die Die Die","floor":6,"key":"SMITH"},{"floor":8,"key":"REST"},{"floor":15,"key":"REST"},{"data":"Dodge and Roll","floor":23,"key":"SMITH"}],"neow_cost":"PERCENT_DAMAGE","seed_source_timestamp":246583899472360,"circlet_count":0,"master_deck":["Defend_G","Defend_G","Defend_G","Strike_G+1","Survivor+1","Neutralize","Die Die Die+1","Poisoned Stab","Prepared","Quick Slash","Caltrops","Caltrops","Corpse Explosion","Catalyst","Die Die Die","Prepared+1","Flying Knee+1","Distraction+1","Dodge and Roll+1","Caltrops","Backflip","Ghostly","Ghostly","Ghostly","Ghostly","Ghostly","Deflect","Blur"],"relics":["Ring of the Snake","Boot","Darkstone Periapt","Astrolabe"],"potions_floor_usage":[7,16,25],"damage_taken":[{"damage":0,"enemies":"Cultist","floor":1,"turns":4},{"damage":0,"enemies":"2 Louse","floor":2,"turns":3},{"damage":11,"enemies":"Jaw Worm","floor":4,"turns":5},{"damage":16,"enemies":"Lagavulin","floor":7,"turns":9},{"damage":0,"enemies":"2 Fungi Beasts","floor":10,"turns":2},{"damage":0,"enemies":"Large Slime","floor":12,"turns":5},{"damage":3,"enemies":"Blue Slaver","floor":13,"turns":4},{"damage":26,"enemies":"Hexaghost","floor":16,"turns":8},{"damage":16,"enemies":"Spheric Guardian","floor":18,"turns":5},{"damage":11,"enemies":"Shell Parasite","floor":20,"turns":4},{"damage":5,"enemies":"Cultist and Chosen","floor":22,"turns":6},{"damage":3,"enemies":"Snake Plant","floor":24,"turns":5},{"damage":37,"enemies":"Gremlin Leader","floor":25,"turns":6}],"seed_played":"-6188002380319217052","potions_obtained":[{"floor":4,"key":"EssenceOfSteel"},{"floor":12,"key":"Swift Potion"},{"floor":13,"key":"Poison Potion"},{"floor":16,"key":"SpeedPotion"},{"floor":18,"key":"PowerPotion"}],"is_trial":false,"path_per_floor":["M","M","?","M","?","R","E","R","T","M","$","M","M","?","R","B",null,"M","$","M","?","M","R","M","E"],"character_chosen":"THE_SILENT","items_purchased":["Caltrops","Caltrops"],"campfire_rested":2,"item_purchase_floors":[11,19],"current_hp_per_floor":[45,45,45,34,20,20,4,25,25,25,25,25,22,15,36,10,55,39,39,28,28,23,23,20,0],"gold":234,"neow_bonus":"THREE_RARE_CARDS","is_prod":false,"is_daily":false,"chose_seed":false,"campfire_upgraded":2,"win_rate":0,"timestamp":1560147939,"path_taken":["M","M","?","M","?","R","E","R","T","?","$","M","M","?","R","BOSS","M","$","M","?","M","R","M","E"],"build_version":"2019-01-23","purchased_purges":1,"victory":false,"max_hp_per_floor":[70,70,70,70,70,70,70,70,70,70,70,70,70,70,70,70,70,70,70,70,35,35,35,35,35],"card_choices":[{"not_picked":["Storm of Steel","Night Terror"],"picked":"Die Die Die","floor":0},{"not_picked":["Underhanded Strike","Terror"],"picked":"Poisoned Stab","floor":1},{"not_picked":["Dagger Throw","Quick Slash"],"picked":"Prepared","floor":2},{"not_picked":["Dagger Throw","Distraction"],"picked":"Quick Slash","floor":4},{"not_picked":["Outmaneuver","Concentrate"],"picked":"Caltrops","floor":7},{"not_picked":["Flying Knee","Masterful Stab","Bane"],"picked":"SKIP","floor":10},{"not_picked":["Slice","Well Laid Plans"],"picked":"Corpse Explosion","floor":12},{"not_picked":["Backstab","Prepared"],"picked":"Catalyst","floor":13},{"not_picked":["A Thousand Cuts","Glass Knife"],"picked":"Die Die Die","floor":16},{"not_picked":["Blade Dance","Deadly Poison"],"picked":"Dodge and Roll","floor":18},{"not_picked":["Cloak And Dagger","Poisoned Stab"],"picked":"Backflip","floor":20},{"not_picked":["Slice","Prepared"],"picked":"Deflect","floor":22},{"not_picked":["Catalyst+1","Eviscerate"],"picked":"Blur","floor":24}],"player_experience":745743,"relics_obtained":[{"floor":7,"key":"Boot"},{"floor":9,"key":"Darkstone Periapt"}],"event_choices":[{"cards_removed":["Strike_G"],"damage_healed":0,"gold_gain":0,"player_choice":"Card Removal","damage_taken":0,"max_hp_gain":0,"max_hp_loss":0,"event_name":"The Cleric","floor":3,"gold_loss":50},{"damage_healed":0,"gold_gain":0,"player_choice":"Entered Light","damage_taken":14,"max_hp_gain":0,"max_hp_loss":0,"event_name":"Shining Light","floor":5,"gold_loss":0,"cards_upgraded":["Strike_G","Survivor"]},{"cards_removed":["Strike_G"],"damage_healed":0,"gold_gain":0,"player_choice":"Card Removal","damage_taken":7,"max_hp_gain":0,"max_hp_loss":0,"event_name":"Golden Wing","floor":14,"gold_loss":0},{"damage_healed":0,"gold_gain":0,"player_choice":"Became a Ghost","damage_taken":0,"max_hp_gain":0,"max_hp_loss":35,"event_name":"Ghosts","floor":21,"gold_loss":0,"cards_obtained":["Ghostly","Ghostly","Ghostly","Ghostly","Ghostly"]}],"is_beta":false,"boss_relics":[{"not_picked":["Busted Crown","White Beast Statue"],"picked":"Astrolabe"}],"items_purged_floors":[11],"is_endless":false,"potions_floor_spawned":[4,12,13,16,18,22,24],"killed_by":"Gremlin Leader","ascension_level":9}