{"gold_per_floor":[116,129,54,54,74,102,102,122,122,122,122,136,149,149,149,149],"floor_reached":16,"playtime":731,"items_purged":["Strike_R"],"score":158,"play_id":"2b343ca4-1c58-4505-b7dc-6e6f54ad68b6","local_time":"20181208233949","is_ascension_mode":true,"campfire_choices":[{"data":"Rampage","floor":7,"key":"SMITH"},{"data":"Shrug It Off","floor":10,"key":"SMITH"},{"floor":15,"key":"REST"}],"neow_cost":"PERCENT_DAMAGE","seed_source_timestamp":488362201923367,"circlet_count":0,"master_deck":["AscendersBane","Strike_R","Strike_R","Defend_R","Defend_R","Defend_R","Defend_R","Bash","Rampage+1","Pommel Strike","Burning Pact","Shrug It Off+1","Headbutt","Shrug It Off"],"relics":["Burning Blood","Kunai","Prayer Wheel","Unceasing Top"],"potions_floor_usage":[],"damage_taken":[{"damage":1,"enemies":"Cultist","floor":1,"turns":4},{"damage":8,"enemies":"2 Louse","floor":2,"turns":3},{"damage":3,"enemies":"Jaw Worm","floor":5,"turns":4},{"damage":30,"enemies":"Lagavulin","floor":6,"turns":5},{"damage":9,"enemies":"Exordium Wildlife","floor":8,"turns":4},{"damage":22,"enemies":"Large Slime","floor":12,"turns":7},{"damage":25,"enemies":"Gremlin Gang","floor":13,"turns":7},{"damage":33,"enemies":"Slime Boss","floor":16,"turns":5}],"seed_played":"985595057592416801","potions_obtained":[{"floor":2,"key":"Explosive Potion"},{"floor":5,"key":"FairyPotion"},{"floor":12,"key":"FairyPotion"}],"is_trial":false,"path_per_floor":["M","M","$","?","M","E","R","M","T","R","?","M","M","?","R","B"],"character_chosen":"IRONCLAD","items_purchased":[],"campfire_rested":1,"item_purchase_floors":[],"current_hp_per_floor":[56,54,54,54,57,33,33,30,30,30,30,14,8,8,32,0],"gold":149,"neow_bonus":"REMOVE_TWO","is_prod":false,"is_daily":false,"chose_seed":false,"campfire_upgraded":2,"win_rate":0,"timestamp":1544283589,"path_taken":["M","?","$","?","M","E","R","M","T","R","?","M","?","?","R","BOSS"],"build_version":"2018-12-06","purchased_purges":1,"victory":false,"max_hp_per_floor":[80,80,80,80,80,80,80,80,80,80,80,80,80,80,80,80],"card_choices":[{"not_picked":["Wild Strike","Dropkick"],"picked":"Rampage","floor":1},{"not_picked":["Havoc","Reckless Charge","Searing Blow"],"picked":"SKIP","floor":2},{"not_picked":["Hemokinesis","Rupture"],"picked":"Pommel Strike","floor":5},{"not_picked":["Inflame","Ghostly Armor"],"picked":"Burning Pact","floor":6},{"not_picked":["Combust","Perfected Strike"],"picked":"Shrug It Off","floor":8},{"not_picked":["Iron Wave","Dropkick"],"picked":"Headbutt","floor":12},{"not_picked":["True Grit","Twin Strike","Uppercut"],"picked":"SKIP","floor":12},{"not_picked":["Sword Boomerang","Pommel Strike"],"picked":"Shrug It Off","floor":13},{"not_picked":["Shockwave","Flame Barrier","Armaments"],"picked":"SKIP","floor":13}],"player_experience":510632,"relics_obtained":[{"floor":6,"key":"Kunai"},{"floor":9,"key":"Prayer Wheel"}],"event_choices":[{"damage_healed":0,"gold_gain":0,"player_choice":"Ignored","damage_taken":0,"max_hp_gain":0,"max_hp_loss":0,"event_name":"Liars Game","floor":4,"gold_loss":0},{"damage_healed":0,"gold_gain":0,"player_choice":"Ignored","damage_taken":0,"max_hp_gain":0,"max_hp_loss":0,"event_name":"Golden Idol","floor":11,"gold_loss":0},{"damage_healed":0,"gold_gain":0,"player_choice":"Success","damage_taken":12,"relics_obtained":["Unceasing Top"],"max_hp_gain":0,"max_hp_loss":0,"event_name":"Scrap Ooze","floor":14,"gold_loss":0}],"is_beta":false,"boss_relics":[],"items_purged_floors":[3],"is_endless":false,"potions_floor_spawned":[2,5,8,12],"killed_by":"Slime Boss","ascension_level":11}