{"gold_per_floor":[20,35,35,54,75,75,99,99,99,130,143,187,187],"floor_reached":13,"playtime":517,"items_purged":[],"score":175,"play_id":"406cde96-ab75-489e-98ce-b0e6c0ac4079","local_time":"20181226101200","is_ascension_mode":true,"campfire_choices":[{"data":"Bash","floor":6,"key":"SMITH"},{"data":"Impervious","floor":8,"key":"SMITH"}],"neow_cost":"NO_GOLD","seed_source_timestamp":405023200927819,"circlet_count":0,"master_deck":["AscendersBane","Strike_R","Strike_R","Strike_R","Strike_R","Strike_R","Defend_R","Defend_R","Defend_R","Defend_R","Bash+1","Battle Trance","Headbutt","Impervious+1","Flame Barrier+1","Warcry+1","Seeing Red+1"],"relics":["Burning Blood","StoneCalendar","Golden Idol","Pantograph","Toxic Egg 2","Blood Vial"],"potions_floor_usage":[12,12],"damage_taken":[{"damage":6,"enemies":"Jaw Worm","floor":1,"turns":5},{"damage":0,"enemies":"Small Slimes","floor":2,"turns":4},{"damage":3,"enemies":"2 Louse","floor":4,"turns":4},{"damage":17,"enemies":"2 Fungi Beasts","floor":5,"turns":4},{"damage":0,"enemies":"Large Slime","floor":7,"turns":4},{"damage":40,"enemies":"3 Sentries","floor":10,"turns":8},{"damage":0,"enemies":"3 Louse","floor":11,"turns":5},{"damage":27,"enemies":"Gremlin Nob","floor":12,"turns":4}],"seed_played":"4991790707697577582","potions_obtained":[{"floor":1,"key":"PowerPotion"},{"floor":2,"key":"LiquidBronze"}],"is_trial":false,"path_per_floor":["M","M","?","M","M","R","M","R","T","E","M","E","?"],"character_chosen":"IRONCLAD","items_purchased":[],"campfire_rested":0,"item_purchase_floors":[],"current_hp_per_floor":[68,74,68,68,57,57,63,63,63,29,35,14,0],"gold":187,"neow_bonus":"ONE_RARE_RELIC","is_prod":false,"is_daily":false,"chose_seed":false,"campfire_upgraded":2,"win_rate":0,"timestamp":1545790320,"path_taken":["M","M","?","M","M","R","M","R","T","E","M","E","?"],"build_version":"2018-12-20","purchased_purges":0,"victory":false,"max_hp_per_floor":[75,75,68,68,68,68,68,68,68,68,68,68,68],"card_choices":[{"not_picked":["Rupture","Perfected Strike"],"picked":"Battle Trance","floor":1},{"not_picked":["Heavy Blade","Twin Strike","Wild Strike"],"picked":"SKIP","floor":2},{"not_picked":["Pommel Strike","Rage","Entrench"],"picked":"SKIP","floor":4},{"not_picked":["Pommel Strike","Wild Strike"],"picked":"Headbutt","floor":5},{"not_picked":["Thunderclap","Warcry"],"picked":"Impervious","floor":7},{"not_picked":["Power Through","Dark Embrace"],"picked":"Flame Barrier","floor":10},{"not_picked":["Battle Trance+1","Headbutt"],"picked":"Warcry+1","floor":11},{"not_picked":["Carnage","Intimidate+1"],"picked":"Seeing Red+1","floor":12}],"player_experience":616250,"relics_obtained":[{"floor":9,"key":"Pantograph"},{"floor":10,"key":"Toxic Egg 2"},{"floor":12,"key":"Blood Vial"}],"event_choices":[{"damage_healed":0,"gold_gain":0,"player_choice":"Lose Max HP","damage_taken":0,"relics_obtained":["Golden Idol"],"max_hp_gain":0,"max_hp_loss":7,"event_name":"Golden Idol","floor":3,"gold_loss":0}],"is_beta":false,"boss_relics":[],"items_purged_floors":[],"is_endless":false,"potions_floor_spawned":[1,2,11],"ascension_level":16}