{"gold_per_floor":[119,132,150,75,45,73,73,73,73,73,90,108,183,198,198,198],"floor_reached":16,"playtime":590,"items_purged":["Strike_R"],"score":163,"play_id":"9fa78891-0d26-40e1-8666-f11f83b04e40","local_time":"20181217202402","is_ascension_mode":true,"campfire_choices":[{"data":"Flame Barrier","floor":7,"key":"SMITH"},{"data":"Strike_R","floor":10,"key":"PURGE"},{"data":"Rampage","floor":15,"key":"SMITH"}],"neow_cost":"NONE","seed_source_timestamp":439280807920210,"circlet_count":0,"master_deck":["AscendersBane","Strike_R","Strike_R","Strike_R","Defend_R","Defend_R","Defend_R","Defend_R","Bash","Cleave","Flame Barrier+1","Ghostly Armor","Shrug It Off","Twin Strike","Rampage+1","Parasite","Impervious","Seeing Red"],"relics":["Burning Blood","Incense Burner","Peace Pipe"],"potions_floor_usage":[6,14,14],"damage_taken":[{"damage":8,"enemies":"2 Louse","floor":1,"turns":3},{"damage":6,"enemies":"Jaw Worm","floor":2,"turns":4},{"damage":1,"enemies":"Small Slimes","floor":3,"turns":4},{"damage":6,"enemies":"Looter","floor":5,"turns":4},{"damage":63,"enemies":"Lagavulin","floor":6,"turns":9},{"damage":0,"enemies":"Lots of Slimes","floor":11,"turns":2},{"damage":3,"enemies":"Blue Slaver","floor":12,"turns":4},{"damage":3,"enemies":"Large Slime","floor":14,"turns":5},{"damage":45,"enemies":"Hexaghost","floor":16,"turns":11}],"seed_played":"5813643413825644977","potions_obtained":[{"floor":2,"key":"Weak Potion"},{"floor":6,"key":"Swift Potion"},{"floor":11,"key":"EssenceOfSteel"},{"floor":12,"key":"Energy Potion"}],"is_trial":false,"path_per_floor":["M","M","M","$","M","E","R","?","T","R","M","M","?","M","R","B"],"character_chosen":"IRONCLAD","items_purchased":[],"campfire_rested":0,"item_purchase_floors":[],"current_hp_per_floor":[70,70,75,75,75,18,18,38,38,38,44,47,36,39,39,0],"gold":198,"neow_bonus":"THREE_CARDS","is_prod":false,"is_daily":false,"chose_seed":false,"campfire_upgraded":2,"win_rate":0,"timestamp":1545049442,"path_taken":["M","M","M","$","M","E","R","?","T","R","M","M","?","M","R","BOSS"],"build_version":"2018-12-13","purchased_purges":1,"victory":false,"max_hp_per_floor":[80,80,80,80,80,80,80,80,80,80,80,80,80,80,80,80],"card_choices":[{"not_picked":["Headbutt","Ghostly Armor"],"picked":"Cleave","floor":0},{"not_picked":["Pommel Strike","Headbutt"],"picked":"Flame Barrier","floor":1},{"not_picked":["Anger","Spot Weakness"],"picked":"Ghostly Armor","floor":2},{"not_picked":["Burning Pact","Entrench"],"picked":"Shrug It Off","floor":3},{"not_picked":["Armaments","Sword Boomerang"],"picked":"Twin Strike","floor":5},{"not_picked":["Iron Wave","Reaper"],"picked":"Rampage","floor":6},{"not_picked":["Perfected Strike","Flex","Body Slam"],"picked":"SKIP","floor":11},{"not_picked":["Wild Strike","Perfected Strike"],"picked":"Impervious","floor":12},{"not_picked":["Clothesline","Sword Boomerang"],"picked":"Seeing Red","floor":14}],"player_experience":585536,"relics_obtained":[{"floor":6,"key":"Incense Burner"},{"floor":9,"key":"Peace Pipe"}],"event_choices":[{"damage_healed":20,"gold_gain":0,"player_choice":"Healed and dodged fight","damage_taken":0,"max_hp_gain":0,"max_hp_loss":0,"event_name":"Mushrooms","floor":8,"gold_loss":0,"cards_obtained":["Parasite"]},{"damage_healed":0,"gold_gain":75,"player_choice":"Gather Gold","damage_taken":11,"max_hp_gain":0,"max_hp_loss":0,"event_name":"World of Goop","floor":13,"gold_loss":0}],"is_beta":false,"boss_relics":[],"items_purged_floors":[4],"is_endless":false,"potions_floor_spawned":[2,6,11,12],"killed_by":"Hexaghost","ascension_level":12}