{"path_per_floor":["M","?","?","?","M","R","M","R","T","?","M","M","R","M","R","B",null,"M","?","?","?","$","R","M","M","T","M","?","R","M","E","R"],"character_chosen":"DEFECT","items_purchased":["Capacitor","Leap"],"gold_per_floor":[109,109,184,184,203,203,216,216,216,216,234,253,253,273,273,369,369,380,380,380,305,133,133,58,75,151,167,167,167,182,212,212,212],"floor_reached":33,"campfire_rested":2,"playtime":1859,"current_hp_per_floor":[64,64,53,75,74,74,64,64,64,64,56,54,54,62,62,43,75,64,64,64,64,64,64,49,49,49,28,28,50,34,19,41,0],"items_purged":["Defend_B"],"gold":212,"score":293,"play_id":"fa10f0da-c2aa-442c-9235-0b75235a5888","local_time":"20180427021402","is_prod":false,"is_daily":false,"chose_seed":false,"is_ascension_mode":true,"campfire_upgraded":5,"timestamp":1524813242,"path_taken":["M","?","?","?","M","R","M","R","T","?","M","M","R","M","R","BOSS","M","?","?","?","$","R","M","M","T","M","?","R","M","E","R","BOSS"],"build_version":"2018-04-26v2","seed_source_timestamp":1348109040905465,"purchased_purges":1,"victory":false,"master_deck":["Defend_B","Defend_B","Zap+1","Dualcast","Chaos+1","Chill","Impulse+1","Capacitor+1","Rainbow+1","Recycle+1","Reinforced Body+1","FTL+1","Capacitor","Capacitor","Leap","Heatsinks+1","Glacier+1"],"max_hp_per_floor":[75,75,75,75,75,75,75,75,75,75,75,75,75,75,75,75,75,75,75,75,75,75,75,75,75,75,75,75,75,75,75,75,75],"relics":["Cracked Core","Juzu Bracelet","Gremlin Horn","Astrolabe","Mummified Hand","The Courier"],"card_choices":[{"not_picked":["Conserve Battery","Storm"],"picked":"Chaos","floor":7},{"not_picked":["Auto Shields","Storm"],"picked":"Chill","floor":11},{"not_picked":["Skim","Beam Cell"],"picked":"Impulse","floor":12},{"not_picked":["Axe Kick","Rebound"],"picked":"Capacitor","floor":14},{"not_picked":["Seek","Reboot"],"picked":"Rainbow","floor":16},{"not_picked":["Go for the Eyes","Buffer"],"picked":"Capacitor","floor":18},{"not_picked":["Hello World","Axe Kick"],"picked":"Heatsinks","floor":24},{"not_picked":["Turbo","Reinforced Body"],"picked":"Glacier","floor":30}],"player_experience":48084,"potions_floor_usage":[14,16,16,18,30,31,33],"damage_taken":[{"damage":11,"enemies":"Small Slimes","floor":1,"turns":3},{"damage":1,"enemies":"Cultist","floor":5,"turns":3},{"damage":10,"enemies":"2 Louse","floor":7,"turns":3},{"damage":8,"enemies":"Large Slime","floor":11,"turns":6},{"damage":2,"enemies":"2 Fungi Beasts","floor":12,"turns":3},{"damage":1,"enemies":"3 Louse","floor":14,"turns":4},{"damage":19,"enemies":"Slime Boss","floor":16,"turns":9},{"damage":11,"enemies":"Shell Parasite","floor":18,"turns":5},{"damage":15,"enemies":"2 Thieves","floor":24,"turns":5},{"damage":0,"enemies":"Snecko","floor":25,"turns":6},{"damage":21,"enemies":"Snake Plant","floor":27,"turns":5},{"damage":16,"enemies":"Centurion and Healer","floor":30,"turns":5},{"damage":15,"enemies":"Slavers","floor":31,"turns":9},{"damage":53,"enemies":"Champ","floor":33,"turns":12}],"event_choices":[{"event_name":"Shining Light","player_choice":"Ignored","floor":2,"damage_taken":0},{"event_name":"World of Goop","player_choice":"Gather Gold","floor":3,"damage_taken":0},{"event_name":"Big Fish","player_choice":"Banana","floor":4,"damage_taken":0},{"event_name":"Purifier","player_choice":"One Purge","floor":10,"damage_taken":0},{"event_name":"The Mausoleum","player_choice":"No","floor":19,"damage_taken":0},{"event_name":"Ghosts","player_choice":"Ignored","floor":20,"damage_taken":0},{"event_name":"Beggar","player_choice":"Gave Gold","floor":21,"damage_taken":0},{"event_name":"Drug Dealer","player_choice":"Ignored","floor":28,"damage_taken":0}],"boss_relics":[{"not_picked":["Pandora\u0027s Box","Philosopher\u0027s Stone"],"picked":"Astrolabe"}],"potions_floor_spawned":[7,12,14,16,18,27,30,31],"seed_played":"-6222258179092104292","killed_by":"Champ","ascension_level":3,"is_trial":false}