{"gold_per_floor":[116,116,116,116,134,168,168,197,224,250,325,343,343,370,382,472,484,507,537,549],"floor_reached":20,"playtime":933,"items_purged":[],"score":405,"play_id":"6389373b-6c86-4c82-a0ec-2cf5643f7098","local_time":"20181230081235","is_ascension_mode":true,"campfire_choices":[{"data":"Bash","floor":7,"key":"SMITH"},{"floor":13,"key":"REST"},{"data":"Heavy Blade","floor":15,"key":"SMITH"}],"neow_cost":"NONE","seed_source_timestamp":743041105476340,"circlet_count":0,"master_deck":["AscendersBane","Strike_R","Strike_R","Strike_R","Strike_R","Defend_R","Defend_R","Defend_R","Bash+1","Spot Weakness","Flex","Battle Trance","Heavy Blade+1","True Grit+1","Bloodletting+1","Limit Break+1","Rupture","Whirlwind"],"relics":["Burning Blood","NeowsBlessing","Smiling Mask","Thread and Needle","Juzu Bracelet","Toxic Egg 2","MawBank","Cursed Key"],"potions_floor_usage":[10,14,16,18],"damage_taken":[{"damage":0,"enemies":"Small Slimes","floor":1,"turns":1},{"damage":0,"enemies":"Jaw Worm","floor":5,"turns":1},{"damage":0,"enemies":"Lagavulin","floor":6,"turns":2},{"damage":47,"enemies":"Gremlin Nob","floor":8,"turns":4},{"damage":16,"enemies":"3 Sentries","floor":10,"turns":6},{"damage":0,"enemies":"Cultist","floor":12,"turns":3},{"damage":10,"enemies":"Lagavulin","floor":14,"turns":7},{"damage":37,"enemies":"Slime Boss","floor":16,"turns":9},{"damage":23,"enemies":"2 Thieves","floor":18,"turns":3},{"damage":32,"enemies":"3 Byrds","floor":19,"turns":6},{"damage":36,"enemies":"Sentry and Sphere","floor":20,"turns":4}],"seed_played":"7834705868771521823","potions_obtained":[{"floor":5,"key":"GamblersBrew"},{"floor":6,"key":"Energy Potion"},{"floor":12,"key":"Energy Potion"},{"floor":16,"key":"Regen Potion"},{"floor":19,"key":"Ancient Potion"}],"is_trial":false,"path_per_floor":["M","?","?","?","M","E","R","E","T","E","?","M","R","E","R","B",null,"M","M","M"],"character_chosen":"IRONCLAD","items_purchased":[],"campfire_rested":1,"item_purchase_floors":[],"current_hp_per_floor":[74,74,79,79,80,80,80,39,39,29,18,24,48,44,44,13,63,55,29,0],"gold":549,"neow_bonus":"THREE_ENEMY_KILL","is_prod":false,"is_daily":false,"chose_seed":false,"campfire_upgraded":2,"win_rate":0,"timestamp":1546128755,"path_taken":["M","?","?","?","?","E","R","E","T","E","?","M","R","E","R","BOSS","M","M","M"],"build_version":"2018-12-20","purchased_purges":0,"victory":false,"max_hp_per_floor":[75,75,80,80,80,80,80,80,80,80,80,80,80,80,80,80,80,80,80,80],"card_choices":[{"not_picked":["Havoc","Anger"],"picked":"Spot Weakness","floor":1},{"not_picked":["Body Slam","Heavy Blade"],"picked":"Flex","floor":5},{"not_picked":["Clash","Bloodletting"],"picked":"Battle Trance","floor":6},{"not_picked":["Burning Pact","Havoc"],"picked":"Heavy Blade","floor":8},{"not_picked":["Armaments","Dark Embrace","Thunderclap"],"picked":"SKIP","floor":10},{"not_picked":["Perfected Strike","Clothesline"],"picked":"True Grit+1","floor":12},{"not_picked":["Infernal Blade+1","Corruption"],"picked":"Bloodletting+1","floor":14},{"not_picked":["Feed","Fiend Fire"],"picked":"Limit Break+1","floor":16},{"not_picked":["Anger","Warcry+1"],"picked":"Rupture","floor":18},{"not_picked":["Dropkick","Corruption"],"picked":"Whirlwind","floor":19}],"player_experience":630358,"relics_obtained":[{"floor":6,"key":"Smiling Mask"},{"floor":8,"key":"Thread and Needle"},{"floor":9,"key":"Juzu Bracelet"},{"floor":10,"key":"Toxic Egg 2"},{"floor":14,"key":"MawBank"}],"event_choices":[{"cards_removed":["Strike_R"],"damage_healed":0,"gold_gain":0,"player_choice":"Forget","damage_taken":0,"max_hp_gain":0,"max_hp_loss":0,"event_name":"Living Wall","floor":2,"gold_loss":0},{"damage_healed":0,"gold_gain":0,"player_choice":"Donut","damage_taken":0,"max_hp_gain":5,"max_hp_loss":0,"event_name":"Big Fish","floor":3,"gold_loss":0},{"cards_removed":["Defend_R"],"damage_healed":0,"gold_gain":0,"player_choice":"Purged","damage_taken":0,"max_hp_gain":0,"max_hp_loss":0,"event_name":"Purifier","floor":4,"gold_loss":0},{"damage_healed":0,"gold_gain":75,"player_choice":"Gather Gold","damage_taken":11,"max_hp_gain":0,"max_hp_loss":0,"event_name":"World of Goop","floor":11,"gold_loss":0}],"is_beta":false,"boss_relics":[{"not_picked":["Eternal Feather","Calling Bell"],"picked":"Cursed Key"}],"items_purged_floors":[],"is_endless":false,"potions_floor_spawned":[5,6,12,16,19],"killed_by":"Sentry and Sphere","ascension_level":16}