{"path_per_floor":["M","?","$","?","?","E","R","M","T","R","T","R","M","M","R","B",null,"M","T","?","?","M","R","M","M","T","M","M","M","R","$","R","B",null,"M","?","M","$","M","R","?","$","T","M","M","?","M","M","R"],"character_chosen":"THE_SILENT","items_purchased":["Backstab","Ornamental Fan","Adrenaline"],"gold_per_floor":[116,116,5,5,5,30,30,50,50,50,73,73,91,107,107,206,206,225,298,298,398,408,408,426,445,445,457,468,480,480,139,139,237,267,285,285,299,93,108,108,108,108,108,123,133,133,144,155,155],"floor_reached":50,"campfire_rested":4,"playtime":3143,"current_hp_per_floor":[66,66,66,66,71,61,61,61,75,75,75,75,75,75,75,57,89,75,75,75,75,63,63,63,53,53,47,26,27,53,53,79,5,94,42,42,42,42,27,55,79,79,79,60,58,58,43,33,61],"items_purged":["Defend_G","Defend_G","Strike_G"],"gold":155,"score":472,"play_id":"f7022e4d-282a-4f88-8b69-aac0fed3f504","is_prod":false,"is_daily":false,"is_ascension_mode":false,"campfire_upgraded":5,"path_taken":["M","?","?","?","?","E","R","?","T","R","?","R","?","M","R","BOSS","M","?","?","?","?","R","M","M","T","M","M","M","R","$","R","BOSS","M","?","M","$","M","R","?","$","T","M","M","?","?","M","R","BOSS"],"build_version":"2018-02-08-PROD1","purchased_purges":3,"victory":false,"master_deck":["Defend_G","Defend_G","Defend_G","Strike_G","Strike_G","Strike_G","Survivor","Neutralize","Dagger Spray+1","Backstab+1","Finisher+1","Endless Agony+1","Sucker Punch","Adrenaline+1","Dagger Spray+1","Heel Hook+1","Endless Agony+1","Dagger Spray+1","Slice+1","Adrenaline","Quick Slash+1","Dagger Spray+1","Flying Knee+1","Adrenaline","Acrobatics+1","Blade Dance+1"],"max_hp_per_floor":[70,70,70,70,75,75,75,75,89,89,89,89,89,89,89,89,89,89,89,89,89,89,89,89,89,89,89,89,89,89,89,89,89,94,94,94,94,94,94,94,94,94,94,94,94,94,94,94,94],"relics":["Ring of the Snake","Bronze Scales","Mango","Lantern","Question Card","Molten Egg 2","Dream Catcher","Ornamental Fan","Tiny House","Snake Skull"],"card_choices":[{"not_picked":["Bane","Backflip"],"picked":"Dagger Spray"},{"not_picked":["Dagger Spray","Poisoned Stab"],"picked":"Finisher"},{"not_picked":["Calculated Gamble","Prepared"],"picked":"Endless Agony"},{"not_picked":["Predator","Deadly Poison"],"picked":"Sucker Punch"},{"not_picked":["Corpse Explosion","A Thousand Cuts"],"picked":"Adrenaline"},{"not_picked":["Slice","Bane","Deadly Poison"],"picked":"Dagger Spray"},{"not_picked":["Deadly Poison","Venomology","PiercingWail"],"picked":"Heel Hook"},{"not_picked":["Bane","Dagger Throw","Flying Knee"],"picked":"Endless Agony"},{"not_picked":["Deflect","Endless Agony","Dagger Throw"],"picked":"Dagger Spray"},{"not_picked":["Infinite Blades","Deadly Poison","Escape Plan"],"picked":"Slice"},{"not_picked":["Deflect","Deadly Poison","Bane"],"picked":"Adrenaline"},{"not_picked":["Acrobatics","Deflect","Blur"],"picked":"Quick Slash"},{"not_picked":["Slice","PiercingWail","Choke"],"picked":"Dagger Spray"},{"not_picked":["Venomology","Poisoned Stab","Footwork"],"picked":"Flying Knee"},{"not_picked":["Outmaneuver","After Image","All Out Attack"],"picked":"Acrobatics"},{"not_picked":["Backflip","Calculated Gamble","Dash"],"picked":"Blade Dance"}],"player_experience":46137,"potions_floor_usage":[6,6,6,16,25,29,33,33,33,45,50,50,50],"damage_taken":[{"damage":4,"enemies":"Cultist","floor":1,"turns":4},{"damage":22,"enemies":"Lagavulin","floor":6,"turns":6},{"damage":0,"enemies":"2 Louse","floor":8,"turns":2},{"damage":0,"enemies":"Jaw Worm","floor":13,"turns":1},{"damage":0,"enemies":"Gremlin Gang","floor":14,"turns":1},{"damage":33,"enemies":"Slime Boss","floor":16,"turns":8},{"damage":14,"enemies":"Spheric Guardian","floor":18,"turns":3},{"damage":12,"enemies":"Shell Parasite","floor":22,"turns":2},{"damage":0,"enemies":"Chosen and Byrds","floor":24,"turns":3},{"damage":10,"enemies":"Centurion and Healer","floor":25,"turns":3},{"damage":6,"enemies":"3 Cultists","floor":27,"turns":3},{"damage":21,"enemies":"Snake Plant","floor":28,"turns":3},{"damage":5,"enemies":"Sentry and Sphere","floor":29,"turns":3},{"damage":74,"enemies":"Automaton","floor":33,"turns":7},{"damage":52,"enemies":"3 Shapes","floor":35,"turns":3},{"damage":0,"enemies":"Orb Walker","floor":37,"turns":2},{"damage":15,"enemies":"Maw","floor":39,"turns":7},{"damage":19,"enemies":"4 Shapes","floor":44,"turns":2},{"damage":2,"enemies":"3 Darklings","floor":45,"turns":3},{"damage":15,"enemies":"Sphere and 2 Shapes","floor":47,"turns":1},{"damage":10,"enemies":"Maw","floor":48,"turns":6},{"damage":63,"enemies":"Awakened One","floor":50,"turns":7}],"event_choices":[{"event_name":"Liars Game","player_choice":"disagreed","floor":2,"damage_taken":0},{"event_name":"Purifier","player_choice":"One Purge","floor":4,"damage_taken":0},{"event_name":"Big Fish","player_choice":"Donut","floor":5,"damage_taken":0},{"event_name":"Accursed Blacksmith","player_choice":"Ignore","floor":20,"damage_taken":0},{"event_name":"Golden Shrine","player_choice":"Pray","floor":21,"damage_taken":0},{"event_name":"The Woman in Blue","player_choice":"Bought 0 Potions","floor":36,"damage_taken":0},{"event_name":"Winding Halls","player_choice":"Writhe","floor":41,"damage_taken":0},{"event_name":"Purifier","player_choice":"One Purge","floor":46,"damage_taken":0}],"boss_relics":[{"not_picked":["Runic Dome","Runic Pyramid"],"picked":"Question Card"},{"not_picked":["Calling Bell","Cursed Key"],"picked":"Tiny House"}],"potions_floor_spawned":[8,14,18,22,28,29,35,39,47,48],"seed_played":"-5810719298298742022","killed_by":"Awakened One","ascension_level":0,"is_trial":false}