{"gold_per_floor":[117,117,42,58,68,68,93,93,93,93,113,113,113,131,131,235,285,297,125,125,0,16,16,35,47,47,47,11,21,21],"floor_reached":30,"playtime":2772,"items_purged":["Strike_R","Defend_R","Strike_R"],"score":255,"play_id":"31ed61f7-2b18-499d-81e4-7c71982c4051","local_time":"20190123004540","is_ascension_mode":false,"campfire_choices":[{"data":"Barricade","floor":6.0,"key":"SMITH"},{"data":"Bash","floor":8.0,"key":"SMITH"},{"data":"Demon Form","floor":12.0,"key":"SMITH"},{"data":"Twin Strike","floor":15.0,"key":"SMITH"},{"data":"Shockwave","floor":23.0,"key":"SMITH"},{"data":"Metallicize","floor":27.0,"key":"SMITH"}],"neow_cost":"NONE","seed_source_timestamp":103219836944500,"circlet_count":0,"master_deck":["Strike_R","Defend_R","Defend_R","Bash+1","Barricade+1","Heavy Blade","Cleave","Shrug It Off","Twin Strike+1","Demon Form+1","Anger","Ghostly Armor","Juggernaut+1","Shockwave","Twin Strike+1","Twin Strike","Shrug It Off","Shockwave+1","Shrug It Off+1","Metallicize+1","Rampage"],"special_seed":0,"relics":["Burning Blood","Bottled Flame","Darkstone Periapt","Kunai","FaceOfCleric","Tiny House","Bronze Scales"],"potions_floor_usage":[30,30],"damage_taken":[{"damage":6.0,"enemies":"Cultist","floor":1.0,"turns":3.0},{"damage":2.0,"enemies":"Small Slimes","floor":4.0,"turns":4.0},{"damage":15.0,"enemies":"Jaw Worm","floor":5.0,"turns":7.0},{"damage":34.0,"enemies":"3 Sentries","floor":7.0,"turns":10.0},{"damage":13.0,"enemies":"Lots of Slimes","floor":11.0,"turns":6.0},{"damage":12.0,"enemies":"Blue Slaver","floor":14.0,"turns":3.0},{"damage":35.0,"enemies":"Slime Boss","floor":16.0,"turns":6.0},{"damage":32.0,"enemies":"Spheric Guardian","floor":18.0,"turns":6.0},{"damage":29.0,"enemies":"2 Thieves","floor":22.0,"turns":4.0},{"damage":11.0,"enemies":"Snecko","floor":24.0,"turns":4.0},{"damage":1.0,"enemies":"Centurion and Healer","floor":25.0,"turns":7.0},{"damage":29.0,"enemies":"Sentry and Sphere","floor":29.0,"turns":7.0},{"damage":30,"enemies":"Slavers","floor":30,"turns":4}],"seed_played":"4739744208998962373","potions_obtained":[{"floor":1.0,"key":"Fruit Juice"},{"floor":5.0,"key":"FearPotion"},{"floor":7.0,"key":"LiquidBronze"},{"floor":16.0,"key":"Explosive Potion"},{"floor":17.0,"key":"SkillPotion"},{"floor":18.0,"key":"FearPotion"},{"floor":24.0,"key":"PowerPotion"}],"is_trial":false,"path_per_floor":["M","T","$","M","M","R","E","R","T","?","M","R","?","M","R","B",null,"M","$","?","$","M","R","M","M","T","R","$","M","E"],"character_chosen":"IRONCLAD","items_purchased":["Twin Strike","Shrug It Off","Rampage"],"campfire_rested":0,"item_purchase_floors":[19,19,28],"current_hp_per_floor":[80,80,80,85,76,76,48,48,48,48,42,42,42,37,37,9,93,68,68,68,68,46,46,42,48,48,48,48,26,0],"gold":21,"neow_bonus":"TRANSFORM_CARD","is_prod":false,"is_daily":false,"chose_seed":false,"campfire_upgraded":6,"win_rate":0.0,"timestamp":1548200740,"path_taken":["M","?","$","M","M","R","E","R","T","?","?","R","?","M","R","BOSS","M","?","?","$","M","R","M","?","T","R","$","M","E"],"build_version":"2019-01-17v2","purchased_purges":3,"victory":false,"max_hp_per_floor":[80,80,80,85,85,85,85,85,85,85,86,86,86,87,87,88,93,94,94,94,94,95,95,96,97,97,97,97,98,98],"card_choices":[{"not_picked":["Shockwave","Twin Strike"],"picked":"Heavy Blade","floor":1.0},{"not_picked":["Perfected Strike","Blood for Blood"],"picked":"Cleave","floor":4.0},{"not_picked":["Rupture","Sword Boomerang"],"picked":"Shrug It Off","floor":5.0},{"not_picked":["Rage","Searing Blow"],"picked":"Twin Strike","floor":7.0},{"not_picked":["Twin Strike","Blood for Blood"],"picked":"Demon Form","floor":11.0},{"not_picked":["Cleave","Dropkick"],"picked":"Ghostly Armor","floor":14.0},{"not_picked":["Offering","Immolate"],"picked":"Juggernaut","floor":16.0},{"not_picked":["Shrug It Off","Battle Trance"],"picked":"Shockwave","floor":17.0},{"not_picked":["Hemokinesis+1","Flex"],"picked":"Twin Strike+1","floor":18.0},{"not_picked":["True Grit","Power Through+1"],"picked":"Shockwave","floor":22.0},{"not_picked":["Combust","Thunderclap+1"],"picked":"Shrug It Off+1","floor":24.0},{"not_picked":["Flex+1","Headbutt"],"picked":"Metallicize","floor":25.0},{"not_picked":["Rage","Shockwave","Rampage"],"picked":"SKIP","floor":29.0}],"player_experience":78435,"relics_obtained":[{"floor":2.0,"key":"Bottled Flame"},{"floor":7.0,"key":"Darkstone Periapt"},{"floor":9.0,"key":"Kunai"},{"floor":26.0,"key":"Bronze Scales"}],"event_choices":[{"damage_healed":0.0,"max_hp_gain":0.0,"max_hp_loss":0.0,"gold_gain":0.0,"event_name":"FaceTrader","player_choice":"Trade","floor":10.0,"gold_loss":0.0,"damage_taken":0.0,"relics_obtained":["FaceOfCleric"]},{"damage_healed":0.0,"max_hp_gain":0.0,"max_hp_loss":0.0,"gold_gain":0.0,"cards_transformed":["Defend_R"],"event_name":"Transmorgrifier","player_choice":"Transformed","floor":13.0,"gold_loss":0.0,"damage_taken":0.0,"cards_obtained":["Anger"]},{"cards_removed":["Strike_R"],"damage_healed":0.0,"max_hp_gain":0.0,"max_hp_loss":0.0,"gold_gain":0.0,"event_name":"Bonfire Elementals","player_choice":"Offered Basic","floor":20.0,"gold_loss":0.0,"damage_taken":0.0}],"is_beta":false,"boss_relics":[{"not_picked":["Velvet Choker","Philosopher\u0027s Stone"],"picked":"Tiny House"}],"items_purged_floors":[3,19,21],"is_endless":false,"potions_floor_spawned":[1,5,7,16,18,24],"killed_by":"Slavers","ascension_level":0}