{"gold_per_floor":[118,118,118,129,149,149,178,189,214,239,239,239,270,288,288,365,365,384,401,326,1,18,18,32,32],"floor_reached":25,"playtime":947,"items_purged":[],"score":394,"play_id":"33e70be5-6a15-4a92-a1cc-930c35136938","local_time":"20190603060608","is_ascension_mode":true,"campfire_choices":[{"data":"Dualcast","floor":6.0,"key":"SMITH"},{"floor":12,"key":"REST"},{"floor":15,"key":"REST"},{"floor":23,"key":"REST"}],"neow_cost":"NONE","seed_source_timestamp":113945726729001,"circlet_count":0,"master_deck":["AscendersBane","Strike_B+1","Strike_B+1","Strike_B+1","Defend_B","Defend_B","Defend_B","Zap","Dualcast+1","Loop","Sweeping Beam+1","FTL","Capacitor","Conserve Battery","Cold Snap","All For One","Ball Lightning","Defragment","Gash","Go for the Eyes"],"special_seed":0,"relics":["Cracked Core","Whetstone","Bronze Scales","Art of War","Strawberry","White Beast Statue","DataDisk"],"potions_floor_usage":[13,14,18,19,22,22,24],"damage_taken":[{"damage":3.0,"enemies":"Small Slimes","floor":1.0,"turns":4.0},{"damage":3.0,"enemies":"2 Louse","floor":4.0,"turns":2.0},{"damage":7.0,"enemies":"Jaw Worm","floor":5.0,"turns":4.0},{"damage":10.0,"enemies":"Gremlin Nob","floor":7.0,"turns":3.0},{"damage":0.0,"enemies":"2 Fungi Beasts","floor":8.0,"turns":2.0},{"damage":16,"enemies":"3 Sentries","floor":13,"turns":6},{"damage":15,"enemies":"Exordium Thugs","floor":14,"turns":3},{"damage":22,"enemies":"Hexaghost","floor":16,"turns":9},{"damage":19,"enemies":"Shell Parasite","floor":18,"turns":5},{"damage":31,"enemies":"2 Thieves","floor":19,"turns":4},{"damage":10,"enemies":"Snecko","floor":22,"turns":4},{"damage":28,"enemies":"Sentry and Sphere","floor":24,"turns":6},{"damage":19,"enemies":"3 Cultists","floor":25,"turns":3}],"seed_played":"-6488695128838714897","potions_obtained":[{"floor":0.0,"key":"Poison Potion"},{"floor":0.0,"key":"EssenceOfSteel"},{"floor":4.0,"key":"Fire Potion"},{"floor":7.0,"key":"SpeedPotion"},{"floor":13,"key":"Regen Potion"},{"floor":18,"key":"PowerPotion"},{"floor":19,"key":"FearPotion"},{"floor":22,"key":"SkillPotion"},{"floor":24,"key":"SteroidPotion"}],"is_trial":false,"path_per_floor":["M","?","?","M","M","R","E","M","T","T","?","R","E","M","R","B",null,"M","M","?","$","M","R","M","M"],"character_chosen":"DEFECT","items_purchased":["DataDisk","Regen Potion","Defragment"],"campfire_rested":3,"item_purchase_floors":[21,21,21],"current_hp_per_floor":[61,61,40,37,30,30,20,20,20,20,20,41,32,26,49,27,65,46,15,15,15,17,40,12,0],"gold":32,"neow_bonus":"THREE_SMALL_POTIONS","is_prod":false,"is_daily":false,"chose_seed":false,"campfire_upgraded":1,"win_rate":0,"timestamp":1559513168,"path_taken":["M","?","?","M","M","R","E","M","T","?","?","R","E","?","R","BOSS","M","M","?","$","M","R","M","M"],"build_version":"2019-01-23","purchased_purges":0,"victory":false,"max_hp_per_floor":[71,71,71,71,71,71,71,71,71,71,71,71,78,78,78,78,78,78,78,78,78,78,78,78,78],"card_choices":[{"not_picked":["Redo","FTL"],"picked":"Loop","floor":1.0},{"not_picked":["Hologram","Conserve Battery"],"picked":"Sweeping Beam","floor":4.0},{"not_picked":["Go for the Eyes","Streamline"],"picked":"FTL","floor":5.0},{"not_picked":["Melter","Coolheaded"],"picked":"Capacitor","floor":7.0},{"not_picked":["Biased Cognition","Stack"],"picked":"Conserve Battery","floor":8.0},{"not_picked":["Conserve Battery","Redo"],"picked":"Cold Snap","floor":13},{"not_picked":["Beam Cell","Leap","Redo"],"picked":"SKIP","floor":14},{"not_picked":["Meteor Strike","Hyperbeam"],"picked":"All For One","floor":16},{"not_picked":["FTL","Leap","Blizzard"],"picked":"SKIP","floor":18},{"not_picked":["Cold Snap","Stack"],"picked":"Ball Lightning","floor":19},{"not_picked":["Heatsinks","Steam Power"],"picked":"Gash","floor":22},{"not_picked":["Machine Learning","Force Field"],"picked":"Go for the Eyes","floor":24}],"player_experience":625557,"relics_obtained":[{"floor":7.0,"key":"Whetstone"},{"floor":9.0,"key":"Bronze Scales"},{"floor":10.0,"key":"Art of War"},{"floor":13,"key":"Strawberry"}],"event_choices":[{"cards_removed":["Strike_B"],"damage_healed":0.0,"max_hp_gain":0.0,"max_hp_loss":0.0,"gold_gain":0.0,"event_name":"Living Wall","player_choice":"Forget","floor":2.0,"gold_loss":0.0,"damage_taken":0.0},{"damage_healed":0.0,"max_hp_gain":0.0,"max_hp_loss":0.0,"gold_gain":0.0,"event_name":"Shining Light","player_choice":"Entered Light","floor":3.0,"gold_loss":0.0,"damage_taken":21.0,"cards_upgraded":["Strike_B","Strike_B"]},{"damage_healed":0,"gold_gain":0,"player_choice":"Searched \u00270\u0027 times","damage_taken":0,"max_hp_gain":0,"max_hp_loss":0,"event_name":"Dead Adventurer","floor":11,"gold_loss":0},{"cards_removed":["Defend_B"],"damage_healed":0,"gold_gain":0,"player_choice":"Gave Gold","damage_taken":0,"max_hp_gain":0,"max_hp_loss":0,"event_name":"Beggar","floor":20,"gold_loss":75}],"is_beta":false,"boss_relics":[{"not_picked":["Coffee Dripper","Astrolabe"],"picked":"White Beast Statue"}],"items_purged_floors":[],"is_endless":false,"potions_floor_spawned":[4,7,8,13,18,19,22,24],"killed_by":"3 Cultists","ascension_level":17}