{"path_per_floor":["M","?","M","M","?","E","R","M","T","?","$","R","M","?","R","B",null,"M","?","T","M","M","R","M","R","T","E","R","?","?","M","R","B",null,"M","?","M","M","$","R","M","R","T","M","R","$","M","M","R","B"],"character_chosen":"DEFECT","items_purchased":["Leap"],"gold_per_floor":[112,62,78,95,95,123,123,143,143,143,68,68,86,86,86,183,183,195,195,195,207,220,220,233,233,233,266,266,0,0,14,14,116,116,135,135,154,169,23,23,40,40,40,53,53,53,69,83,83,83],"floor_reached":51,"campfire_rested":4,"playtime":3014,"current_hp_per_floor":[64,64,63,62,62,41,41,37,37,34,34,34,30,30,67,57,71,74,74,74,69,16,53,48,48,48,30,67,67,67,68,68,39,66,54,54,55,52,52,52,52,52,52,59,59,59,59,50,75,22],"items_purged":["Strike_B","Barrage"],"gold":83,"score":830,"play_id":"ee342306-aaf0-4f39-8c47-cf11de34047c","local_time":"20180429031121","is_prod":false,"is_daily":false,"chose_seed":false,"is_ascension_mode":true,"campfire_upgraded":7,"timestamp":1524989481,"path_taken":["M","?","M","M","?","E","R","M","T","?","$","R","?","?","R","BOSS","M","?","?","M","?","R","M","R","T","E","R","?","?","?","R","BOSS","M","?","M","M","$","R","M","R","T","M","R","?","M","M","R","BOSS"],"build_version":"2018-04-27v3","seed_source_timestamp":139556627679945,"purchased_purges":2,"victory":true,"master_deck":["Zap+1","Dualcast","Ball Lightning+1","Barrage+1","Chill","Seek","Axe Kick","Self Repair","Hello World+1","Recycle","Stack+1","Stack+1","Chill","Conserve Battery","Stack+1","Leap","Seek","Leap","Barrage+1","Conserve Battery+1","Leap","Glacier+1","Double Energy+1","Heatsinks+1","Defragment+1"],"max_hp_per_floor":[75,75,75,75,75,75,75,75,75,75,75,75,75,75,75,75,75,75,75,75,75,75,75,75,75,75,75,75,75,75,75,75,75,75,75,75,75,75,75,75,75,75,75,75,75,75,75,75,75,75],"relics":["Inserter","Dream Catcher","Regal Pillow","Symbiotic Virus","Pandora\u0027s Box","Letter Opener","Molten Egg 2","Ancient Tea Set","Sozu","Mercury Hourglass"],"card_choices":[{"not_picked":["Axe Kick","Cold Snap"],"picked":"Ball Lightning","floor":1},{"not_picked":["Impulse","Scrape"],"picked":"Barrage","floor":3},{"not_picked":["Self Repair","Streamline"],"picked":"Chill","floor":4},{"not_picked":["Nova","Sweeping Beam"],"picked":"Barrage","floor":15},{"not_picked":["Fission","Amplify"],"picked":"Seek","floor":16},{"not_picked":["Melter","Scrape"],"picked":"Stack","floor":21},{"not_picked":["Streamline","Rip and Tear"],"picked":"Chill","floor":23},{"not_picked":["Rebound","Storm"],"picked":"Conserve Battery","floor":24},{"not_picked":["Buffer","Go for the Eyes"],"picked":"Barrage","floor":27},{"not_picked":["Heatsinks","Blaster"],"picked":"Stack","floor":28},{"not_picked":["Thunder Strike","Fission"],"picked":"Seek","floor":33},{"not_picked":["Cold Snap","Beam Cell"],"picked":"Leap","floor":35},{"not_picked":["Ball Lightning","Self Repair"],"picked":"Barrage","floor":37},{"not_picked":["Hello World","Turbo"],"picked":"Conserve Battery","floor":38},{"not_picked":["Skim","Flux Capacitor"],"picked":"Glacier","floor":41},{"not_picked":["Sweeping Beam","Cold Snap"],"picked":"Double Energy","floor":44},{"not_picked":["Static Discharge","Rip and Tear"],"picked":"Heatsinks","floor":48},{"not_picked":["Capacitor","Coolheaded"],"picked":"Defragment","floor":49}],"player_experience":104167,"potions_floor_usage":[6,16,31,33,33],"damage_taken":[{"damage":4,"enemies":"2 Louse","floor":1,"turns":5},{"damage":1,"enemies":"Small Slimes","floor":3,"turns":3},{"damage":1,"enemies":"Cultist","floor":4,"turns":3},{"damage":33,"enemies":"Lagavulin","floor":6,"turns":6},{"damage":4,"enemies":"Blue Slaver","floor":8,"turns":4},{"damage":4,"enemies":"2 Fungi Beasts","floor":13,"turns":3},{"damage":10,"enemies":"Slime Boss","floor":16,"turns":6},{"damage":4,"enemies":"Chosen","floor":18,"turns":3},{"damage":12,"enemies":"3 Byrds","floor":21,"turns":3},{"damage":60,"enemies":"Snake Plant","floor":22,"turns":5},{"damage":12,"enemies":"3 Cultists","floor":24,"turns":5},{"damage":25,"enemies":"Slavers","floor":27,"turns":5},{"damage":6,"enemies":"Centurion and Healer","floor":31,"turns":4},{"damage":36,"enemies":"Champ","floor":33,"turns":9},{"damage":12,"enemies":"Orb Walker","floor":35,"turns":3},{"damage":6,"enemies":"3 Shapes","floor":37,"turns":6},{"damage":10,"enemies":"Flame Bruiser 2 Orb","floor":38,"turns":6},{"damage":7,"enemies":"3 Darklings","floor":41,"turns":6},{"damage":0,"enemies":"4 Shapes","floor":44,"turns":5},{"damage":7,"enemies":"Spire Growth","floor":47,"turns":5},{"damage":16,"enemies":"Maw","floor":48,"turns":9},{"damage":60,"enemies":"Time Eater","floor":50,"turns":12}],"event_choices":[{"event_name":"The Cleric","player_choice":"Card Removal","floor":2,"damage_taken":0},{"event_name":"Liars Game","player_choice":"disagreed","floor":5,"damage_taken":0},{"event_name":"Scrap Ooze","player_choice":"success","floor":10,"damage_taken":3},{"event_name":"Golden Idol","player_choice":"Ignored","floor":14,"damage_taken":0},{"event_name":"Back to Basics","player_choice":"Elegance","floor":19,"damage_taken":0},{"event_name":"Masked Bandits","player_choice":"Paid Bandits 266 gold","floor":29,"damage_taken":0},{"event_name":"The Library","player_choice":"Read","floor":30,"damage_taken":0}],"boss_relics":[{"not_picked":["Black Star","Calling Bell"],"picked":"Pandora\u0027s Box"},{"not_picked":["Velvet Choker","Runic Pyramid"],"picked":"Sozu"}],"potions_floor_spawned":[3,8,18,27,31,35,37],"seed_played":"-1559649049526860991","ascension_level":6,"is_trial":false}