{"gold_per_floor":[113,126,142,67,79,79,112,112,157,57,88,363,363,383,383,486,486,505,524,544,544],"floor_reached":21,"playtime":1124,"items_purged":["Strike_R","Strike_R"],"score":254,"play_id":"9c4a3f96-f7b6-465a-94bb-59bcb61c613b","local_time":"20190520003943","is_ascension_mode":true,"campfire_choices":[{"data":"Iron Wave","floor":6,"key":"SMITH"},{"data":"Cleave","floor":8,"key":"SMITH"},{"data":"Rampage","floor":13,"key":"SMITH"},{"floor":15,"key":"REST"}],"neow_cost":"NONE","seed_source_timestamp":201129280688700,"circlet_count":0,"master_deck":["Strike_R","Strike_R","Strike_R","Defend_R","Defend_R","Defend_R","Defend_R","Bash","Iron Wave+1","Cleave+1","Rampage+1","Regret","Heavy Blade","Feed","Heavy Blade","Armaments","Offering"],"relics":["Black Blood","Gremlin Horn","Happy Flower","Regal Pillow"],"potions_floor_usage":[7,18,18,21],"damage_taken":[{"damage":14,"enemies":"2 Louse","floor":1,"turns":3},{"damage":6,"enemies":"Cultist","floor":2,"turns":3},{"damage":14,"enemies":"Small Slimes","floor":3,"turns":3},{"damage":7,"enemies":"3 Louse","floor":5,"turns":4},{"damage":10,"enemies":"Gremlin Nob","floor":7,"turns":4},{"damage":28,"enemies":"3 Sentries","floor":11,"turns":7},{"damage":10,"enemies":"Large Slime","floor":14,"turns":4},{"damage":64,"enemies":"The Guardian","floor":16,"turns":9},{"damage":43,"enemies":"Shell Parasite","floor":18,"turns":6},{"damage":37,"enemies":"2 Thieves","floor":19,"turns":4},{"damage":23,"enemies":"Snecko","floor":20,"turns":4},{"damage":24,"enemies":"Snake Plant","floor":21,"turns":2}],"seed_played":"941513834465848889","potions_obtained":[{"floor":1,"key":"Weak Potion"},{"floor":7,"key":"Energy Potion"},{"floor":11,"key":"Ancient Potion"},{"floor":16,"key":"SneckoOil"},{"floor":20,"key":"Dexterity Potion"}],"is_trial":false,"path_per_floor":["M","M","M","$","M","R","E","R","T","$","E","?","R","M","R","B",null,"M","M","M","M"],"character_chosen":"IRONCLAD","items_purchased":[],"campfire_rested":1,"item_purchase_floors":[],"current_hp_per_floor":[80,80,72,72,71,71,67,67,67,67,45,45,45,41,82,24,88,55,31,22,0],"gold":544,"neow_bonus":"TEN_PERCENT_HP_BONUS","is_prod":false,"is_daily":false,"chose_seed":false,"campfire_upgraded":3,"win_rate":0,"timestamp":1558323583,"path_taken":["M","M","M","$","M","R","E","R","T","$","E","?","R","M","R","BOSS","M","M","M","M"],"build_version":"2019-01-23","purchased_purges":2,"victory":false,"max_hp_per_floor":[88,88,88,88,88,88,88,88,88,88,88,88,88,88,88,88,88,88,91,95,95],"card_choices":[{"not_picked":["Ghostly Armor","Anger","Thunderclap"],"picked":"SKIP","floor":1},{"not_picked":["Shrug It Off","Flex"],"picked":"Iron Wave","floor":2},{"not_picked":["Clothesline","Bloodletting","Corruption"],"picked":"SKIP","floor":3},{"not_picked":["Reckless Charge","Bloodletting"],"picked":"Cleave","floor":5},{"not_picked":["Shrug It Off","Havoc","Warcry"],"picked":"SKIP","floor":7},{"not_picked":["Exhume","Armaments"],"picked":"Rampage","floor":11},{"not_picked":["Clash","Twin Strike"],"picked":"Heavy Blade","floor":14},{"not_picked":["Barricade","Immolate"],"picked":"Feed","floor":16},{"not_picked":["Disarm","Power Through"],"picked":"Heavy Blade","floor":18},{"not_picked":["Clothesline","Wild Strike+1"],"picked":"Armaments","floor":19},{"not_picked":["Heavy Blade","True Grit"],"picked":"Offering","floor":20}],"player_experience":196856,"relics_obtained":[{"floor":7,"key":"Gremlin Horn"},{"floor":9,"key":"Happy Flower"},{"floor":11,"key":"Regal Pillow"}],"event_choices":[{"damage_healed":0,"gold_gain":275,"player_choice":"Desecrate","damage_taken":0,"max_hp_gain":0,"max_hp_loss":0,"event_name":"Golden Shrine","floor":12,"gold_loss":0,"cards_obtained":["Regret"]}],"is_beta":false,"boss_relics":[{"not_picked":["Astrolabe","White Beast Statue"],"picked":"Black Blood"}],"items_purged_floors":[4,10],"is_endless":false,"potions_floor_spawned":[1,7,11,16,20],"killed_by":"Snake Plant","ascension_level":4}