{"path_per_floor":["M","M","?","M","M","R","E","R","T","$","M","M","?","M","R","B",null,"M","M","M","?","?","R","M","R","T","$","M","R","M","?","R","B",null,"M","$","M","$","?"],"character_chosen":"DEFECT","items_purchased":["Tempest","Glacier","Capacitor","Oddly Smooth Stone"],"gold_per_floor":[115,126,126,136,153,153,184,184,236,41,56,75,75,87,87,185,185,204,217,229,229,229,229,240,240,240,22,32,32,42,42,42,141,141,152,52,68,68,0,0],"floor_reached":40,"campfire_rested":3,"playtime":2246,"current_hp_per_floor":[70,70,70,70,62,62,37,37,37,37,35,32,32,23,45,30,75,60,50,38,38,38,60,54,54,54,54,49,49,49,49,71,47,75,69,69,36,36,36,0],"items_purged":["Strike_B","Strike_B"],"gold":0,"score":468,"play_id":"50757132-58ec-4bba-914a-5eacd67d13d1","local_time":"20180428114734","is_prod":false,"is_daily":false,"chose_seed":false,"is_ascension_mode":true,"campfire_upgraded":4,"timestamp":1524934054,"path_taken":["M","M","?","?","M","R","E","R","T","$","M","M","?","M","R","BOSS","M","M","M","?","?","R","M","R","T","$","?","R","M","?","R","BOSS","M","?","M","$","?","E"],"build_version":"2018-04-27v3","seed_source_timestamp":84983159391685,"purchased_purges":3,"victory":false,"master_deck":["Strike_B","Defend_B","Defend_B","Defend_B","Defend_B","Zap+1","Dualcast","Reinforced Body","Rainbow+1","White Noise","Tempest","Glacier+1","Capacitor","Ball Lightning","Ball Lightning","Sweeping Beam","Prime+1","Leap+1","Cold Snap+1","Leap","Ball Lightning","Defragment+1","Rainbow","White Noise"],"max_hp_per_floor":[75,75,75,75,75,75,75,75,75,75,75,75,75,75,75,75,75,75,75,75,75,75,75,75,75,75,75,75,75,75,75,75,75,75,75,75,75,75,75,75],"relics":["Cracked Core","Mercury Hourglass","Pen Nib","Cursed Key","Oddly Smooth Stone","Inserter","Red Mask"],"card_choices":[{"not_picked":["Impulse","Coolheaded"],"picked":"Reinforced Body","floor":1},{"not_picked":["Axe Kick","Hologram"],"picked":"White Noise","floor":5},{"not_picked":["Loop","Doom and Gloom"],"picked":"Ball Lightning","floor":11},{"not_picked":["Undo","Hologram"],"picked":"Ball Lightning","floor":12},{"not_picked":["Skim","Reprogram"],"picked":"Sweeping Beam","floor":14},{"not_picked":["Rainbow","All For One"],"picked":"Prime","floor":16},{"not_picked":["Melter","Hologram"],"picked":"Leap","floor":19},{"not_picked":["Scrape","Loop"],"picked":"Cold Snap","floor":20},{"not_picked":["Steam Power","Sunder"],"picked":"Leap","floor":24},{"not_picked":["Go for the Eyes","Beam Cell"],"picked":"Ball Lightning","floor":28},{"not_picked":["Chill","Double Energy"],"picked":"Defragment","floor":30},{"not_picked":["Fusion","All For One"],"picked":"Rainbow","floor":33},{"not_picked":["Cold Snap","Coolheaded"],"picked":"White Noise","floor":37}],"player_experience":69927,"potions_floor_usage":[16,16,20,20,24,33,35,40],"damage_taken":[{"damage":5,"enemies":"Small Slimes","floor":1,"turns":3},{"damage":0,"enemies":"Jaw Worm","floor":2,"turns":3},{"damage":0,"enemies":"Cultist","floor":4,"turns":3},{"damage":8,"enemies":"2 Fungi Beasts","floor":5,"turns":3},{"damage":25,"enemies":"3 Sentries","floor":7,"turns":10},{"damage":2,"enemies":"Large Slime","floor":11,"turns":5},{"damage":3,"enemies":"Blue Slaver","floor":12,"turns":3},{"damage":9,"enemies":"Red Slaver","floor":14,"turns":2},{"damage":15,"enemies":"Slime Boss","floor":16,"turns":7},{"damage":15,"enemies":"2 Thieves","floor":18,"turns":4},{"damage":10,"enemies":"Shell Parasite","floor":19,"turns":5},{"damage":12,"enemies":"Snake Plant","floor":20,"turns":4},{"damage":6,"enemies":"Chosen and Byrds","floor":24,"turns":4},{"damage":5,"enemies":"Centurion and Healer","floor":28,"turns":8},{"damage":0,"enemies":"Snecko","floor":30,"turns":6},{"damage":24,"enemies":"Automaton","floor":33,"turns":9},{"damage":6,"enemies":"Orb Walker","floor":35,"turns":3},{"damage":33,"enemies":"Flame Bruiser 1 Orb","floor":37,"turns":5},{"damage":41,"enemies":"2 Orb Walkers","floor":40,"turns":3}],"event_choices":[{"event_name":"Living Wall","player_choice":"Change","floor":3,"damage_taken":0},{"event_name":"Liars Game","player_choice":"disagreed","floor":13,"damage_taken":0},{"event_name":"N\u0027loth","player_choice":"Ignored","floor":21,"damage_taken":0},{"event_name":"Drug Dealer","player_choice":"Ignored","floor":22,"damage_taken":0},{"event_name":"Ghosts","player_choice":"Ignored","floor":31,"damage_taken":0},{"event_name":"Tomb of Lord Red Mask","player_choice":"Paid","floor":39,"damage_taken":0}],"boss_relics":[{"not_picked":["Orrery","Runic Dome"],"picked":"Cursed Key"},{"not_picked":["Astrolabe","Tiny House"],"picked":"Inserter"}],"potions_floor_spawned":[2,7,11,14,16,19,28,30,37],"seed_played":"5933209760925025234","killed_by":"2 Orb Walkers","ascension_level":4,"is_trial":false}