{"gold_per_floor":[111,127,58,76,76,76,105,105,105,105,132,158,26,38,38,115,115,126,141,56,66,66,66,66,66,66,16,34,34,34],"floor_reached":30,"playtime":1564,"items_purged":["Strike_B"],"score":440,"play_id":"349a9ac5-fe2e-474a-be57-6ef0732e30ed","local_time":"20190607161711","is_ascension_mode":true,"campfire_choices":[{"data":"Rainbow","floor":6,"key":"SMITH"},{"data":"Capacitor","floor":8,"key":"SMITH"},{"data":"Hologram","floor":10,"key":"SMITH"},{"data":"Chaos","floor":15,"key":"SMITH"},{"data":"Buffer","floor":23,"key":"SMITH"},{"floor":25,"key":"REST"},{"data":"Consume","floor":29,"key":"SMITH"}],"neow_cost":"NONE","seed_source_timestamp":1725339181932270,"circlet_count":0,"master_deck":["AscendersBane","Strike_B","Strike_B","Defend_B","Defend_B","Defend_B","Defend_B","Zap+1","Dualcast+1","Leap","Cold Snap","Conserve Battery","Hologram+1","Gash","Rainbow+1","Capacitor+1","Cold Snap","Glacier","Chaos+1","Barrage","Buffer+1","Conserve Battery","Redo+1","Consume+1"],"relics":["Orrery","War Paint","Orichalcum","Mercury Hourglass","Odd Mushroom","Oddly Smooth Stone","Inserter","Juzu Bracelet","Meat on the Bone"],"potions_floor_usage":[7,14,21,22,30,30],"damage_taken":[{"damage":4,"enemies":"2 Louse","floor":1,"turns":4},{"damage":0,"enemies":"Cultist","floor":2,"turns":3},{"damage":0,"enemies":"Jaw Worm","floor":4,"turns":4},{"damage":10,"enemies":"3 Sentries","floor":7,"turns":4},{"damage":20,"enemies":"The Mushroom Lair","floor":11,"turns":4},{"damage":8,"enemies":"Lagavulin","floor":12,"turns":8},{"damage":12,"enemies":"Large Slime","floor":14,"turns":7},{"damage":2,"enemies":"Hexaghost","floor":16,"turns":8},{"damage":23,"enemies":"3 Byrds","floor":18,"turns":5},{"damage":15,"enemies":"Spheric Guardian","floor":19,"turns":7},{"damage":0,"enemies":"Snecko","floor":21,"turns":7},{"damage":2,"enemies":"Snake Plant","floor":22,"turns":3},{"damage":0,"enemies":"Centurion and Healer","floor":28,"turns":7},{"damage":50,"enemies":"Gremlin Leader","floor":30,"turns":4}],"seed_played":"-901269742674377786","potions_obtained":[{"floor":4,"key":"AttackPotion"},{"floor":7,"key":"Regen Potion"},{"floor":12,"key":"GamblersBrew"},{"floor":16,"key":"Block Potion"},{"floor":21,"key":"SmokeBomb"},{"floor":28,"key":"Fire Potion"}],"is_trial":false,"path_per_floor":["M","M","?","M","?","R","E","R","T","R","?","E","$","M","R","B",null,"M","M","?","M","M","R","$","R","T","?","M","R","E"],"character_chosen":"DEFECT","items_purchased":["Dexterity Potion"],"campfire_rested":1,"item_purchase_floors":[13],"current_hp_per_floor":[60,60,60,60,60,60,50,50,50,50,30,22,22,25,25,23,59,36,21,21,21,19,19,19,40,40,40,40,40,0],"gold":34,"neow_bonus":"BOSS_RELIC","is_prod":false,"is_daily":false,"chose_seed":false,"campfire_upgraded":6,"win_rate":0,"timestamp":1559938631,"path_taken":["M","M","?","?","?","R","E","R","T","R","?","E","?","?","R","BOSS","M","M","?","M","M","R","$","R","T","?","M","R","E"],"build_version":"2019-01-23","purchased_purges":1,"victory":false,"max_hp_per_floor":[71,71,71,71,71,71,71,71,71,71,71,71,71,71,71,71,71,71,71,71,71,71,71,71,71,71,71,71,71,71],"card_choices":[{"not_picked":["Recycle","Fusion"],"picked":"Leap","floor":0},{"not_picked":["Aggregate","Barrage"],"picked":"Cold Snap","floor":0},{"not_picked":["Streamline","Melter"],"picked":"Conserve Battery","floor":0},{"not_picked":["Barrage","Sweeping Beam"],"picked":"Hologram","floor":0},{"not_picked":["Steam Power","Sweeping Beam"],"picked":"Gash","floor":0},{"not_picked":["Ball Lightning","Beam Cell"],"picked":"Rainbow","floor":1},{"not_picked":["Scrape","Go for the Eyes"],"picked":"Capacitor","floor":2},{"not_picked":["Lockon","Conserve Battery"],"picked":"Cold Snap","floor":4},{"not_picked":["Compile Driver","Seek"],"picked":"Glacier","floor":7},{"not_picked":["Reprogram","Steam Power"],"picked":"Chaos","floor":12},{"not_picked":["Sunder","Melter"],"picked":"Barrage","floor":14},{"not_picked":["Meteor Strike","Thunder Strike"],"picked":"Buffer","floor":16},{"not_picked":["Redo","Gash"],"picked":"Conserve Battery","floor":18},{"not_picked":["Rebound","Beam Cell","Compile Driver"],"picked":"SKIP","floor":19},{"not_picked":["Force Field","Sweeping Beam"],"picked":"Redo+1","floor":21},{"not_picked":["Reboot","Recycle"],"picked":"Consume","floor":28}],"player_experience":767423,"relics_obtained":[{"floor":7,"key":"Orichalcum"},{"floor":9,"key":"Mercury Hourglass"},{"floor":11,"key":"Odd Mushroom"},{"floor":12,"key":"Oddly Smooth Stone"},{"floor":26,"key":"Meat on the Bone"}],"event_choices":[{"damage_healed":0,"gold_gain":0,"player_choice":"Paid Gold","damage_taken":0,"relics_obtained":["War Paint"],"max_hp_gain":0,"max_hp_loss":0,"event_name":"WeMeetAgain","floor":3,"gold_loss":69},{"cards_removed":["Strike_B"],"damage_healed":0,"gold_gain":0,"player_choice":"Forget","damage_taken":0,"max_hp_gain":0,"max_hp_loss":0,"event_name":"Living Wall","floor":5,"gold_loss":0},{"damage_healed":0,"gold_gain":0,"player_choice":"Fought Mushrooms","damage_taken":0,"max_hp_gain":0,"max_hp_loss":0,"event_name":"Mushrooms","floor":11,"gold_loss":0},{"damage_healed":0,"gold_gain":0,"player_choice":"Obtained Relic","damage_taken":0,"relics_obtained":["Juzu Bracelet"],"max_hp_gain":0,"max_hp_loss":0,"event_name":"Addict","floor":20,"gold_loss":85},{"damage_healed":0,"gold_gain":0,"player_choice":"Bet on Owner","damage_taken":0,"max_hp_gain":0,"max_hp_loss":0,"event_name":"The Joust","floor":27,"gold_loss":50}],"is_beta":false,"boss_relics":[{"not_picked":["Philosopher\u0027s Stone","White Beast Statue"],"picked":"Inserter"}],"items_purged_floors":[13],"is_endless":false,"potions_floor_spawned":[4,7,12,16,21,28],"killed_by":"Gremlin Leader","ascension_level":17}