{"gold_per_floor":[109,31,31,50,50,50,78,78,105,115,127,152,177,195,195,273,273,284,284,484,502,520,547,566,566,566,578,601,631,672,709,721,733],"floor_reached":33,"playtime":1273,"items_purged":[],"score":612,"play_id":"e9e86f2f-4269-4d54-b16b-0e47aa2a3039","local_time":"20190606185713","is_ascension_mode":true,"campfire_choices":[{"data":"Defragment","floor":6.0,"key":"SMITH"},{"data":"Gash","floor":8.0,"key":"SMITH"},{"floor":15.0,"key":"REST"},{"floor":25,"key":"REST"},{"floor":27,"key":"REST"},{"floor":32,"key":"REST"}],"neow_cost":"NONE","seed_source_timestamp":419115629261648,"circlet_count":0,"master_deck":["AscendersBane","Strike_B+1","Strike_B+1","Defend_B","Defend_B+1","Defend_B","Zap","Dualcast+1","Gash+1","Defragment+1","Hologram","Conserve Battery","Electrodynamics","Undo","Chill","Go for the Eyes","Skim","Machine Learning","Recycle","Biased Cognition","Recycle+1","Beam Cell"],"special_seed":0,"relics":["Cracked Core","NeowsBlessing","War Paint","Lantern","StoneCalendar","Bag of Marbles","Nuclear Battery","Unceasing Top","MawBank","Whetstone","Blood Vial"],"potions_floor_usage":[22,23,30],"damage_taken":[{"damage":0.0,"enemies":"2 Louse","floor":1.0,"turns":1.0},{"damage":0.0,"enemies":"Cultist","floor":4.0,"turns":1.0},{"damage":0.0,"enemies":"Lagavulin","floor":7.0,"turns":2.0},{"damage":0.0,"enemies":"Jaw Worm","floor":10.0,"turns":3.0},{"damage":7.0,"enemies":"3 Louse","floor":11.0,"turns":3.0},{"damage":23.0,"enemies":"3 Sentries","floor":12.0,"turns":4.0},{"damage":8.0,"enemies":"Gremlin Gang","floor":14.0,"turns":2.0},{"damage":21.0,"enemies":"The Guardian","floor":16.0,"turns":11.0},{"damage":12.0,"enemies":"Shell Parasite","floor":18.0,"turns":7.0},{"damage":13.0,"enemies":"Spheric Guardian","floor":21.0,"turns":5.0},{"damage":0,"enemies":"3 Cultists","floor":22,"turns":3},{"damage":24,"enemies":"Gremlin Leader","floor":23,"turns":6},{"damage":12,"enemies":"Snake Plant","floor":24,"turns":4},{"damage":10,"enemies":"Snecko","floor":28,"turns":5},{"damage":0,"enemies":"Centurion and Healer","floor":29,"turns":6},{"damage":28,"enemies":"Book of Stabbing","floor":30,"turns":6},{"damage":42,"enemies":"Champ","floor":33,"turns":8}],"seed_played":"-4187572136990803056","potions_obtained":[{"floor":5.0,"key":"FairyPotion"},{"floor":5.0,"key":"SpeedPotion"},{"floor":10.0,"key":"Strength Potion"},{"floor":12.0,"key":"Swift Potion"},{"floor":22,"key":"Swift Potion"},{"floor":24,"key":"Strength Potion"}],"is_trial":false,"path_per_floor":["M","$","?","M","?","R","E","R","T","M","M","E","T","M","R","B",null,"M","?","?","M","M","E","M","R","T","R","M","M","E","T","R","B"],"character_chosen":"DEFECT","items_purchased":["Defragment"],"campfire_rested":4,"item_purchase_floors":[2],"current_hp_per_floor":[64,64,64,64,64,64,64,64,64,64,57,34,34,26,47,26,60,48,48,48,35,35,11,7,28,28,49,39,39,11,11,32,0],"gold":733,"neow_bonus":"THREE_ENEMY_KILL","is_prod":false,"is_daily":false,"chose_seed":false,"campfire_upgraded":2,"win_rate":0,"timestamp":1559818633,"path_taken":["M","$","?","?","?","R","E","R","T","?","M","E","?","M","R","BOSS","M","?","?","M","M","E","M","R","T","R","M","?","E","?","R","BOSS"],"build_version":"2019-01-23","purchased_purges":0,"victory":false,"max_hp_per_floor":[71,71,71,71,71,71,71,71,71,71,71,71,71,71,71,71,71,71,71,71,71,71,71,71,71,71,71,71,71,71,71,71,71],"card_choices":[{"not_picked":["Leap","Coolheaded"],"picked":"Gash","floor":1.0},{"not_picked":["Steam Power","Darkness"],"picked":"Hologram","floor":4.0},{"not_picked":["Hologram","Double Energy"],"picked":"Conserve Battery","floor":7.0},{"not_picked":["Redo","Reinforced Body","Streamline"],"picked":"SKIP","floor":10.0},{"not_picked":["Coolheaded","Sweeping Beam"],"picked":"Electrodynamics","floor":11.0},{"not_picked":["Barrage","Thunder Strike"],"picked":"Undo","floor":12.0},{"not_picked":["Double Energy","Streamline"],"picked":"Chill","floor":14.0},{"not_picked":["Stack","Compile Driver"],"picked":"Go for the Eyes","floor":18.0},{"not_picked":["Streamline","Stack","Static Discharge"],"picked":"SKIP","floor":21.0},{"not_picked":["Stack","Rebound"],"picked":"Recycle","floor":22},{"not_picked":["Hello World","Blizzard"],"picked":"Biased Cognition","floor":23},{"not_picked":["Static Discharge","Cold Snap"],"picked":"Recycle+1","floor":24},{"not_picked":["Leap","Barrage","Rebound"],"picked":"SKIP","floor":28},{"not_picked":["Redo","Darkness","FTL"],"picked":"SKIP","floor":29},{"not_picked":["Coolheaded","Blizzard"],"picked":"Beam Cell","floor":30}],"player_experience":639477,"relics_obtained":[{"floor":7.0,"key":"War Paint"},{"floor":9.0,"key":"Lantern"},{"floor":12.0,"key":"StoneCalendar"},{"floor":13.0,"key":"Bag of Marbles"},{"floor":23,"key":"Unceasing Top"},{"floor":26,"key":"MawBank"},{"floor":30,"key":"Whetstone"},{"floor":31,"key":"Blood Vial"}],"event_choices":[{"cards_removed":["Strike_B"],"damage_healed":0.0,"max_hp_gain":0.0,"max_hp_loss":0.0,"gold_gain":0.0,"event_name":"Purifier","player_choice":"Purged","floor":3.0,"gold_loss":0.0,"damage_taken":0.0},{"damage_healed":0.0,"max_hp_gain":0.0,"max_hp_loss":0.0,"gold_gain":0.0,"event_name":"Lab","player_choice":"Got Potions","floor":5.0,"gold_loss":0.0,"damage_taken":0.0},{"damage_healed":0.0,"max_hp_gain":0.0,"max_hp_loss":0.0,"gold_gain":0.0,"cards_transformed":["Strike_B","Defend_B"],"event_name":"Drug Dealer","player_choice":"Became Test Subject","floor":19.0,"gold_loss":0.0,"damage_taken":0.0,"cards_obtained":["Skim","Machine Learning"]},{"damage_healed":0.0,"max_hp_gain":0.0,"max_hp_loss":0.0,"gold_gain":200.0,"event_name":"Wheel of Change","player_choice":"Gold","floor":20.0,"gold_loss":0.0,"damage_taken":0.0}],"is_beta":false,"boss_relics":[{"not_picked":["Tiny House","Runic Pyramid"],"picked":"Nuclear Battery"}],"items_purged_floors":[],"is_endless":false,"potions_floor_spawned":[10,11,12,14,22,24],"killed_by":"Champ","ascension_level":18}