{"gold_per_floor":[119,137,137,150,75,103,103,103,103,103,103,118,148,165,165,242,242,262,281,281],"floor_reached":20,"playtime":1032,"items_purged":["Strike_R"],"score":313,"play_id":"96917758-9ea8-499f-8d11-f7370684d5c3","local_time":"20181220133641","is_ascension_mode":true,"campfire_choices":[{"data":"True Grit","floor":10,"key":"SMITH"},{"data":"Bash","floor":15,"key":"SMITH"}],"neow_cost":"NONE","seed_source_timestamp":673597467817643,"circlet_count":0,"master_deck":["AscendersBane","Strike_R","Strike_R","Strike_R","Defend_R","Defend_R","Defend_R","Bash+1","Twin Strike","Rampage","Armaments","Infernal Blade","True Grit+1","Double Tap","Regret","Shame","Decay"],"relics":["Burning Blood","Regal Pillow","Red Skull","Singing Bowl","Juzu Bracelet","Calling Bell","Dream Catcher","Mummified Hand","Gambling Chip"],"potions_floor_usage":[6,6,13,16,20],"damage_taken":[{"damage":18,"enemies":"Jaw Worm","floor":1,"turns":4},{"damage":0,"enemies":"Small Slimes","floor":2,"turns":3},{"damage":4,"enemies":"2 Louse","floor":4,"turns":3},{"damage":15,"enemies":"3 Sentries","floor":6,"turns":6},{"damage":6,"enemies":"2 Fungi Beasts","floor":12,"turns":3},{"damage":19,"enemies":"Gremlin Nob","floor":13,"turns":3},{"damage":21,"enemies":"Exordium Thugs","floor":14,"turns":5},{"damage":33,"enemies":"The Guardian","floor":16,"turns":8},{"damage":17,"enemies":"Chosen","floor":18,"turns":3},{"damage":39,"enemies":"3 Byrds","floor":19,"turns":6},{"damage":29,"enemies":"Shelled Parasite and Fungi","floor":20,"turns":3}],"seed_played":"2566100704138569233","potions_obtained":[{"floor":1,"key":"Regen Potion"},{"floor":4,"key":"AttackPotion"},{"floor":6,"key":"Strength Potion"},{"floor":13,"key":"Strength Potion"},{"floor":14,"key":"Ancient Potion"},{"floor":16,"key":"EssenceOfSteel"}],"is_trial":false,"path_per_floor":["M","M","?","M","$","E","?","?","T","R","?","M","E","M","R","B",null,"M","M","M"],"character_chosen":"IRONCLAD","items_purchased":[],"campfire_rested":0,"item_purchase_floors":[],"current_hp_per_floor":[56,62,67,69,69,74,74,74,74,74,67,69,58,45,45,18,69,60,29,0],"gold":281,"neow_bonus":"THREE_CARDS","is_prod":false,"is_daily":false,"chose_seed":false,"campfire_upgraded":2,"win_rate":0,"timestamp":1545284201,"path_taken":["M","M","?","M","$","E","?","?","T","R","?","M","E","M","R","BOSS","M","M","M"],"build_version":"2018-12-13","purchased_purges":1,"victory":false,"max_hp_per_floor":[75,75,80,80,80,80,80,80,80,80,80,82,84,86,86,86,86,88,90,90],"card_choices":[{"not_picked":["Iron Wave","Body Slam"],"picked":"Twin Strike","floor":0},{"not_picked":["Cleave","True Grit"],"picked":"Rampage","floor":1},{"not_picked":["Body Slam","Iron Wave"],"picked":"Armaments","floor":2},{"not_picked":["Pommel Strike","True Grit"],"picked":"Infernal Blade","floor":4},{"not_picked":["Combust","Inflame"],"picked":"True Grit","floor":6},{"not_picked":["Burning Pact","Iron Wave","Limit Break"],"picked":"Singing Bowl","floor":12},{"not_picked":["Infernal Blade","Second Wind","Twin Strike"],"picked":"Singing Bowl","floor":13},{"not_picked":["Heavy Blade","Perfected Strike","Shrug It Off"],"picked":"Singing Bowl","floor":14},{"not_picked":["Barricade","Fiend Fire"],"picked":"Double Tap","floor":16},{"not_picked":["Disarm","Searing Blow","Flex"],"picked":"Singing Bowl","floor":18},{"not_picked":["Combust","Second Wind","Metallicize"],"picked":"Singing Bowl","floor":19}],"player_experience":594431,"relics_obtained":[{"floor":6,"key":"Regal Pillow"},{"floor":9,"key":"Singing Bowl"},{"floor":13,"key":"Juzu Bracelet"},{"floor":17,"key":"Dream Catcher"},{"floor":17,"key":"Mummified Hand"},{"floor":17,"key":"Gambling Chip"}],"event_choices":[{"damage_healed":0,"gold_gain":0,"player_choice":"Donut","damage_taken":0,"max_hp_gain":5,"max_hp_loss":0,"event_name":"Big Fish","floor":3,"gold_loss":0},{"damage_healed":0,"gold_gain":0,"player_choice":"Searched \u00272\u0027 times","damage_taken":0,"relics_obtained":["Red Skull"],"max_hp_gain":0,"max_hp_loss":0,"event_name":"Dead Adventurer","floor":7,"gold_loss":0},{"cards_removed":["Strike_R"],"damage_healed":0,"gold_gain":0,"player_choice":"Forget","damage_taken":0,"max_hp_gain":0,"max_hp_loss":0,"event_name":"Living Wall","floor":8,"gold_loss":0},{"cards_removed":["Defend_R"],"damage_healed":0,"gold_gain":0,"player_choice":"Card Removal","damage_taken":7,"max_hp_gain":0,"max_hp_loss":0,"event_name":"Golden Wing","floor":11,"gold_loss":0}],"is_beta":false,"boss_relics":[{"not_picked":["Snecko Eye","Philosopher\u0027s Stone"],"picked":"Calling Bell"}],"items_purged_floors":[5],"is_endless":false,"potions_floor_spawned":[1,4,6,13,14,16],"killed_by":"Shelled Parasite and Fungi","ascension_level":14}