{"path_per_floor":["M","?","?","$","?","E","R","M","T","M","?","M","M","M","R","B",null,"M","?","M","?","?"],"character_chosen":"THE_SILENT","items_purchased":[],"gold_per_floor":[118,118,118,43,43,78,78,94,118,137,137,157,172,186,186,283,283,302,217,227,227,227],"floor_reached":23,"campfire_rested":1,"playtime":1218,"current_hp_per_floor":[63,63,56,56,56,43,64,64,64,64,64,64,62,48,48,31,60,60,60,59,49,49],"items_purged":["Strike_G"],"gold":227,"score":284,"play_id":"4571f057-483f-4f8c-be36-c70bc774d1f2","is_prod":false,"is_daily":false,"is_ascension_mode":true,"campfire_upgraded":1,"path_taken":["M","?","?","?","?","E","R","?","T","M","?","M","M","M","R","BOSS","M","?","M","?","?","R"],"build_version":"2018-02-22-PROD2","purchased_purges":1,"victory":false,"master_deck":["Defend_G","Defend_G","Survivor","Neutralize","Leg Sweep","Dagger Throw","Escape Plan","Backflip+1","Underhanded Strike+1","Storm of Steel+1","Wraith Form+1","Backstab+1","Bite","Bite","Bite","Bite","Bite"],"max_hp_per_floor":[70,70,70,70,70,70,70,70,70,70,70,70,70,70,70,70,70,70,70,70,49,49],"relics":["Ring of the Snake","Frozen Egg 2","Vajra","Astrolabe","Lantern"],"card_choices":[{"not_picked":["Masterful Stab","Crippling Poison"],"picked":"Leg Sweep"},{"not_picked":["Flying Knee","Quick Slash"],"picked":"Dagger Throw"},{"not_picked":["Outmaneuver","Skewer"],"picked":"Escape Plan"},{"not_picked":["Dagger Throw","Underhanded Strike"],"picked":"Backflip"},{"not_picked":["Dagger Spray","Dash"],"picked":"Backstab"}],"player_experience":174140,"potions_floor_usage":[16,16,18],"damage_taken":[{"damage":0.0,"enemies":"Small Slimes","floor":1.0,"turns":3.0},{"damage":13.0,"enemies":"Gremlin Nob","floor":6.0,"turns":4.0},{"damage":0,"enemies":"2 Louse","floor":8,"turns":4},{"damage":0,"enemies":"Cultist","floor":10,"turns":5},{"damage":0,"enemies":"Exordium Wildlife","floor":12,"turns":5},{"damage":2,"enemies":"2 Fungi Beasts","floor":13,"turns":3},{"damage":14,"enemies":"Exordium Thugs","floor":14,"turns":7},{"damage":17,"enemies":"The Guardian","floor":16,"turns":18},{"damage":0,"enemies":"Chosen","floor":18,"turns":4},{"damage":1,"enemies":"Shell Parasite","floor":20,"turns":3}],"event_choices":[{"event_name":"Living Wall","player_choice":"Forget","floor":2.0,"damage_taken":0.0},{"event_name":"Golden Wing","player_choice":"Card Removal","floor":3.0,"damage_taken":0.0},{"event_name":"The Lab","player_choice":"Got Potions","floor":5.0,"damage_taken":0.0},{"event_name":"Liars Game","player_choice":"disagreed","floor":11,"damage_taken":0},{"event_name":"Addict","player_choice":"Obtained Relic","floor":19,"damage_taken":0},{"event_name":"Vampires","player_choice":"Became a vampire","floor":21,"damage_taken":0},{"event_name":"N\u0027loth","player_choice":"Ignored","floor":22,"damage_taken":0}],"boss_relics":[{"not_picked":["The Specimen","Lizard Tail"],"picked":"Astrolabe"}],"potions_floor_spawned":[1,6,12,16,18],"seed_played":"3580801279361930940","ascension_level":7,"is_trial":false}