{"gold_per_floor":[115,40,60,72,72,72,102,102,129,129,143,143,160,188,188,285,285,302,302,51,51,51,51,79,79,79,108,122,148,148,160,160,160],"floor_reached":33,"playtime":1456,"items_purged":["Strike_R","Strike_R+1"],"score":523,"play_id":"e5fb88ab-e1b4-46cf-bf48-3b355efd1a1e","local_time":"20181214110443","is_ascension_mode":true,"campfire_choices":[{"data":"Double Tap","floor":6,"key":"SMITH"},{"data":"Carnage","floor":8,"key":"SMITH"},{"data":"Bash","floor":10,"key":"SMITH"},{"data":"Twin Strike","floor":12,"key":"SMITH"},{"floor":15,"key":"REST"},{"data":"Bludgeon","floor":23,"key":"SMITH"},{"data":"Intimidate","floor":32,"key":"SMITH"}],"neow_cost":"NONE","seed_source_timestamp":145656583044205,"circlet_count":0,"master_deck":["AscendersBane","Strike_R+1","Strike_R+1","Strike_R+1","Defend_R+1","Defend_R+1","Defend_R+1","Defend_R+1","Bash+1","Double Tap+1","True Grit","Intimidate+1","Carnage+1","Twin Strike+1","Whirlwind+1","Bludgeon+1","Necronomicurse","Ghostly","Ghostly","Ghostly","Ghostly","Ghostly","Clothesline+1"],"relics":["Burning Blood","Ancient Tea Set","Oddly Smooth Stone","FossilizedHelix","Sozu","Bag of Preparation","Necronomicon","Red Skull","Juzu Bracelet","Letter Opener","Blue Candle"],"potions_floor_usage":[16],"damage_taken":[{"damage":19,"enemies":"Small Slimes","floor":1,"turns":5},{"damage":6,"enemies":"2 Louse","floor":3,"turns":3},{"damage":13,"enemies":"Jaw Worm","floor":4,"turns":4},{"damage":49,"enemies":"3 Sentries","floor":7,"turns":11},{"damage":0,"enemies":"Looter","floor":11,"turns":3},{"damage":14,"enemies":"Lots of Slimes","floor":13,"turns":5},{"damage":20,"enemies":"Gremlin Nob","floor":14,"turns":4},{"damage":42,"enemies":"Hexaghost","floor":16,"turns":9},{"damage":6,"enemies":"Chosen","floor":18,"turns":4},{"damage":3,"enemies":"Slavers","floor":24,"turns":4},{"damage":3,"enemies":"Book of Stabbing","floor":27,"turns":5},{"damage":5,"enemies":"3 Byrds","floor":28,"turns":2},{"damage":17,"enemies":"Gremlin Leader","floor":29,"turns":4},{"damage":0,"enemies":"Snecko","floor":31,"turns":2},{"damage":35,"enemies":"Champ","floor":33,"turns":7}],"seed_played":"-1406260326591516051","potions_obtained":[{"floor":1,"key":"GamblersBrew"},{"floor":4,"key":"Dexterity Potion"},{"floor":11,"key":"Explosive Potion"}],"is_trial":false,"path_per_floor":["M","$","M","M","?","R","E","R","T","R","M","R","M","E","R","B",null,"M","?","$","?","?","R","E","$","T","E","M","E","?","M","R","B"],"character_chosen":"IRONCLAD","items_purchased":["Bag of Preparation"],"campfire_rested":1,"item_purchase_floors":[20],"current_hp_per_floor":[59,59,59,52,78,78,35,35,35,35,41,41,33,19,43,7,62,62,62,62,46,40,40,40,40,40,40,40,29,29,35,35,0],"gold":160,"neow_bonus":"ONE_RANDOM_RARE_CARD","is_prod":false,"is_daily":false,"chose_seed":false,"campfire_upgraded":6,"win_rate":0,"timestamp":1544756683,"path_taken":["M","$","M","M","?","R","E","R","T","R","M","R","M","E","R","BOSS","M","?","$","?","?","R","E","$","T","E","M","E","?","M","R","BOSS"],"build_version":"2018-12-13","purchased_purges":2,"victory":false,"max_hp_per_floor":[80,80,80,80,80,80,80,80,80,80,80,80,80,80,80,80,80,80,80,80,80,40,40,40,40,40,40,40,40,40,40,40,40],"card_choices":[{"not_picked":["Body Slam","Evolve","Sever Soul"],"picked":"SKIP","floor":1},{"not_picked":["Wild Strike","Dual Wield"],"picked":"True Grit","floor":3},{"not_picked":["Thunderclap","Wild Strike"],"picked":"Intimidate","floor":4},{"not_picked":["Reckless Charge","Dark Embrace"],"picked":"Carnage","floor":7},{"not_picked":["Pummel","Flex"],"picked":"Twin Strike","floor":11},{"not_picked":["Power Through","Cleave"],"picked":"Whirlwind","floor":13},{"not_picked":["Iron Wave","Sword Boomerang","Metallicize"],"picked":"SKIP","floor":14},{"not_picked":["Exhume","Fiend Fire"],"picked":"Bludgeon","floor":16},{"not_picked":["Body Slam","Evolve+1","Sword Boomerang"],"picked":"SKIP","floor":18},{"not_picked":["Limit Break","Dropkick"],"picked":"Clothesline+1","floor":24},{"not_picked":["Thunderclap","Clash+1","Iron Wave"],"picked":"SKIP","floor":27},{"not_picked":["Clothesline","Perfected Strike+1","Cleave"],"picked":"SKIP","floor":28},{"not_picked":["Twin Strike","Warcry","Iron Wave"],"picked":"SKIP","floor":29},{"not_picked":["Thunderclap","Feel No Pain","Body Slam"],"picked":"SKIP","floor":31}],"player_experience":561572,"relics_obtained":[{"floor":7,"key":"Ancient Tea Set"},{"floor":9,"key":"Oddly Smooth Stone"},{"floor":14,"key":"FossilizedHelix"},{"floor":21,"key":"Necronomicon"},{"floor":24,"key":"Red Skull"},{"floor":26,"key":"Juzu Bracelet"},{"floor":27,"key":"Letter Opener"},{"floor":29,"key":"Blue Candle"}],"event_choices":[{"damage_healed":26,"gold_gain":0,"player_choice":"Banana","damage_taken":0,"max_hp_gain":0,"max_hp_loss":0,"event_name":"Big Fish","floor":5,"gold_loss":0},{"damage_healed":0,"gold_gain":0,"player_choice":"Simplicity","damage_taken":0,"max_hp_gain":0,"max_hp_loss":0,"event_name":"Back to Basics","floor":19,"gold_loss":0,"cards_upgraded":["Strike_R","Strike_R","Strike_R","Strike_R","Defend_R","Defend_R","Defend_R","Defend_R"]},{"damage_healed":0,"gold_gain":0,"player_choice":"Obtained Book","damage_taken":16,"max_hp_gain":0,"max_hp_loss":0,"event_name":"Cursed Tome","floor":21,"gold_loss":0},{"damage_healed":0,"gold_gain":0,"player_choice":"Became a Ghost","damage_taken":0,"max_hp_gain":0,"max_hp_loss":40,"event_name":"Ghosts","floor":22,"gold_loss":0,"cards_obtained":["Ghostly","Ghostly","Ghostly","Ghostly","Ghostly"]},{"damage_healed":0,"gold_gain":0,"player_choice":"Upgraded","damage_taken":0,"max_hp_gain":0,"max_hp_loss":0,"event_name":"Upgrade Shrine","floor":30,"gold_loss":0,"cards_upgraded":["Whirlwind"]}],"is_beta":false,"boss_relics":[{"not_picked":["Eternal Feather","Coffee Dripper"],"picked":"Sozu"}],"items_purged_floors":[2,20],"is_endless":false,"potions_floor_spawned":[1,4,11,18,24,27],"killed_by":"Champ","ascension_level":12}