{"gold_per_floor":[113,123,133,133,83,83,114,114,137,171,171,183,30,40,40,140,140,152,152,52,52],"floor_reached":21,"playtime":1344,"items_purged":["Strike_R","Defend_R"],"score":224,"play_id":"6413019d-2e82-4783-a659-78082d63ed49","local_time":"20190615012834","is_ascension_mode":true,"campfire_choices":[{"data":"Clothesline","floor":6.0,"key":"SMITH"},{"data":"Barricade","floor":11.0,"key":"SMITH"},{"floor":15.0,"key":"REST"}],"neow_cost":"NONE","seed_source_timestamp":371980114585300,"circlet_count":0,"master_deck":["Strike_R+1","Strike_R","Defend_R","Defend_R","Bash","Metallicize+1","Clothesline+1","Fire Breathing","Barricade+1","Fire Breathing","Spot Weakness","Blood for Blood","Cleave","Juggernaut","Writhe"],"special_seed":0,"relics":["Burning Blood","Vajra","Ancient Tea Set","Ginger","Empty Cage","Unceasing Top"],"potions_floor_usage":[],"damage_taken":[{"damage":8.0,"enemies":"2 Louse","floor":1.0,"turns":3.0},{"damage":1.0,"enemies":"Cultist","floor":2.0,"turns":3.0},{"damage":8.0,"enemies":"Jaw Worm","floor":3.0,"turns":3.0},{"damage":31.0,"enemies":"3 Sentries","floor":7.0,"turns":10.0},{"damage":20.0,"enemies":"Gremlin Nob","floor":10.0,"turns":5.0},{"damage":23.0,"enemies":"Exordium Thugs","floor":12.0,"turns":5.0},{"damage":6.0,"enemies":"Gremlin Gang","floor":14.0,"turns":4.0},{"damage":14.0,"enemies":"Slime Boss","floor":16.0,"turns":10.0},{"damage":67.0,"enemies":"2 Thieves","floor":18.0,"turns":5.0},{"damage":30,"enemies":"Shell Parasite","floor":21,"turns":5}],"seed_played":"-1459963634779245715","potions_obtained":[{"floor":1.0,"key":"Poison Potion"},{"floor":3.0,"key":"SteroidPotion"},{"floor":8.0,"key":"SteroidPotion"},{"floor":8.0,"key":"Energy Potion"},{"floor":12.0,"key":"AttackPotion"}],"is_trial":false,"path_per_floor":["M","M","M","?","?","R","E","?","T","E","R","M","$","M","R","B",null,"M","?","$","M"],"character_chosen":"IRONCLAD","items_purchased":["Blood for Blood"],"campfire_rested":1,"item_purchase_floors":[13],"current_hp_per_floor":[86,88,86,68,68,68,43,43,43,29,29,12,12,12,38,30,88,27,27,27,0],"gold":52,"neow_bonus":"TEN_PERCENT_HP_BONUS","is_prod":false,"is_daily":false,"chose_seed":false,"campfire_upgraded":2,"win_rate":0,"timestamp":1560554914,"path_taken":["M","M","M","?","?","R","E","?","T","E","R","M","$","?","R","BOSS","M","?","?","?"],"build_version":"2019-01-23","purchased_purges":2,"victory":false,"max_hp_per_floor":[88,88,88,88,88,88,88,88,88,88,88,88,88,88,88,88,88,88,88,88,88],"card_choices":[{"not_picked":["Uppercut","Cleave"],"picked":"Metallicize","floor":1.0},{"not_picked":["Evolve","Headbutt"],"picked":"Clothesline","floor":2.0},{"not_picked":["Anger","Pommel Strike"],"picked":"Fire Breathing","floor":3.0},{"not_picked":["Pummel","Wild Strike"],"picked":"Barricade","floor":7.0},{"not_picked":["Pummel","Evolve"],"picked":"Fire Breathing","floor":10.0},{"not_picked":["Body Slam","Headbutt"],"picked":"Spot Weakness","floor":12.0},{"not_picked":["Twin Strike","Burning Pact"],"picked":"Cleave","floor":14.0},{"not_picked":["Bludgeon","Berserk"],"picked":"Juggernaut","floor":16.0},{"not_picked":["Wild Strike","Fire Breathing","Burning Pact"],"picked":"SKIP","floor":18.0}],"player_experience":232428,"relics_obtained":[{"floor":7.0,"key":"Vajra"},{"floor":9.0,"key":"Ancient Tea Set"},{"floor":10.0,"key":"Ginger"}],"event_choices":[{"damage_healed":0.0,"max_hp_gain":0.0,"max_hp_loss":0.0,"gold_gain":0.0,"event_name":"Shining Light","player_choice":"Entered Light","floor":4.0,"gold_loss":0.0,"damage_taken":18.0,"cards_upgraded":["Strike_R","Metallicize"]},{"cards_removed":["Strike_R"],"damage_healed":0.0,"max_hp_gain":0.0,"max_hp_loss":0.0,"gold_gain":0.0,"event_name":"The Cleric","player_choice":"Card Removal","floor":5.0,"gold_loss":50.0,"damage_taken":0.0},{"damage_healed":0.0,"max_hp_gain":0.0,"max_hp_loss":0.0,"gold_gain":0.0,"event_name":"Lab","player_choice":"Got Potions","floor":8.0,"gold_loss":0.0,"damage_taken":0.0},{"damage_healed":0.0,"max_hp_gain":0.0,"max_hp_loss":0.0,"gold_gain":0.0,"event_name":"The Mausoleum","player_choice":"Opened","floor":19.0,"gold_loss":0.0,"damage_taken":0.0,"relics_obtained":["Unceasing Top"],"cards_obtained":["Writhe"]}],"is_beta":false,"boss_relics":[{"not_picked":["Pandora\u0027s Box","Snecko Eye"],"picked":"Empty Cage"}],"items_purged_floors":[13,20],"is_endless":false,"potions_floor_spawned":[1,3,10,12],"killed_by":"Shell Parasite","ascension_level":4}