{"gold_per_floor":[115,135,150,150,163,204,204,218,241,281,134,148,169,193,193,312,312,325,225,216,216,131,131,81,81,106,144,167,183,198,239,239,362,362,377,398,398,398,129,160,178,219,273,273,273,308,328,346,346,346],"floor_reached":50,"playtime":4409,"items_purged":["Strike_R","Strike_R","Strike_R+1"],"score":758,"play_id":"a6fefe02-4c5b-4444-92d8-c817e58ebd16","local_time":"20190605020044","is_ascension_mode":true,"campfire_choices":[{"floor":7,"key":"REST"},{"data":"Demon Form","floor":15,"key":"SMITH"},{"floor":23,"key":"REST"},{"floor":25,"key":"REST"},{"floor":32,"key":"REST"},{"floor":49,"key":"REST"}],"neow_cost":"NONE","seed_source_timestamp":281180441842300,"circlet_count":0,"master_deck":["Strike_R+1","Strike_R+1","Defend_R+1","Defend_R+1","Defend_R+1","Defend_R+1","Bash","Whirlwind+1","Shrug It Off+1","Pommel Strike","Hemokinesis","Dropkick","Clash","Demon Form+1","Shockwave","Hemokinesis+1","Inflame","Body Slam","Juggernaut","Shrug It Off","Heavy Blade+1","Thunderclap","Spot Weakness","Pummel","Flex+1","Infernal Blade+1","Berserk","Armaments+1","Combust+1","Intimidate+1","Regret","Decay","Bash","Rupture+1","Body Slam+1"],"relics":["Burning Blood","Golden Idol","Torii","Anchor","War Paint","Runic Pyramid","Juzu Bracelet","Whetstone","Gremlin Horn","Pantograph","Cursed Key","PreservedInsect","The Courier","Darkstone Periapt","Pen Nib","Boot"],"potions_floor_usage":[6,8,16,16,29,29,31,33,42,47,50],"damage_taken":[{"damage":6,"enemies":"Cultist","floor":1,"turns":4},{"damage":14,"enemies":"Small Slimes","floor":2,"turns":3},{"damage":2,"enemies":"Jaw Worm","floor":3,"turns":4},{"damage":4,"enemies":"Exordium Wildlife","floor":5,"turns":5},{"damage":36,"enemies":"Lagavulin","floor":6,"turns":6},{"damage":14,"enemies":"Gremlin Gang","floor":8,"turns":6},{"damage":9,"enemies":"3 Sentries","floor":10,"turns":8},{"damage":3,"enemies":"Large Slime","floor":12,"turns":3},{"damage":4,"enemies":"2 Fungi Beasts","floor":13,"turns":3},{"damage":1,"enemies":"Red Slaver","floor":14,"turns":4},{"damage":31,"enemies":"The Guardian","floor":16,"turns":6},{"damage":44,"enemies":"Spheric Guardian","floor":18,"turns":5},{"damage":24,"enemies":"2 Thieves","floor":20,"turns":4},{"damage":30,"enemies":"Gremlin Leader","floor":27,"turns":7},{"damage":18,"enemies":"Snake Plant","floor":28,"turns":4},{"damage":1,"enemies":"Centurion and Healer","floor":29,"turns":3},{"damage":14,"enemies":"Snecko","floor":30,"turns":4},{"damage":23,"enemies":"Slavers","floor":31,"turns":4},{"damage":69,"enemies":"Collector","floor":33,"turns":8},{"damage":15,"enemies":"Orb Walker","floor":35,"turns":3},{"damage":11,"enemies":"3 Darklings","floor":36,"turns":3},{"damage":2,"enemies":"Reptomancer","floor":40,"turns":3},{"damage":17,"enemies":"Spire Growth","floor":41,"turns":4},{"damage":22,"enemies":"Nemesis","floor":42,"turns":5},{"damage":14,"enemies":"Reptomancer","floor":46,"turns":4},{"damage":35,"enemies":"Transient","floor":47,"turns":5},{"damage":15,"enemies":"3 Darklings","floor":48,"turns":4},{"damage":100,"enemies":"Awakened One","floor":50,"turns":3}],"seed_played":"-967925762925035899","potions_obtained":[{"floor":3,"key":"FearPotion"},{"floor":6,"key":"Dexterity Potion"},{"floor":10,"key":"PowerPotion"},{"floor":12,"key":"AttackPotion"},{"floor":20,"key":"SteroidPotion"},{"floor":27,"key":"EssenceOfSteel"},{"floor":28,"key":"Block Potion"},{"floor":29,"key":"Fire Potion"},{"floor":35,"key":"Dexterity Potion"},{"floor":36,"key":"Explosive Potion"},{"floor":37,"key":"BloodPotion"},{"floor":37,"key":"Strength Potion"}],"is_trial":false,"path_per_floor":["M","M","M","?","M","E","R","M","T","E","$","M","M","M","R","B",null,"M","$","M","?","?","R","$","R","T","E","M","M","M","E","R","B",null,"M","M","?","?","$","E","M","E","T","?","?","E","M","M","R","B"],"character_chosen":"IRONCLAD","items_purchased":["Shockwave","Thunderclap","PreservedInsect"],"campfire_rested":5,"item_purchase_floors":[11,24,39],"current_hp_per_floor":[88,80,84,62,64,34,60,52,52,49,49,52,54,59,59,34,88,50,50,32,32,32,58,58,84,84,60,48,53,45,28,54,16,88,79,74,74,74,74,78,67,51,57,79,85,77,48,39,64,0],"gold":346,"neow_bonus":"TEN_PERCENT_HP_BONUS","is_prod":false,"is_daily":false,"chose_seed":false,"campfire_upgraded":1,"win_rate":0,"timestamp":1559710844,"path_taken":["M","M","M","?","M","E","R","M","T","E","$","M","M","M","R","BOSS","M","$","M","?","?","R","?","R","T","E","M","M","M","E","R","BOSS","M","M","?","?","$","E","M","E","T","?","?","E","M","M","R","BOSS"],"build_version":"2019-01-23","purchased_purges":3,"victory":false,"max_hp_per_floor":[88,88,88,88,88,88,88,88,88,88,88,88,88,88,88,88,88,88,88,88,88,88,88,88,88,88,88,88,88,88,88,88,88,88,88,88,88,84,84,84,84,84,90,79,85,85,85,85,85,85],"card_choices":[{"not_picked":["Havoc","Pommel Strike"],"picked":"Whirlwind","floor":1},{"not_picked":["Iron Wave","Heavy Blade"],"picked":"Shrug It Off","floor":2},{"not_picked":["Second Wind","Flame Barrier"],"picked":"Pommel Strike","floor":3},{"not_picked":["Cleave","Twin Strike"],"picked":"Hemokinesis","floor":5},{"not_picked":["Searing Blow","Iron Wave"],"picked":"Dropkick","floor":6},{"not_picked":["Sword Boomerang","Flex"],"picked":"Clash","floor":8},{"not_picked":["Armaments","Rupture"],"picked":"Demon Form","floor":10},{"not_picked":["Armaments","Shrug It Off"],"picked":"Hemokinesis","floor":12},{"not_picked":["Havoc","Searing Blow"],"picked":"Inflame","floor":13},{"not_picked":["Uppercut","Twin Strike"],"picked":"Body Slam","floor":14},{"not_picked":["Dark Embrace","Feed"],"picked":"Juggernaut","floor":16},{"not_picked":["Havoc","Clothesline"],"picked":"Shrug It Off","floor":18},{"not_picked":["Wild Strike","Havoc"],"picked":"Heavy Blade+1","floor":20},{"not_picked":["Disarm","Perfected Strike"],"picked":"Spot Weakness","floor":27},{"not_picked":["Cleave","Evolve"],"picked":"Pummel","floor":28},{"not_picked":["Clothesline+1","Power Through"],"picked":"Flex+1","floor":29},{"not_picked":["Armaments","Warcry","Sword Boomerang+1"],"picked":"SKIP","floor":30},{"not_picked":["Rampage","Fire Breathing"],"picked":"Infernal Blade+1","floor":31},{"not_picked":["Fiend Fire","Impervious"],"picked":"Berserk","floor":33},{"not_picked":["Twin Strike","Iron Wave+1"],"picked":"Armaments+1","floor":35},{"not_picked":["True Grit","Wild Strike+1"],"picked":"Combust+1","floor":36},{"not_picked":["Warcry+1","Thunderclap","Reckless Charge"],"picked":"SKIP","floor":40},{"not_picked":["Perfected Strike","Power Through+1"],"picked":"Intimidate+1","floor":41},{"not_picked":["Clothesline","Clash+1","Hemokinesis+1"],"picked":"SKIP","floor":42},{"not_picked":["Perfected Strike","Body Slam+1"],"picked":"Rupture+1","floor":46},{"not_picked":["Twin Strike+1","Shrug It Off"],"picked":"Body Slam+1","floor":47},{"not_picked":["Sword Boomerang","Pommel Strike+1","Searing Blow+1"],"picked":"SKIP","floor":48}],"player_experience":221026,"relics_obtained":[{"floor":6,"key":"Torii"},{"floor":9,"key":"Anchor"},{"floor":10,"key":"War Paint"},{"floor":26,"key":"Whetstone"},{"floor":27,"key":"Gremlin Horn"},{"floor":31,"key":"Pantograph"},{"floor":40,"key":"The Courier"},{"floor":42,"key":"Darkstone Periapt"},{"floor":43,"key":"Pen Nib"},{"floor":46,"key":"Boot"}],"event_choices":[{"damage_healed":0,"gold_gain":0,"player_choice":"Take Damage","damage_taken":22,"relics_obtained":["Golden Idol"],"max_hp_gain":0,"max_hp_loss":0,"event_name":"Golden Idol","floor":4,"gold_loss":0},{"damage_healed":0,"gold_gain":0,"player_choice":"Simplicity","damage_taken":0,"max_hp_gain":0,"max_hp_loss":0,"event_name":"Back to Basics","floor":21,"gold_loss":0,"cards_upgraded":["Strike_R","Strike_R","Strike_R","Defend_R","Defend_R","Defend_R"]},{"damage_healed":0,"gold_gain":0,"player_choice":"Obtained Relic","damage_taken":0,"relics_obtained":["Juzu Bracelet"],"max_hp_gain":0,"max_hp_loss":0,"event_name":"Addict","floor":22,"gold_loss":85},{"damage_healed":0,"gold_gain":0,"player_choice":"Got Potions","damage_taken":0,"max_hp_gain":0,"max_hp_loss":0,"event_name":"Lab","floor":37,"gold_loss":0},{"damage_healed":0,"gold_gain":0,"player_choice":"Max HP","damage_taken":0,"max_hp_gain":0,"max_hp_loss":4,"event_name":"Winding Halls","floor":38,"gold_loss":0},{"damage_healed":79,"gold_gain":0,"player_choice":"Heal","damage_taken":0,"max_hp_gain":0,"max_hp_loss":11,"event_name":"The Moai Head","floor":44,"gold_loss":0},{"damage_healed":0,"gold_gain":0,"player_choice":"2 cards matched","damage_taken":0,"max_hp_gain":0,"max_hp_loss":0,"event_name":"Match and Keep!","floor":45,"gold_loss":0,"cards_obtained":["Decay","Bash"]}],"is_beta":false,"boss_relics":[{"not_picked":["Pandora\u0027s Box","Snecko Eye"],"picked":"Runic Pyramid"},{"not_picked":["Sozu","Mark of Pain"],"picked":"Cursed Key"}],"items_purged_floors":[11,19,39],"is_endless":false,"potions_floor_spawned":[3,6,10,12,20,27,28,29,35,36],"killed_by":"Awakened One","ascension_level":4}