{"gold_per_floor":[110,35,55,71,71,99,99,115,115,444,462,490,490,502,502,502],"floor_reached":16,"playtime":871,"items_purged":["Strike_R"],"score":196,"play_id":"fbd6b05a-20f7-493f-8bed-64fb0215d80e","local_time":"20181225235010","is_ascension_mode":true,"campfire_choices":[{"data":"Metallicize","floor":7,"key":"SMITH"},{"data":"True Grit","floor":13,"key":"SMITH"},{"data":"Bash","floor":15,"key":"SMITH"}],"neow_cost":"PERCENT_DAMAGE","seed_source_timestamp":367359119905409,"circlet_count":0,"master_deck":["AscendersBane","Strike_R","Strike_R","Strike_R","Strike_R","Defend_R","Defend_R","Defend_R","Defend_R","Bash+1","Ghostly Armor","Metallicize+1","Pain","Headbutt","Ghostly Armor","True Grit+1"],"relics":["Burning Blood","Torii","WarpedTongs","Meat on the Bone","Turnip","Old Coin","Odd Mushroom"],"potions_floor_usage":[6,8,12],"damage_taken":[{"damage":1,"enemies":"Cultist","floor":1,"turns":4},{"damage":0,"enemies":"2 Louse","floor":3,"turns":3},{"damage":8,"enemies":"Small Slimes","floor":4,"turns":5},{"damage":28,"enemies":"Gremlin Nob","floor":6,"turns":6},{"damage":17,"enemies":"Looter","floor":8,"turns":3},{"damage":21,"enemies":"Lagavulin","floor":10,"turns":8},{"damage":9,"enemies":"2 Fungi Beasts","floor":11,"turns":5},{"damage":11,"enemies":"The Mushroom Lair","floor":12,"turns":6},{"damage":11,"enemies":"Exordium Thugs","floor":14,"turns":6},{"damage":58,"enemies":"Hexaghost","floor":16,"turns":16}],"seed_played":"-1488166270579687308","potions_obtained":[{"floor":1,"key":"Weak Potion"},{"floor":6,"key":"BloodPotion"},{"floor":10,"key":"AttackPotion"}],"is_trial":false,"path_per_floor":["M","$","M","M","?","E","R","M","T","E","M","?","R","M","R","B"],"character_chosen":"IRONCLAD","items_purchased":[],"campfire_rested":0,"item_purchase_floors":[],"current_hp_per_floor":[55,55,61,59,59,37,37,45,45,42,51,46,46,53,53,0],"gold":502,"neow_bonus":"ONE_RARE_RELIC","is_prod":false,"is_daily":false,"chose_seed":false,"campfire_upgraded":3,"win_rate":0,"timestamp":1545753010,"path_taken":["M","$","M","?","?","E","R","?","T","E","M","?","R","M","R","BOSS"],"build_version":"2018-12-20","purchased_purges":1,"victory":false,"max_hp_per_floor":[75,75,75,75,75,75,75,75,75,75,75,75,75,75,75,75],"card_choices":[{"not_picked":["Sever Soul","Carnage"],"picked":"Ghostly Armor","floor":1},{"not_picked":["Iron Wave","Havoc"],"picked":"Metallicize","floor":3},{"not_picked":["Shrug It Off","Flex","Disarm"],"picked":"SKIP","floor":4},{"not_picked":["Sentinel","Shockwave","Thunderclap"],"picked":"SKIP","floor":6},{"not_picked":["Perfected Strike","Sword Boomerang"],"picked":"Headbutt","floor":8},{"not_picked":["Sword Boomerang","Burning Pact"],"picked":"Ghostly Armor","floor":10},{"not_picked":["Bloodletting","Clash"],"picked":"True Grit","floor":11},{"not_picked":["Iron Wave","Flex","Corruption"],"picked":"SKIP","floor":14}],"player_experience":612215,"relics_obtained":[{"floor":6,"key":"Meat on the Bone"},{"floor":9,"key":"Turnip"},{"floor":10,"key":"Old Coin"},{"floor":12,"key":"Odd Mushroom"}],"event_choices":[{"damage_healed":0,"gold_gain":0,"player_choice":"Rummage","damage_taken":0,"relics_obtained":["WarpedTongs"],"max_hp_gain":0,"max_hp_loss":0,"event_name":"Accursed Blacksmith","floor":5,"gold_loss":0,"cards_obtained":["Pain"]},{"damage_healed":0,"gold_gain":0,"player_choice":"Fought Mushrooms","damage_taken":0,"max_hp_gain":0,"max_hp_loss":0,"event_name":"Mushrooms","floor":12,"gold_loss":0}],"is_beta":false,"boss_relics":[],"items_purged_floors":[2],"is_endless":false,"potions_floor_spawned":[1,6,10],"killed_by":"Hexaghost","ascension_level":15}