{"gold_per_floor":[116,41,41,65,78,78,97,137,183,198,98,98,111,147,147,267,267,287,287,287],"floor_reached":20,"playtime":764,"items_purged":["Defend_R","Strike_R"],"score":270,"play_id":"427c7917-5bf2-4f90-ac92-febe5cb64185","local_time":"20181208225234","is_ascension_mode":true,"campfire_choices":[{"data":"Whirlwind","floor":6,"key":"SMITH"},{"floor":15,"key":"REST"}],"neow_cost":"TEN_PERCENT_HP_LOSS","seed_source_timestamp":485493848590133,"circlet_count":0,"master_deck":["AscendersBane","Strike_R","Strike_R","Defend_R","Defend_R","Defend_R","Bash","Whirlwind+1","Clash","Rampage+1","Feed"],"relics":["Burning Blood","Golden Idol","Singing Bowl","Art of War","Odd Mushroom","Busted Crown","Enchiridion"],"potions_floor_usage":[7,16],"damage_taken":[{"damage":0,"enemies":"Small Slimes","floor":1,"turns":3},{"damage":8,"enemies":"2 Louse","floor":4,"turns":2},{"damage":6,"enemies":"Cultist","floor":5,"turns":3},{"damage":3,"enemies":"Lots of Slimes","floor":7,"turns":2},{"damage":32,"enemies":"Lagavulin","floor":8,"turns":7},{"damage":7,"enemies":"2 Fungi Beasts","floor":10,"turns":3},{"damage":0,"enemies":"3 Louse","floor":13,"turns":1},{"damage":9,"enemies":"The Mushroom Lair","floor":14,"turns":3},{"damage":52,"enemies":"Hexaghost","floor":16,"turns":9},{"damage":25,"enemies":"Spheric Guardian","floor":18,"turns":5},{"damage":37,"enemies":"Colosseum Slavers","floor":20,"turns":3}],"seed_played":"7027692471497445160","potions_obtained":[{"floor":1,"key":"EssenceOfSteel"},{"floor":7,"key":"Dexterity Potion"},{"floor":8,"key":"Fire Potion"}],"is_trial":false,"path_per_floor":["M","$","?","M","M","R","M","E","T","M","$","?","M","?","R","B",null,"M","?","?"],"character_chosen":"IRONCLAD","items_purchased":[],"campfire_rested":1,"item_purchase_floors":[],"current_hp_per_floor":[72,72,54,52,52,52,55,31,31,30,30,30,38,37,60,14,62,48,32,0],"gold":287,"neow_bonus":"REMOVE_TWO","is_prod":false,"is_daily":false,"chose_seed":false,"campfire_upgraded":1,"win_rate":0,"timestamp":1544280754,"path_taken":["M","$","?","M","M","R","M","E","T","M","$","?","M","?","R","BOSS","M","?","?"],"build_version":"2018-12-06","purchased_purges":2,"victory":false,"max_hp_per_floor":[72,72,72,72,72,72,72,74,74,74,74,74,76,78,78,78,78,83,83,83],"card_choices":[{"not_picked":["True Grit","Clothesline"],"picked":"Whirlwind","floor":1},{"not_picked":["Armaments","Spot Weakness"],"picked":"Clash","floor":4},{"not_picked":["Anger","Headbutt","Thunderclap"],"picked":"SKIP","floor":5},{"not_picked":["True Grit","Bloodletting","Shockwave"],"picked":"SKIP","floor":7},{"not_picked":["Armaments","Disarm","Entrench"],"picked":"Singing Bowl","floor":8},{"not_picked":["Flex","Metallicize"],"picked":"Rampage","floor":10},{"not_picked":["Sentinel","Headbutt","Armaments"],"picked":"Singing Bowl","floor":13},{"not_picked":["Body Slam","Perfected Strike","Sword Boomerang"],"picked":"Singing Bowl","floor":14},{"not_picked":["Impervious","Fiend Fire"],"picked":"Feed","floor":16},{"not_picked":["Iron Wave"],"picked":"Singing Bowl","floor":18}],"player_experience":507827,"relics_obtained":[{"floor":8,"key":"Singing Bowl"},{"floor":9,"key":"Art of War"},{"floor":14,"key":"Odd Mushroom"},{"floor":19,"key":"Enchiridion"}],"event_choices":[{"damage_healed":0,"gold_gain":0,"player_choice":"Take Damage","damage_taken":18,"relics_obtained":["Golden Idol"],"max_hp_gain":0,"max_hp_loss":0,"event_name":"Golden Idol","floor":3,"gold_loss":0},{"damage_healed":0,"gold_gain":0,"player_choice":"Grow","damage_taken":0,"max_hp_gain":0,"max_hp_loss":0,"event_name":"Living Wall","floor":12,"gold_loss":0,"cards_upgraded":["Rampage"]},{"damage_healed":0,"gold_gain":0,"player_choice":"Fought Mushrooms","damage_taken":0,"max_hp_gain":0,"max_hp_loss":0,"event_name":"Mushrooms","floor":14,"gold_loss":0},{"damage_healed":0,"gold_gain":0,"player_choice":"Obtained Book","damage_taken":16,"max_hp_gain":0,"max_hp_loss":0,"event_name":"Cursed Tome","floor":19,"gold_loss":0},{"damage_healed":0,"gold_gain":0,"player_choice":"Fight","damage_taken":0,"max_hp_gain":0,"max_hp_loss":0,"event_name":"Colosseum","floor":20,"gold_loss":0}],"is_beta":false,"boss_relics":[{"not_picked":["Astrolabe","Calling Bell"],"picked":"Busted Crown"}],"items_purged_floors":[2,11],"is_endless":false,"potions_floor_spawned":[1,7,8,10],"killed_by":"Colosseum Slavers","ascension_level":11}