{"gold_per_floor":[117,46,321,27,44,70,70,96,123,2073,2105,2120,2145,2169,2181,2295,2307,2335,1414,1432,1432,1455,1484,1501,1526,1526,1526,1536,1536,1577,308,308,413,413,424,9748,9785,9799,9819,9903,9903,9936,9936,9965,9965,9965,9569,9569,9569,9594,9594,9594,9040,9073,9073],"floor_reached":56,"playtime":5881,"items_purged":["Regret","Strike_B","Strike_B","Defend_B","Normality","Injury","Parasite"],"score":2030,"play_id":"b3972bb4-e555-4b96-ae11-e3fa6497cd1d","local_time":"20190528172418","is_ascension_mode":true,"campfire_choices":[{"data":"Chrysalis","floor":7,"key":"SMITH"},{"floor":15,"key":"RECALL"},{"data":"Transmutation","floor":27,"key":"SMITH"},{"data":"White Noise","floor":29,"key":"SMITH"},{"data":"Master of Strategy","floor":32,"key":"SMITH"},{"data":"Transmutation","floor":41,"key":"SMITH"},{"data":"Darkness","floor":45,"key":"SMITH"},{"data":"Lockon","floor":46,"key":"SMITH"},{"data":"Barrage","floor":49,"key":"SMITH"},{"data":"1","floor":52,"key":"LIFT"}],"neow_cost":"NONE","seed_source_timestamp":144555562736200,"circlet_count":0,"master_deck":["Strike_B","Strike_B","Defend_B","Defend_B+1","Defend_B","Zap","Dualcast","Cold Snap","Self Repair","Chrysalis+1","Glacier+1","Capacitor","White Noise+1","Transmutation+1","Finesse","Rebound","Darkness+1","FTL","Capacitor+1","Barrage+1","Machine Learning+1","Turbo+1","Bandage Up","Doom and Gloom","Echo Form+1","Double Energy+1","Lockon","Barrage+1","Static Discharge+1","Master of Strategy+1","Lockon+1","Electrodynamics+1","Tempest+1","Transmutation+1","Heatsinks+1","All For One","Panache+1","Streamline"],"relics":["Cracked Core","NeowsBlessing","Anchor","Frozen Egg 2","Orichalcum","Frozen Eye","Kunai","Torii","Sundial","MawBank","Black Star","OrangePellets","Bronze Scales","StoneCalendar","MutagenicStrength","Regal Pillow","Boot","Strawberry","Turnip","Potion Belt","Runic Capacitor","Girya","PreservedInsect","Calling Bell","War Paint","Pantograph","WingedGreaves","Membership Card","Omamori","Dream Catcher","Tiny Chest","Blood Vial","Juzu Bracelet","DataDisk","Dodecahedron","Ornamental Fan","Vajra","Bag of Preparation","Lee\u0027s Waffle","Pen Nib","Cauldron","Cables","Mummified Hand","Mercury Hourglass","Gremlin Horn"],"potions_floor_usage":[11,20,23,25,38,39,44,44],"damage_taken":[{"damage":0,"enemies":"Cultist","floor":1,"turns":1},{"damage":0,"enemies":"Jaw Worm","floor":5,"turns":1},{"damage":0,"enemies":"3 Sentries","floor":6,"turns":1},{"damage":91,"enemies":"Gremlin Nob","floor":8,"turns":8},{"damage":1,"enemies":"3 Sentries","floor":11,"turns":11},{"damage":1,"enemies":"Small Slimes","floor":12,"turns":3},{"damage":0,"enemies":"Lagavulin","floor":13,"turns":4},{"damage":1,"enemies":"Exordium Wildlife","floor":14,"turns":4},{"damage":0,"enemies":"Slime Boss","floor":16,"turns":4},{"damage":0,"enemies":"Spheric Guardian","floor":18,"turns":2},{"damage":1,"enemies":"3 Byrds","floor":20,"turns":3},{"damage":13,"enemies":"Slavers","floor":23,"turns":4},{"damage":1,"enemies":"Centurion and Healer","floor":24,"turns":4},{"damage":10,"enemies":"Gremlin Leader","floor":25,"turns":3},{"damage":18,"enemies":"3 Cultists","floor":28,"turns":4},{"damage":0,"enemies":"Shelled Parasite and Fungi","floor":30,"turns":2},{"damage":1,"enemies":"Collector","floor":33,"turns":3},{"damage":1,"enemies":"3 Shapes","floor":35,"turns":3},{"damage":2,"enemies":"3 Darklings","floor":37,"turns":3},{"damage":19,"enemies":"Spire Growth","floor":38,"turns":3},{"damage":0,"enemies":"Transient","floor":39,"turns":5},{"damage":0,"enemies":"Nemesis","floor":40,"turns":2},{"damage":1,"enemies":"Giant Head","floor":42,"turns":3},{"damage":0,"enemies":"Reptomancer","floor":44,"turns":2},{"damage":0,"enemies":"Donu and Deca","floor":50,"turns":3},{"damage":0,"enemies":"Shield and Spear","floor":54,"turns":2},{"damage":4,"enemies":"The Heart","floor":55,"turns":3}],"seed_played":"7056888184279103210","potions_obtained":[{"floor":5,"key":"Fire Potion"},{"floor":6,"key":"Weak Potion"},{"floor":11,"key":"EssenceOfSteel"},{"floor":24,"key":"SkillPotion"},{"floor":28,"key":"GamblersBrew"},{"floor":35,"key":"Fruit Juice"},{"floor":38,"key":"EssenceOfSteel"},{"floor":42,"key":"Fire Potion"},{"floor":53,"key":"GamblersBrew"}],"is_trial":false,"path_per_floor":["M","$","?","$","M","E","R","E","T","$","E","M","E","M","R","B",null,"M","$","M","?","T","E","M","E","T","R","M","R","M","$","R","B",null,"M","$","M","M","M","E","R","E","T","E","R","R","$","?","R","B",null,"R","$","E","B",null],"character_chosen":"DEFECT","items_purchased":["Self Repair","Chrysalis","Glacier","Frozen Eye","Kunai","Torii","Transmutation","Finesse","Rebound","FocusPotion","OrangePellets","Bronze Scales","StoneCalendar","Bandage Up","SkillPotion","Runic Capacitor","Girya","PreservedInsect","GamblersBrew","Block Potion","Fire Potion","Static Discharge+1","Master of Strategy","Lockon","Membership Card","Omamori","Dream Catcher","Transmutation","Heatsinks+1","Bag of Preparation","Lee\u0027s Waffle","Pen Nib","PowerPotion","Fire Potion","Cauldron","Cables","Mummified Hand","Panache+1"],"campfire_rested":0,"item_purchase_floors":[2,4,4,10,10,10,10,10,10,10,19,19,19,19,19,31,31,31,31,31,31,31,31,31,36,36,36,36,36,47,47,47,47,47,53,53,53,53],"current_hp_per_floor":[68,68,68,68,68,75,75,75,75,75,75,75,75,75,75,75,75,75,75,75,75,75,66,75,82,82,82,75,75,79,79,79,82,82,81,81,82,68,79,87,87,87,87,87,87,87,94,94,94,94,94,94,91,91,91],"gold":9073,"neow_bonus":"THREE_ENEMY_KILL","is_prod":false,"is_daily":false,"chose_seed":false,"campfire_upgraded":8,"win_rate":0,"timestamp":1559057058,"path_taken":["M","?","?","$","M","E","R","E","T","$","E","?","E","M","R","BOSS","M","$","M","?","?","E","M","E","T","R","M","R","M","?","R","BOSS","M","$","M","M","M","E","R","E","T","E","R","R","$","?","R","BOSS","R","$","E","BOSS"],"build_version":"2019-01-23","purchased_purges":7,"victory":true,"max_hp_per_floor":[75,75,75,75,75,75,75,75,75,75,75,75,75,75,75,75,75,75,75,75,75,75,75,75,82,82,82,82,82,82,82,82,82,82,82,82,82,87,87,87,87,87,87,87,87,87,94,94,94,94,94,94,91,91,91],"card_choices":[{"not_picked":["Stack","Beam Cell"],"picked":"Cold Snap","floor":1},{"not_picked":["Steam","Ball Lightning"],"picked":"Capacitor","floor":5},{"not_picked":["Turbo","Coolheaded"],"picked":"White Noise","floor":6},{"not_picked":["Ball Lightning","Tempest"],"picked":"Cold Snap","floor":8},{"not_picked":["Self Repair+1","Aggregate"],"picked":"Darkness","floor":11},{"not_picked":["Cold Snap","Hologram"],"picked":"FTL","floor":12},{"not_picked":["Redo","Biased Cognition+1"],"picked":"Capacitor+1","floor":13},{"not_picked":["Stack","Compile Driver"],"picked":"Barrage","floor":14},{"not_picked":["All For One","Reboot"],"picked":"Machine Learning+1","floor":16},{"not_picked":["Go for the Eyes","Barrage+1"],"picked":"Turbo+1","floor":18},{"not_picked":["Sweeping Beam","Coolheaded","BootSequence+1"],"picked":"SKIP","floor":20},{"not_picked":["Beam Cell+1","Conserve Battery+1"],"picked":"Doom and Gloom","floor":23},{"not_picked":["Cold Snap","Rebound"],"picked":"Echo Form+1","floor":24},{"not_picked":["Fusion+1","Blizzard"],"picked":"Double Energy+1","floor":25},{"not_picked":["Compile Driver","Redo"],"picked":"Lockon","floor":28},{"not_picked":["Steam+1","Chaos"],"picked":"Barrage+1","floor":30},{"not_picked":["Biased Cognition+1","Seek"],"picked":"Electrodynamics+1","floor":33},{"not_picked":["Go for the Eyes","Beam Cell"],"picked":"Tempest+1","floor":35},{"not_picked":["Go for the Eyes","Rebound","Sweeping Beam+1"],"picked":"SKIP","floor":37},{"not_picked":["Turbo+1","Cold Snap+1","Stack"],"picked":"SKIP","floor":38},{"not_picked":["Hologram+1","Steam+1","Redo"],"picked":"SKIP","floor":39},{"not_picked":["Turbo","Coolheaded+1","Steam"],"picked":"SKIP","floor":40},{"not_picked":["Cold Snap+1","Sweeping Beam","Fusion+1"],"picked":"SKIP","floor":42},{"not_picked":["Stack+1","Hyperbeam"],"picked":"All For One","floor":44},{"not_picked":["Stack","Defragment+1"],"picked":"Streamline","floor":54}],"player_experience":142772,"relics_obtained":[{"floor":6,"key":"Anchor"},{"floor":8,"key":"Frozen Egg 2"},{"floor":9,"key":"Orichalcum"},{"floor":11,"key":"Sundial"},{"floor":13,"key":"MawBank"},{"floor":23,"key":"Regal Pillow"},{"floor":23,"key":"Boot"},{"floor":25,"key":"Strawberry"},{"floor":25,"key":"Turnip"},{"floor":26,"key":"Potion Belt"},{"floor":34,"key":"War Paint"},{"floor":34,"key":"Pantograph"},{"floor":34,"key":"WingedGreaves"},{"floor":40,"key":"Tiny Chest"},{"floor":40,"key":"Blood Vial"},{"floor":42,"key":"Juzu Bracelet"},{"floor":42,"key":"DataDisk"},{"floor":43,"key":"Dodecahedron"},{"floor":44,"key":"Ornamental Fan"},{"floor":44,"key":"Vajra"},{"floor":54,"key":"Mercury Hourglass"},{"floor":54,"key":"Gremlin Horn"}],"event_choices":[{"damage_healed":0,"gold_gain":275,"player_choice":"Desecrate","damage_taken":0,"max_hp_gain":0,"max_hp_loss":0,"event_name":"Golden Shrine","floor":3,"gold_loss":0,"cards_obtained":["Regret"]},{"damage_healed":0,"gold_gain":0,"player_choice":"Inject Mutagens","damage_taken":0,"relics_obtained":["MutagenicStrength"],"max_hp_gain":0,"max_hp_loss":0,"event_name":"Drug Dealer","floor":21,"gold_loss":0},{"cards_removed":["Cold Snap"],"damage_healed":0,"gold_gain":0,"player_choice":"Removed Attack","damage_taken":0,"max_hp_gain":0,"max_hp_loss":0,"event_name":"Falling","floor":48,"gold_loss":0}],"is_beta":false,"boss_relics":[{"not_picked":["Coffee Dripper","Fusion Hammer"],"picked":"Black Star"},{"not_picked":["FrozenCore","Nuclear Battery"],"picked":"Calling Bell"}],"items_purged_floors":[4,10,19,31,36,47,53],"is_endless":false,"potions_floor_spawned":[5,6,11,24,28,35,38,42],"ascension_level":7}