{"gold_per_floor":[115,130,32,49,49,83,83,114,137,109,109,109,131,150,150,249,249,263,463,473,483,495,495,495],"floor_reached":24,"playtime":1823,"items_purged":["Strike_B"],"score":247,"play_id":"04a82956-07ed-4b06-85f3-0cb5273da930","local_time":"20180724180800","is_ascension_mode":true,"campfire_choices":[{"data":"Sunder","floor":7,"key":"SMITH"},{"floor":12,"key":"REST"},{"floor":15,"key":"REST"},{"data":"White Noise","floor":23,"key":"SMITH"}],"neow_cost":"","seed_source_timestamp":245400761391428,"circlet_count":0,"master_deck":["Strike_B","Strike_B","Strike_B","Defend_B","Defend_B","Defend_B","Defend_B","Zap","Dualcast","Sweeping Beam","Sunder+1","Barrage","Streamline","Loop","Reboot","White Noise+1","Aggregate","Reboot","Gash","Ball Lightning","Go for the Eyes","Chill+1"],"relics":["Cracked Core","Bag of Preparation","Ancient Tea Set","Blood Vial","Centennial Puzzle","Odd Mushroom","Lizard Tail"],"potions_floor_usage":[16,16,24],"damage_taken":[{"damage":0,"enemies":"Cultist","floor":1,"turns":4},{"damage":0,"enemies":"2 Louse","floor":2,"turns":2},{"damage":0,"enemies":"Jaw Worm","floor":4,"turns":3},{"damage":30,"enemies":"3 Sentries","floor":6,"turns":6},{"damage":16,"enemies":"Gremlin Nob","floor":8,"turns":3},{"damage":4,"floor":13,"turns":2},{"damage":10,"enemies":"Large Slime","floor":14,"turns":5},{"damage":40,"enemies":"The Guardian","floor":16,"turns":13},{"damage":28,"enemies":"Spheric Guardian","floor":18,"turns":4},{"damage":40,"enemies":"3 Byrds","floor":20,"turns":4},{"damage":31,"enemies":"Snecko","floor":21,"turns":4},{"damage":13,"enemies":"3 Cultists","floor":22,"turns":4},{"damage":23,"enemies":"Gremlin Leader","floor":24,"turns":6}],"seed_played":"-3021414805490549621","potions_obtained":[{"floor":1,"key":"LiquidBronze"},{"floor":2,"key":"Energy Potion"},{"floor":4,"key":"Energy Potion"},{"floor":11,"key":"FairyPotion"},{"floor":11,"key":"EssenceOfSteel"},{"floor":18,"key":"FearPotion"},{"floor":21,"key":"Block Potion"}],"is_trial":false,"path_per_floor":["M","M","$","M","?","E","R","E","T","?","?","R","?","M","R","B",null,"M","?","M","M","M","R"],"character_chosen":"DEFECT","items_purchased":["Barrage"],"campfire_rested":2,"item_purchase_floors":[3],"current_hp_per_floor":[75,75,75,75,50,20,20,4,4,4,4,26,24,16,38,7,75,54,54,16,24,13,13,0],"gold":495,"neow_bonus":"","is_prod":false,"is_daily":false,"chose_seed":false,"campfire_upgraded":2,"win_rate":0,"timestamp":1532426880,"path_taken":["M","M","$","M","?","E","R","E","T","?","?","R","?","?","R","BOSS","M","?","?","M","M","R","E"],"build_version":"2018-07-19v2","purchased_purges":1,"victory":false,"max_hp_per_floor":[75,75,75,75,75,75,75,75,75,75,75,75,75,75,75,75,75,75,75,75,75,75,75,75],"card_choices":[{"not_picked":["Chill","Compile Driver"],"picked":"Sweeping Beam","floor":1},{"not_picked":["Streamline","Redo"],"picked":"Sunder","floor":2},{"not_picked":["Steam","Stack"],"picked":"Streamline","floor":4},{"not_picked":["Turbo","Consume"],"picked":"Loop","floor":6},{"not_picked":["Core Surge","Beam Cell"],"picked":"Reboot","floor":8},{"not_picked":["Hello World","Doom and Gloom"],"picked":"White Noise","floor":13},{"not_picked":["Skim","Cold Snap"],"picked":"Aggregate","floor":14},{"not_picked":["All For One","Electrodynamics"],"picked":"Reboot","floor":16},{"not_picked":["Streamline","Leap+1"],"picked":"Gash","floor":18},{"not_picked":["Darkness","Redo"],"picked":"Ball Lightning","floor":20},{"not_picked":["Barrage+1","Stack"],"picked":"Go for the Eyes","floor":21},{"not_picked":["Sweeping Beam","Streamline"],"picked":"Chill+1","floor":22}],"player_experience":222292,"relics_obtained":[{"floor":6,"key":"Ancient Tea Set"},{"floor":8,"key":"Blood Vial"},{"floor":9,"key":"Centennial Puzzle"},{"floor":13,"key":"Odd Mushroom"}],"event_choices":[{"event_name":"Scrap Ooze","player_choice":"success","floor":5,"damage_taken":25},{"event_name":"World of Goop","player_choice":"Left","floor":10,"damage_taken":0},{"event_name":"The Lab","player_choice":"Got Potions","floor":11,"damage_taken":0},{"event_name":"Mushrooms","player_choice":"Fought Mushrooms","floor":13,"damage_taken":0},{"event_name":"Wheel of Change","player_choice":"Gold","floor":19,"damage_taken":0}],"is_beta":false,"boss_relics":[{"not_picked":["Philosopher\u0027s Stone","Fusion Hammer"],"picked":"Lizard Tail"}],"items_purged_floors":[3],"is_endless":false,"potions_floor_spawned":[1,2,4,14,18,21],"killed_by":"Gremlin Leader","ascension_level":4}