{"gold_per_floor":[114,39,57,17,34,34,54,54,54,154,167,201,201,215,215,311,311,322,336,201,215,227,227,259,259,259,291,301,226,226],"floor_reached":30,"playtime":2738,"items_purged":["Defend_B","Strike_B"],"score":286,"play_id":"feebf73d-dbb5-4b8c-a856-6ac492a31dec","local_time":"20180721061223","is_ascension_mode":true,"campfire_choices":[{"data":"Genetic Algorithm","floor":6.0,"key":"SMITH"},{"data":"Self Repair","floor":8.0,"key":"SMITH"},{"data":"Defragment","floor":13.0,"key":"SMITH"},{"data":"Compile Driver","floor":15.0,"key":"SMITH"},{"data":"Darkness","floor":23,"key":"SMITH"},{"data":"Seek","floor":25,"key":"SMITH"}],"neow_cost":"NONE","seed_source_timestamp":0,"circlet_count":0,"master_deck":["Strike_B","Strike_B","Defend_B","Defend_B","Defend_B","Zap","Dualcast","Genetic Algorithm+1","Doom and Gloom","Cold Snap","Self Repair+1","Echo Form","Defragment+1","Compile Driver+1","Seek+1","Force Field","Static Discharge","Storm","Ball Lightning+1","Darkness+1","Loop+1","Double Energy+1","Turbo+1"],"special_seed":0,"relics":["Velvet Choker","Pear","Calipers","Black Star","Letter Opener","Frozen Egg 2","Bottled Flame","Molten Egg 2","Toxic Egg 2"],"potions_floor_usage":[28,28,28,28,28,28],"damage_taken":[{"damage":1.0,"enemies":"Cultist","floor":1.0,"turns":4.0},{"damage":0.0,"enemies":"Small Slimes","floor":3.0,"turns":3.0},{"damage":8.0,"enemies":"Jaw Worm","floor":5.0,"turns":3.0},{"damage":19.0,"enemies":"Gremlin Gang","floor":7.0,"turns":4.0},{"damage":7.0,"enemies":"Blue Slaver","floor":11.0,"turns":4.0},{"damage":26.0,"enemies":"Gremlin Nob","floor":12.0,"turns":6.0},{"damage":0.0,"enemies":"Large Slime","floor":14.0,"turns":4.0},{"damage":38.0,"enemies":"The Guardian","floor":16.0,"turns":9.0},{"damage":18.0,"enemies":"Shell Parasite","floor":18.0,"turns":5.0},{"damage":10.0,"enemies":"Chosen","floor":19.0,"turns":5.0},{"damage":23.0,"enemies":"Sentry and Sphere","floor":21.0,"turns":6.0},{"damage":10,"enemies":"Chosen and Byrds","floor":22,"turns":4},{"damage":21,"enemies":"Gremlin Leader","floor":24,"turns":6},{"damage":46,"enemies":"Slavers","floor":27,"turns":5},{"damage":11,"enemies":"Slaver and Parasite","floor":28,"turns":6}],"seed_played":"-1474091928938242672","potions_obtained":[{"floor":3.0,"key":"Weak Potion"},{"floor":4.0,"key":"PowerPotion"},{"floor":4.0,"key":"SneckoOil"},{"floor":11.0,"key":"EntropicBrew"},{"floor":12.0,"key":"FocusPotion"},{"floor":28,"key":"SpeedPotion"}],"is_trial":false,"path_per_floor":["M","$","M","?","M","R","M","R","T","?","M","E","R","M","R","B",null,"M","M","$","M","M","R","E","R","T","E","M","?"],"character_chosen":"DEFECT","items_purchased":["Storm"],"campfire_rested":0,"item_purchase_floors":[20],"current_hp_per_floor":[74,74,74,74,66,66,47,47,57,57,60,44,44,54,54,26,85,77,85,85,72,62,62,51,51,51,15,14,14,0],"gold":226,"neow_bonus":"BOSS_RELIC","is_prod":false,"is_daily":false,"chose_seed":false,"campfire_upgraded":6,"win_rate":0,"timestamp":1532124743,"path_taken":["M","$","?","?","M","R","M","R","T","?","M","E","R","M","R","BOSS","M","M","$","M","M","R","E","R","T","E","M","?","?"],"build_version":"2018-07-19v2","purchased_purges":2,"victory":false,"max_hp_per_floor":[75,75,75,75,75,75,75,75,85,85,85,85,85,85,85,85,85,85,85,85,85,85,85,85,85,85,85,85,85,85],"card_choices":[{"not_picked":["Redo","Chill"],"picked":"Genetic Algorithm","floor":1.0},{"not_picked":["Stack","Redo"],"picked":"Doom and Gloom","floor":3.0},{"not_picked":["Stack","Rebound"],"picked":"Cold Snap","floor":5.0},{"not_picked":["Steam","Leap"],"picked":"Self Repair","floor":7.0},{"not_picked":["Reprogram","Static Discharge"],"picked":"Echo Form","floor":11.0},{"not_picked":["Go for the Eyes","Redo"],"picked":"Defragment","floor":12.0},{"not_picked":["Leap","Rebound"],"picked":"Compile Driver","floor":14.0},{"not_picked":["Electrodynamics","Reboot"],"picked":"Seek","floor":16.0},{"not_picked":["Double Energy","Stack"],"picked":"Force Field","floor":18.0},{"not_picked":["FTL","Rebound+1"],"picked":"Static Discharge","floor":19.0},{"not_picked":["Redo+1","Genetic Algorithm"],"picked":"Ball Lightning+1","floor":21},{"not_picked":["Turbo","Rebound"],"picked":"Darkness","floor":22},{"not_picked":["Leap+1","Gash+1"],"picked":"Loop","floor":24},{"not_picked":["Leap+1","Coolheaded+1"],"picked":"Double Energy","floor":27},{"not_picked":["All For One+1","Static Discharge+1"],"picked":"Turbo+1","floor":28}],"player_experience":170182,"relics_obtained":[{"floor":9.0,"key":"Pear"},{"floor":12.0,"key":"Calipers"},{"floor":24,"key":"Letter Opener"},{"floor":24,"key":"Frozen Egg 2"},{"floor":26,"key":"Bottled Flame"},{"floor":27,"key":"Molten Egg 2"},{"floor":27,"key":"Toxic Egg 2"}],"event_choices":[{"event_name":"The Woman in Blue","player_choice":"Bought 3 Potions","floor":4.0,"damage_taken":0.0},{"event_name":"Golden Shrine","player_choice":"Pray","floor":10.0,"damage_taken":0.0},{"event_name":"Beggar","player_choice":"Gave Gold","floor":29,"damage_taken":0}],"is_beta":false,"boss_relics":[{"not_picked":["Fusion Hammer","Ectoplasm"],"picked":"Black Star"}],"items_purged_floors":[2,20],"is_endless":false,"potions_floor_spawned":[3,11,12,16,21,28],"ascension_level":1}