{"gold_per_floor":[109,119,119,119,69,96,96,111,111,186,200,200,200,200,200,305,305,321,246,262,272,286,286,186,186,212,212,232,232,251,251,251,353,353,373,248,259,109,109,140,140,140,217,217,217,237,237,251,251,251],"floor_reached":51,"playtime":1015,"items_purged":["Strike_R","Strike_R","Strike_R","Defend_R"],"score":723,"play_id":"761f292c-3904-45ca-9c56-0b9355f72470","local_time":"20180816161456","is_ascension_mode":false,"campfire_choices":[{"data":"Bash","floor":7,"key":"SMITH"},{"data":"Bludgeon","floor":13,"key":"SMITH"},{"data":"Defend_R","floor":15,"key":"SMITH"},{"data":"Bludgeon","floor":23,"key":"SMITH"},{"data":"Double Tap","floor":29,"key":"SMITH"},{"data":"Flame Barrier","floor":32,"key":"SMITH"},{"data":"Offering","floor":42,"key":"SMITH"},{"data":"Madness","floor":45,"key":"SMITH"},{"floor":47,"key":"REST"},{"data":"Madness","floor":49,"key":"SMITH"}],"neow_cost":"NONE","seed_source_timestamp":29616416548134,"circlet_count":0,"master_deck":["Defend_R+1","Bash+1","Offering+1","Bludgeon+1","Cleave","Double Tap+1","Bludgeon+1","Flame Barrier+1","Brutality","Madness+1","Madness+1"],"relics":["Burning Blood","Sundial","Ginger","StoneCalendar","Ancient Tea Set","Snecko Eye","Bronze Scales","Busted Crown","Bottled Tornado","Kunai"],"potions_floor_usage":[6,6,6,35,40,46,50],"damage_taken":[{"damage":7,"enemies":"2 Louse","floor":1,"turns":3},{"damage":6,"enemies":"Cultist","floor":2,"turns":2},{"damage":10,"enemies":"3 Sentries","floor":6,"turns":3},{"damage":11,"enemies":"Jaw Worm","floor":8,"turns":2},{"damage":0,"enemies":"Large Slime","floor":11,"turns":4},{"damage":32,"enemies":"The Guardian","floor":16,"turns":6},{"damage":6,"enemies":"Spheric Guardian","floor":18,"turns":1},{"damage":6,"enemies":"Chosen","floor":20,"turns":1},{"damage":0,"enemies":"Snake Plant","floor":21,"turns":1},{"damage":8,"enemies":"Chosen and Byrds","floor":22,"turns":2},{"damage":0,"enemies":"Centurion and Healer","floor":28,"turns":2},{"damage":0,"enemies":"3 Cultists","floor":30,"turns":2},{"damage":6,"enemies":"Champ","floor":33,"turns":3},{"damage":0,"enemies":"3 Shapes","floor":35,"turns":2},{"damage":0,"enemies":"Orb Walker","floor":37,"turns":1},{"damage":22,"enemies":"2 Orb Walkers","floor":40,"turns":3},{"damage":16,"enemies":"Spire Growth","floor":46,"turns":3},{"damage":1,"enemies":"Maw","floor":48,"turns":2},{"damage":25,"enemies":"Donu and Deca","floor":50,"turns":4}],"seed_played":"-4158543638053435979","potions_obtained":[{"floor":1,"key":"Regen Potion"},{"floor":2,"key":"Ancient Potion"},{"floor":4,"key":"Explosive Potion"},{"floor":4,"key":"Explosive Potion"},{"floor":4,"key":"Fire Potion"},{"floor":8,"key":"PowerPotion"},{"floor":16,"key":"Block Potion"},{"floor":28,"key":"SpeedPotion"},{"floor":30,"key":"SpeedPotion"},{"floor":33,"key":"Explosive Potion"},{"floor":37,"key":"Block Potion"},{"floor":46,"key":"Explosive Potion"}],"is_trial":false,"path_per_floor":["M","M","?","?","?","E","R","M","T","?","M","?","R","?","R","B",null,"M","$","M","M","M","R","$","?","T","?","M","R","M","?","R","B",null,"M","$","M","$","?","E","$","R","T","?","R","M","R","M","R","B"],"character_chosen":"IRONCLAD","items_purchased":[],"campfire_rested":1,"item_purchase_floors":[],"current_hp_per_floor":[79,79,76,76,76,72,72,67,67,56,62,62,62,62,62,36,80,80,80,80,80,78,78,78,78,78,78,80,80,80,80,80,80,80,80,80,80,80,80,64,64,64,64,54,54,44,68,73,73,54],"gold":251,"neow_bonus":"TRANSFORM_CARD","is_prod":false,"is_daily":false,"chose_seed":false,"campfire_upgraded":9,"win_rate":0,"timestamp":1534407296,"path_taken":["M","M","?","?","?","E","R","?","T","?","M","?","R","?","R","BOSS","M","$","M","M","M","R","$","?","T","?","M","R","?","?","R","BOSS","M","$","M","$","?","E","$","R","T","?","R","?","R","M","R","BOSS"],"build_version":"2018-08-09","purchased_purges":4,"victory":true,"max_hp_per_floor":[80,80,80,80,80,80,80,80,80,80,80,80,80,80,80,80,80,80,80,80,80,80,80,80,80,80,80,80,80,80,80,80,80,80,80,80,80,80,80,80,80,80,80,80,80,80,80,80,80,80],"card_choices":[{"not_picked":["Dual Wield","Wild Strike","Thunderclap"],"picked":"SKIP","floor":1},{"not_picked":["Armaments","Rage","Feel No Pain"],"picked":"SKIP","floor":2},{"not_picked":["Power Through","Disarm"],"picked":"Bludgeon","floor":6},{"not_picked":["Warcry","Sword Boomerang","Battle Trance"],"picked":"SKIP","floor":8},{"not_picked":["Flex","Wild Strike"],"picked":"Cleave","floor":11},{"not_picked":["Juggernaut","Barricade"],"picked":"Double Tap","floor":16},{"not_picked":["Perfected Strike","Infernal Blade","Thunderclap"],"picked":"SKIP","floor":18},{"not_picked":["Corruption","Shockwave","Sword Boomerang+1"],"picked":"SKIP","floor":20},{"not_picked":["Cleave","Entrench","Clash+1"],"picked":"SKIP","floor":21},{"not_picked":["Flame Barrier","Armaments"],"picked":"Bludgeon","floor":22},{"not_picked":["Sword Boomerang","Rampage","Thunderclap+1"],"picked":"SKIP","floor":28},{"not_picked":["Sword Boomerang","Pummel","Heavy Blade"],"picked":"SKIP","floor":30},{"not_picked":["Pommel Strike+1"],"picked":"SKIP","floor":35},{"not_picked":["Cleave+1"],"picked":"SKIP","floor":37},{"not_picked":["Entrench+1"],"picked":"SKIP","floor":40},{"not_picked":["Twin Strike"],"picked":"SKIP","floor":46},{"not_picked":["Battle Trance"],"picked":"SKIP","floor":48}],"player_experience":476128,"relics_obtained":[{"floor":6,"key":"Ginger"},{"floor":9,"key":"StoneCalendar"},{"floor":26,"key":"Bronze Scales"},{"floor":40,"key":"Bottled Tornado"},{"floor":43,"key":"Kunai"}],"event_choices":[{"event_name":"Scrap Ooze","player_choice":"success","floor":3,"damage_taken":3},{"event_name":"The Lab","player_choice":"Got Potions","floor":4,"damage_taken":0},{"event_name":"The Cleric","player_choice":"Card Removal","floor":5,"damage_taken":0},{"event_name":"World of Goop","player_choice":"Gather Gold","floor":10,"damage_taken":0},{"event_name":"WeMeetAgain","player_choice":"Potion","floor":12,"damage_taken":0},{"event_name":"Living Wall","player_choice":"Forget","floor":14,"damage_taken":0},{"event_name":"The Library","player_choice":"Read","floor":25,"damage_taken":0},{"event_name":"Drug Dealer","player_choice":"Ignored","floor":27,"damage_taken":0},{"event_name":"The Mausoleum","player_choice":"No","floor":31,"damage_taken":0},{"event_name":"Transmorgrifier","player_choice":"Transform","floor":39,"damage_taken":0},{"event_name":"Winding Halls","player_choice":"Embrace Madness","floor":44,"damage_taken":0}],"is_beta":false,"boss_relics":[{"not_picked":["Mark of Pain","Calling Bell"],"picked":"Snecko Eye"},{"not_picked":["Cursed Key","Black Star"],"picked":"Busted Crown"}],"items_purged_floors":[19,24,36,38],"is_endless":false,"potions_floor_spawned":[1,2,8,16,28,30,33,37,46],"ascension_level":0}