{"path_per_floor":["M","$","M","$","?","R","?","M","T","M","?","R","M","M","R","B",null,"M","M","$","?","$","R","M","R","T","?","M","M","M"],"character_chosen":"THE_SILENT","items_purchased":["Bouncing Flask","Paper Crane"],"gold_per_floor":[119,45,60,60,135,135,135,151,199,214,214,214,232,246,246,348,348,362,372,42,42,42,42,54,54,107,107,122,140,152],"floor_reached":31,"campfire_rested":4,"playtime":1856,"current_hp_per_floor":[68,68,67,67,56,56,56,54,54,35,23,44,25,23,44,44,70,59,55,55,42,42,64,40,62,62,62,57,38,28],"items_purged":["Strike_G"],"gold":152,"score":307,"play_id":"8c123473-f1f6-4112-8d5b-37f530916c60","is_prod":false,"is_daily":false,"is_ascension_mode":true,"campfire_upgraded":1,"path_taken":["M","$","M","$","?","R","?","?","T","?","?","R","M","M","R","BOSS","M","M","$","?","$","R","M","R","T","?","?","M","M","?"],"build_version":"2018-02-15-PROD1","purchased_purges":1,"victory":false,"master_deck":["Defend_G+1","Defend_G+1","Defend_G+1","Defend_G+1","Defend_G+1","Strike_G+1","Strike_G+1","Strike_G+1","Strike_G+1","Survivor","Neutralize+1","Bouncing Flask","Noxious Fumes","Cloak And Dagger","Adrenaline","Footwork","Catalyst","Escape Plan","Dagger Spray","Cloak And Dagger","Backflip+1"],"max_hp_per_floor":[70,70,70,70,70,70,70,70,70,70,70,70,70,70,70,70,70,70,70,70,75,75,75,75,75,75,75,75,75,75],"relics":["Ring of the Snake","Orichalcum","Snake Skull","Gremlin Horn","Orrery","Paper Crane","Art of War"],"card_choices":[{"not_picked":["Flying Knee","Riddle With Holes"],"picked":"Noxious Fumes"},{"not_picked":["Poisoned Stab","Wraith Form"],"picked":"Cloak And Dagger"},{"not_picked":["Glass Knife","Doppelganger"],"picked":"Adrenaline"},{"not_picked":["All Out Attack","Prepared"],"picked":"Footwork"},{"not_picked":["Prepared","Dash"],"picked":"Catalyst"},{"not_picked":["Dodge and Roll","Underhanded Strike"],"picked":"Escape Plan"},{"not_picked":["Eviscerate","Underhanded Strike"],"picked":"Dagger Spray"},{"not_picked":["Dagger Spray","Dodge and Roll"],"picked":"Cloak And Dagger"},{"not_picked":["Underhanded Strike","Bane"],"picked":"Backflip"}],"player_experience":133137,"potions_floor_usage":[16,28,31,31],"damage_taken":[{"damage":2,"enemies":"2 Louse","floor":1,"turns":3},{"damage":1,"enemies":"Jaw Worm","floor":3,"turns":3},{"damage":2,"enemies":"Small Slimes","floor":8,"turns":3},{"damage":19,"enemies":"Exordium Wildlife","floor":10,"turns":5},{"damage":19,"enemies":"Gremlin Gang","floor":13,"turns":5},{"damage":2,"enemies":"3 Louse","floor":14,"turns":4},{"damage":0,"enemies":"Hexaghost","floor":16,"turns":8},{"damage":11,"enemies":"Chosen","floor":18,"turns":6},{"damage":4,"enemies":"Shell Parasite","floor":19,"turns":6},{"damage":24,"enemies":"Sentry and Sphere","floor":24,"turns":8},{"damage":5,"enemies":"Chosen and Byrds","floor":28,"turns":7},{"damage":19,"enemies":"Slaver and Parasite","floor":29,"turns":7},{"damage":10,"enemies":"Snake Plant","floor":30,"turns":4},{"damage":52,"enemies":"Cultist and Chosen","floor":31,"turns":4}],"event_choices":[{"event_name":"World of Goop","player_choice":"Gather Gold","floor":5,"damage_taken":0},{"event_name":"Golden Idol","player_choice":"Ignored","floor":7,"damage_taken":0},{"event_name":"Scrap Ooze","player_choice":"success","floor":11,"damage_taken":12},{"event_name":"Forgotten Altar","player_choice":"Shed Blood","floor":21,"damage_taken":0},{"event_name":"Back to Basics","player_choice":"Simplicity","floor":27,"damage_taken":0}],"boss_relics":[{"not_picked":["Philosopher\u0027s Stone","Cursed Key"],"picked":"Orrery"}],"potions_floor_spawned":[3,10,16,19,29,30],"seed_played":"-8199171231065595348","killed_by":"Cultist and Chosen","ascension_level":2,"is_trial":false}