{"gold_per_floor":[115,115,135,135,147,147,147,158,158,176,176,196,14,32,32,137,137,150,163,163,175,192,192,206,206,257,257,257,283,301,301,301,301],"floor_reached":33,"playtime":2437,"items_purged":[],"score":286,"play_id":"183f6b13-cd86-435a-88d2-95d0f1d10371","local_time":"20190121110800","is_ascension_mode":false,"campfire_choices":[{"data":"Gash","floor":6,"key":"SMITH"},{"data":"Sweeping Beam","floor":11,"key":"SMITH"},{"floor":15,"key":"REST"},{"data":"Electrodynamics","floor":23,"key":"SMITH"},{"data":"1","floor":25,"key":"LIFT"},{"floor":27,"key":"REST"},{"floor":32,"key":"REST"}],"neow_cost":"NONE","seed_source_timestamp":201917920589800,"circlet_count":0,"master_deck":["Strike_B","Strike_B","Strike_B","Defend_B","Defend_B+1","Zap+1","Dualcast+1","Cold Snap","BootSequence","Gash+1","Sweeping Beam+1","Melter","Go for the Eyes","Rebound","Streamline","Rainbow","Conserve Battery","Steam+1","Electrodynamics+1","Shame","Doubt","Injury","Rebound","Streamline","Writhe","Ball Lightning","Steam","Go for the Eyes","Self Repair","Amplify"],"relics":["Cracked Core","Darkstone Periapt","Calling Bell","Happy Flower","Ornamental Fan","Girya","Sundial","War Paint","WingedGreaves"],"potions_floor_usage":[16,16,30,30,31,33],"damage_taken":[{"damage":0,"enemies":"2 Louse","floor":1,"turns":2},{"damage":0,"enemies":"Jaw Worm","floor":3,"turns":2},{"damage":0,"enemies":"Small Slimes","floor":5,"turns":2},{"damage":4,"enemies":"Gremlin Gang","floor":8,"turns":3},{"damage":0,"enemies":"Large Slime","floor":10,"turns":3},{"damage":0,"enemies":"Blue Slaver","floor":12,"turns":2},{"damage":12,"enemies":"Gremlin Gang","floor":14,"turns":4},{"damage":21,"enemies":"The Guardian","floor":16,"turns":12},{"damage":0,"enemies":"3 Byrds","floor":18,"turns":2},{"damage":28,"enemies":"Shell Parasite","floor":19,"turns":5},{"damage":10,"enemies":"Centurion and Healer","floor":21,"turns":4},{"damage":32,"enemies":"3 Cultists","floor":22,"turns":5},{"damage":6,"enemies":"Snake Plant","floor":24,"turns":4},{"damage":22,"enemies":"Slavers","floor":29,"turns":3},{"damage":2,"enemies":"Centurion and Healer","floor":30,"turns":5},{"damage":15,"enemies":"Colosseum Slavers","floor":31,"turns":2},{"damage":84,"enemies":"Automaton","floor":33,"turns":6}],"seed_played":"7751100576147856078","potions_obtained":[{"floor":1,"key":"Dexterity Potion"},{"floor":8,"key":"Swift Potion"},{"floor":12,"key":"Ancient Potion"},{"floor":18,"key":"SkillPotion"},{"floor":24,"key":"SkillPotion"},{"floor":30,"key":"Poison Potion"}],"is_trial":false,"path_per_floor":["M","?","M","?","M","R","?","M","T","M","R","M","$","M","R","B",null,"M","M","?","M","M","R","M","R","T","R","?","E","M","?","R","B"],"character_chosen":"DEFECT","items_purchased":["Rainbow","Conserve Battery"],"campfire_rested":3,"item_purchase_floors":[13,13],"current_hp_per_floor":[75,60,60,53,53,53,53,49,49,49,49,49,49,37,59,38,93,93,65,71,61,29,29,23,23,23,52,43,21,26,11,40,0],"gold":301,"neow_bonus":"TRANSFORM_CARD","is_prod":false,"is_daily":false,"chose_seed":false,"campfire_upgraded":3,"win_rate":0.0,"timestamp":1548065280,"path_taken":["M","?","M","?","?","R","?","M","T","M","R","?","$","M","R","BOSS","M","M","?","M","M","R","M","R","T","R","?","E","?","?","R","BOSS"],"build_version":"2019-01-17v2","purchased_purges":0,"victory":false,"max_hp_per_floor":[75,75,75,75,75,75,75,75,75,75,75,75,75,75,75,75,93,93,93,99,99,99,99,99,99,99,99,99,99,99,99,99,99],"card_choices":[{"not_picked":["Auto Shields","Tempest"],"picked":"BootSequence","floor":1},{"not_picked":["Auto Shields","Go for the Eyes"],"picked":"Gash","floor":3},{"not_picked":["Go for the Eyes","Stack"],"picked":"Sweeping Beam","floor":5},{"not_picked":["Auto Shields","Force Field"],"picked":"Go for the Eyes","floor":8},{"not_picked":["Steam Power","Double Energy"],"picked":"Rebound","floor":10},{"not_picked":["Hologram","Consume"],"picked":"Streamline","floor":12},{"not_picked":["Coolheaded","Leap"],"picked":"Steam","floor":14},{"not_picked":["Reboot","Seek"],"picked":"Electrodynamics","floor":16},{"not_picked":["Doom and Gloom","Hologram+1"],"picked":"Rebound","floor":18},{"not_picked":["Sweeping Beam","Chaos"],"picked":"Streamline","floor":19},{"not_picked":["Conserve Battery","Streamline"],"picked":"Ball Lightning","floor":21},{"not_picked":["Cold Snap","Stack"],"picked":"Steam","floor":22},{"not_picked":["Rebound","Doom and Gloom"],"picked":"Go for the Eyes","floor":24},{"not_picked":["Ball Lightning","Stack"],"picked":"Self Repair","floor":29},{"not_picked":["Stack+1","Coolheaded"],"picked":"Amplify","floor":30}],"player_experience":14839,"relics_obtained":[{"floor":9,"key":"Darkstone Periapt"},{"floor":17,"key":"Happy Flower"},{"floor":17,"key":"Ornamental Fan"},{"floor":17,"key":"Girya"},{"floor":26,"key":"War Paint"},{"floor":29,"key":"WingedGreaves"}],"event_choices":[{"damage_healed":0,"gold_gain":0,"player_choice":"Entered Light","damage_taken":15,"max_hp_gain":0,"max_hp_loss":0,"event_name":"Shining Light","floor":2,"gold_loss":0,"cards_upgraded":["Zap","Dualcast"]},{"cards_removed":["Defend_B"],"damage_healed":0,"gold_gain":0,"player_choice":"Card Removal","damage_taken":7,"max_hp_gain":0,"max_hp_loss":0,"event_name":"Golden Wing","floor":4,"gold_loss":0},{"damage_healed":0,"gold_gain":0,"cards_transformed":["Strike_B"],"player_choice":"Transformed","damage_taken":0,"max_hp_gain":0,"max_hp_loss":0,"event_name":"Transmorgrifier","floor":7,"gold_loss":0,"cards_obtained":["Melter"]},{"damage_healed":0,"gold_gain":0,"player_choice":"Opened","damage_taken":0,"relics_obtained":["Sundial"],"max_hp_gain":0,"max_hp_loss":0,"event_name":"The Mausoleum","floor":20,"gold_loss":0,"cards_obtained":["Writhe"]},{"damage_healed":0,"gold_gain":0,"player_choice":"","damage_taken":9,"max_hp_gain":0,"max_hp_loss":0,"event_name":"Knowing Skull","floor":28,"potions_obtained":[],"gold_loss":0,"cards_obtained":[]},{"damage_healed":0,"gold_gain":0,"player_choice":"Fight","damage_taken":0,"max_hp_gain":0,"max_hp_loss":0,"event_name":"Colosseum","floor":31,"gold_loss":0},{"damage_healed":0,"gold_gain":0,"player_choice":"Fled From Nobs","damage_taken":0,"max_hp_gain":0,"max_hp_loss":0,"event_name":"Colosseum","floor":31,"gold_loss":0}],"is_beta":false,"boss_relics":[{"not_picked":["Astrolabe","Coffee Dripper"],"picked":"Calling Bell"}],"items_purged_floors":[],"is_endless":false,"potions_floor_spawned":[1,8,12,18,24,30,31],"killed_by":"Automaton","ascension_level":0}