{"gold_per_floor":[116,130,145,70,82,113,113,188,238,255,270,270,101,117,117,117],"floor_reached":16,"playtime":507,"items_purged":["Strike_R","Strike_R"],"score":177,"play_id":"0a6657fa-64e5-4540-9d0b-2585872747ac","local_time":"20181223123754","is_ascension_mode":true,"campfire_choices":[{"data":"Heavy Blade","floor":7,"key":"SMITH"},{"floor":15,"key":"REST"}],"neow_cost":"NONE","seed_source_timestamp":154587039338687,"circlet_count":0,"master_deck":["AscendersBane","Strike_R","Strike_R","Strike_R","Defend_R+1","Defend_R","Defend_R","Defend_R","Bash","Uppercut","Pommel Strike","Spot Weakness+1","Cleave","Heavy Blade+1","Rampage","Dropkick"],"relics":["Burning Blood","NeowsBlessing","Kunai","War Paint"],"potions_floor_usage":[16,16],"damage_taken":[{"damage":0,"enemies":"2 Louse","floor":1,"turns":1},{"damage":0,"enemies":"Cultist","floor":2,"turns":1},{"damage":0,"enemies":"Jaw Worm","floor":3,"turns":1},{"damage":12,"enemies":"2 Fungi Beasts","floor":5,"turns":3},{"damage":30,"enemies":"3 Sentries","floor":6,"turns":6},{"damage":7,"enemies":"Blue Slaver","floor":10,"turns":4},{"damage":16,"enemies":"Gremlin Gang","floor":11,"turns":4},{"damage":12,"enemies":"2 Fungi Beasts","floor":14,"turns":5},{"damage":37,"enemies":"Hexaghost","floor":16,"turns":7}],"seed_played":"-859077233266890594","potions_obtained":[{"floor":6,"key":"LiquidBronze"},{"floor":10,"key":"Dexterity Potion"}],"is_trial":false,"path_per_floor":["M","M","M","$","M","E","R","?","T","M","M","?","$","M","R","B"],"character_chosen":"IRONCLAD","items_purchased":["Dropkick"],"campfire_rested":1,"item_purchase_floors":[13],"current_hp_per_floor":[74,75,75,75,69,45,45,34,34,33,23,16,16,10,32,0],"gold":117,"neow_bonus":"THREE_ENEMY_KILL","is_prod":false,"is_daily":false,"chose_seed":false,"campfire_upgraded":1,"win_rate":0,"timestamp":1545539874,"path_taken":["M","M","M","$","M","E","R","?","T","M","M","?","$","M","R","BOSS"],"build_version":"2018-12-20","purchased_purges":2,"victory":false,"max_hp_per_floor":[75,75,75,75,75,75,75,75,75,75,75,75,75,75,75,75],"card_choices":[{"not_picked":["Anger","Armaments"],"picked":"Uppercut","floor":1},{"not_picked":["Warcry","Iron Wave"],"picked":"Pommel Strike","floor":2},{"not_picked":["Pummel","Warcry"],"picked":"Spot Weakness","floor":3},{"not_picked":["Rage","Havoc"],"picked":"Cleave","floor":5},{"not_picked":["Reckless Charge","Thunderclap"],"picked":"Heavy Blade","floor":6},{"not_picked":["Perfected Strike","Clash"],"picked":"Rampage","floor":10},{"not_picked":["Clash","Corruption","Thunderclap"],"picked":"SKIP","floor":11},{"not_picked":["Juggernaut","Iron Wave","Thunderclap"],"picked":"SKIP","floor":14}],"player_experience":607275,"relics_obtained":[{"floor":6,"key":"Kunai"},{"floor":9,"key":"War Paint"}],"event_choices":[{"damage_healed":0,"gold_gain":75,"player_choice":"Gather Gold","damage_taken":11,"max_hp_gain":0,"max_hp_loss":0,"event_name":"World of Goop","floor":8,"gold_loss":0},{"damage_healed":0,"gold_gain":0,"player_choice":"Damaged","damage_taken":7,"max_hp_gain":0,"max_hp_loss":0,"event_name":"Wheel of Change","floor":12,"gold_loss":0}],"is_beta":false,"boss_relics":[],"items_purged_floors":[4,13],"is_endless":false,"potions_floor_spawned":[6,10,14],"killed_by":"Hexaghost","ascension_level":14}