{"path_per_floor":["M","$","M","M","?","R","E","M","T","M","T","R","M","M","R","B",null,"M","$","?","?","?","R","M","M","T","R","M","M","M","M","R","B",null,"M","$","?","$","M","R","?","R","T","R","M","R","M","T","R","B"],"character_chosen":"THE_SILENT","items_purchased":["Well Laid Plans","Regen Potion"],"gold_per_floor":[110,35,51,63,63,63,89,102,102,120,147,147,160,171,171,269,269,287,150,75,75,75,75,85,99,168,168,178,193,205,221,221,320,320,332,207,207,8,18,18,18,18,18,18,33,33,44,44,44,44],"floor_reached":51,"campfire_rested":4,"playtime":3462,"current_hp_per_floor":[40,40,39,36,36,57,30,22,22,20,20,41,33,33,54,40,63,62,62,62,62,62,62,62,54,54,54,54,44,44,25,61,37,62,62,62,62,62,60,60,60,60,60,60,57,57,57,57,57,4],"items_purged":["Defend_G","Strike_G","Writhe","Strike_G"],"gold":44,"score":634,"play_id":"f074c4a0-f330-466d-8861-edaddac8da68","is_prod":false,"is_daily":false,"is_ascension_mode":true,"campfire_upgraded":7,"path_taken":["M","$","?","M","?","R","E","?","T","?","?","R","M","M","R","BOSS","M","$","?","?","?","R","?","M","T","R","M","M","M","M","R","BOSS","M","$","?","$","?","R","?","R","T","R","M","R","?","?","R","BOSS"],"build_version":"2018-02-22-PROD2","purchased_purges":5,"victory":true,"master_deck":["Defend_G","Defend_G+1","Defend_G+1","Strike_G","Strike_G","Survivor+1","Neutralize","Backflip+1","Leg Sweep+1","Die Die Die","Adrenaline","Escape Plan","Adrenaline","Bouncing Flask","Concentrate+1","Adrenaline","Well Laid Plans","Acrobatics","Dagger Spray+1","Blur+1","Poisoned Stab+1","Noxious Fumes+1","Expertise+1"],"max_hp_per_floor":[70,70,70,70,70,70,70,70,70,70,70,70,70,70,70,70,70,70,70,70,70,70,70,70,70,70,70,70,70,70,70,70,70,70,70,70,70,70,70,70,70,70,70,70,70,70,70,70,70,70],"relics":["Ring of the Snake","Prayer Wheel","Torii","Bronze Scales","Philosopher\u0027s Stone","Regal Pillow","Molten Egg 2","The Specimen","Du-Vu Doll"],"card_choices":[{"not_picked":["Sucker Punch","Masterful Stab"],"picked":"Backflip"},{"not_picked":["Acrobatics","Blur"],"picked":"Leg Sweep"},{"not_picked":["Caltrops","Flying Knee"],"picked":"Die Die Die"},{"not_picked":["Poisoned Stab","Crippling Poison"],"picked":"Escape Plan"},{"not_picked":["Slice","Backflip"],"picked":"Adrenaline"},{"not_picked":["Deadly Poison","Dagger Spray"],"picked":"Bouncing Flask"},{"not_picked":["Heel Hook","Predator"],"picked":"Concentrate"},{"not_picked":["Wraith Form","Doppelganger"],"picked":"Adrenaline"},{"not_picked":["Blade Dance","Escape Plan"],"picked":"Acrobatics"},{"not_picked":["Sucker Punch","Malaise"],"picked":"Dagger Spray"},{"not_picked":["Poisoned Stab","Heel Hook"],"picked":"Blur"},{"not_picked":["Calculated Gamble","Outmaneuver"],"picked":"Poisoned Stab"},{"not_picked":["Flying Knee","Catalyst"],"picked":"Noxious Fumes"},{"not_picked":["Dagger Spray","Poisoned Stab"],"picked":"Expertise"}],"player_experience":177700,"potions_floor_usage":[16,24,33,33,33,45,50,50],"damage_taken":[{"damage":23,"enemies":"Cultist","floor":1,"turns":7},{"damage":1,"enemies":"Small Slimes","floor":3,"turns":4},{"damage":3,"enemies":"Jaw Worm","floor":4,"turns":4},{"damage":27,"enemies":"Gremlin Nob","floor":7,"turns":6},{"damage":8,"enemies":"Lots of Slimes","floor":8,"turns":3},{"damage":2,"enemies":"Exordium Wildlife","floor":10,"turns":6},{"damage":8,"enemies":"Exordium Thugs","floor":13,"turns":6},{"damage":0,"enemies":"Looter","floor":14,"turns":3},{"damage":14,"enemies":"Hexaghost","floor":16,"turns":9},{"damage":1,"enemies":"Shell Parasite","floor":18,"turns":5},{"damage":0,"enemies":"Chosen","floor":24,"turns":5},{"damage":8,"enemies":"Snake Plant","floor":25,"turns":4},{"damage":0,"enemies":"3 Cultists","floor":28,"turns":3},{"damage":10,"enemies":"Chosen and Byrds","floor":29,"turns":7},{"damage":0,"enemies":"Snake Plant","floor":30,"turns":3},{"damage":19,"enemies":"Centurion and Healer","floor":31,"turns":4},{"damage":37,"enemies":"Automaton","floor":33,"turns":11},{"damage":0,"enemies":"3 Shapes","floor":35,"turns":4},{"damage":2,"enemies":"Orb Walker","floor":39,"turns":4},{"damage":3,"enemies":"Sphere and 2 Shapes","floor":45,"turns":6},{"damage":0,"enemies":"Maw","floor":47,"turns":8},{"damage":68,"enemies":"Donu and Deca","floor":50,"turns":12}],"event_choices":[{"event_name":"Transmorgrifier","player_choice":"Transform","floor":5,"damage_taken":0},{"event_name":"Beggar","player_choice":"Gave Gold","floor":20,"damage_taken":0},{"event_name":"Addict","player_choice":"Ignored","floor":21,"damage_taken":0},{"event_name":"The Mausoleum","player_choice":"Yes","floor":22,"damage_taken":0},{"event_name":"Mysterious Sphere","player_choice":"Ignore","floor":37,"damage_taken":0},{"event_name":"Accursed Blacksmith","player_choice":"Ignore","floor":41,"damage_taken":0}],"boss_relics":[{"not_picked":["White Beast Statue","Snecko Eye"],"picked":"Philosopher\u0027s Stone"},{"not_picked":["Orrery","Velvet Choker"],"picked":"The Specimen"}],"potions_floor_spawned":[4,8,10,14,16,25,28,30,33,39],"seed_played":"-7669479502167365396","ascension_level":7,"is_trial":false}