{"gold_per_floor":[109,127,52,52,62,62,77,77,77,77,89,89,101,112,112,210,210,227,227,47,47,59,59,94,114,114,131,131,56,56,56,56,56],"floor_reached":33,"playtime":1711,"items_purged":["Strike_G","Defend_G"],"score":347,"play_id":"ecbeb7f1-4099-4bea-863a-5845c8688a13","local_time":"20190609112508","is_ascension_mode":true,"campfire_choices":[{"data":"Dash","floor":6,"key":"SMITH"},{"data":"Dagger Throw","floor":8,"key":"SMITH"},{"data":"Expertise","floor":10,"key":"SMITH"},{"floor":15,"key":"REST"},{"data":"Well Laid Plans","floor":23,"key":"SMITH"},{"data":"Prepared","floor":28,"key":"SMITH"},{"data":"Grand Finale","floor":30,"key":"SMITH"},{"floor":32,"key":"REST"}],"neow_cost":"PERCENT_DAMAGE","seed_source_timestamp":149148802732127,"circlet_count":0,"master_deck":["Defend_G","Defend_G","Defend_G","Defend_G","Strike_G","Survivor","Neutralize","Grand Finale+1","Dash+1","Dagger Throw+1","Expertise+1","Grand Finale","Blur+1","Well Laid Plans+1","Prepared+1","Dagger Throw+1"],"relics":["Ring of the Snake","Letter Opener","Boot","Velvet Choker","Orichalcum","Juzu Bracelet"],"potions_floor_usage":[16,16,33,33,33],"damage_taken":[{"damage":0,"enemies":"Jaw Worm","floor":1,"turns":2},{"damage":0,"enemies":"2 Louse","floor":2,"turns":3},{"damage":0,"enemies":"Small Slimes","floor":5,"turns":4},{"damage":0,"enemies":"Blue Slaver","floor":7,"turns":3},{"damage":4,"enemies":"Exordium Wildlife","floor":11,"turns":4},{"damage":2,"enemies":"Lots of Slimes","floor":13,"turns":4},{"damage":0,"enemies":"Blue Slaver","floor":14,"turns":2},{"damage":24,"enemies":"Hexaghost","floor":16,"turns":10},{"damage":13,"enemies":"3 Byrds","floor":18,"turns":3},{"damage":0,"enemies":"Shell Parasite","floor":22,"turns":2},{"damage":1,"enemies":"Book of Stabbing","floor":24,"turns":4},{"damage":3,"enemies":"3 Cultists","floor":25,"turns":3},{"damage":0,"enemies":"Centurion and Healer","floor":27,"turns":4},{"damage":52,"enemies":"Champ","floor":33,"turns":6}],"seed_played":"7652125267392033063","potions_obtained":[{"floor":2,"key":"LiquidBronze"},{"floor":13,"key":"PowerPotion"},{"floor":16,"key":"PowerPotion"},{"floor":22,"key":"Explosive Potion"},{"floor":24,"key":"PowerPotion"}],"is_trial":false,"path_per_floor":["M","M","$","?","M","R","M","R","T","R","M","?","M","M","R","B",null,"M","?","$","?","M","R","E","M","T","M","R","?","R","$","R","B"],"character_chosen":"THE_SILENT","items_purchased":["Well Laid Plans"],"campfire_rested":2,"item_purchase_floors":[20],"current_hp_per_floor":[45,45,45,27,27,27,27,27,27,27,23,23,21,21,42,18,57,44,44,44,31,31,31,30,27,27,27,27,27,27,27,49,0],"gold":56,"neow_bonus":"TRANSFORM_TWO_CARDS","is_prod":false,"is_daily":false,"chose_seed":false,"campfire_upgraded":6,"win_rate":0,"timestamp":1560050708,"path_taken":["M","M","$","?","M","R","M","R","T","R","M","?","M","M","R","BOSS","M","?","$","?","M","R","E","M","T","M","R","?","R","?","R","BOSS"],"build_version":"2019-01-23","purchased_purges":2,"victory":false,"max_hp_per_floor":[70,70,70,70,70,70,70,70,70,70,70,70,70,70,70,70,70,70,70,70,75,75,75,75,75,75,75,75,75,75,75,75,75],"card_choices":[{"not_picked":["Dodge and Roll","Cloak And Dagger","Bouncing Flask"],"picked":"SKIP","floor":1},{"not_picked":["Blade Dance","Dash"],"picked":"Dagger Throw","floor":2},{"not_picked":["Outmaneuver","Blur","Infinite Blades"],"picked":"SKIP","floor":5},{"not_picked":["Terror","Flying Knee"],"picked":"Expertise","floor":7},{"not_picked":["Night Terror","Caltrops","Blur"],"picked":"SKIP","floor":11},{"not_picked":["Flying Knee","Sucker Punch","PiercingWail"],"picked":"SKIP","floor":13},{"not_picked":["Blade Dance","Bouncing Flask","All Out Attack"],"picked":"SKIP","floor":14},{"not_picked":["After Image","Bullet Time"],"picked":"Grand Finale","floor":16},{"not_picked":["Poisoned Stab","Dodge and Roll+1"],"picked":"Blur+1","floor":18},{"not_picked":["Outmaneuver","Choke"],"picked":"Prepared","floor":22},{"not_picked":["Poisoned Stab+1","Blade Dance"],"picked":"Dagger Throw+1","floor":24},{"not_picked":["Underhanded Strike","Endless Agony","Blade Dance"],"picked":"SKIP","floor":25},{"not_picked":["Backstab","Masterful Stab","Dagger Throw"],"picked":"SKIP","floor":27}],"player_experience":715085,"relics_obtained":[{"floor":9,"key":"Boot"},{"floor":24,"key":"Orichalcum"},{"floor":26,"key":"Juzu Bracelet"}],"event_choices":[{"damage_healed":0,"gold_gain":0,"player_choice":"Success","damage_taken":18,"relics_obtained":["Letter Opener"],"max_hp_gain":0,"max_hp_loss":0,"event_name":"Scrap Ooze","floor":4,"gold_loss":0},{"damage_healed":0,"gold_gain":0,"player_choice":"Searched \u00270\u0027 times","damage_taken":0,"max_hp_gain":0,"max_hp_loss":0,"event_name":"Dead Adventurer","floor":12,"gold_loss":0},{"damage_healed":0,"gold_gain":0,"player_choice":"Ignored","damage_taken":0,"max_hp_gain":0,"max_hp_loss":0,"event_name":"The Mausoleum","floor":19,"gold_loss":0},{"damage_healed":0,"gold_gain":0,"player_choice":"Shed Blood","damage_taken":18,"max_hp_gain":5,"max_hp_loss":0,"event_name":"Forgotten Altar","floor":21,"gold_loss":0},{"cards_removed":["Strike_G"],"damage_healed":0,"gold_gain":0,"player_choice":"Gave Gold","damage_taken":0,"max_hp_gain":0,"max_hp_loss":0,"event_name":"Beggar","floor":29,"gold_loss":75}],"is_beta":false,"boss_relics":[{"not_picked":["Philosopher\u0027s Stone","Sozu"],"picked":"Velvet Choker"}],"items_purged_floors":[3,20],"is_endless":false,"potions_floor_spawned":[2,13,16,22,24,25],"killed_by":"Champ","ascension_level":7}