{"gold_per_floor":[111,125,125,200,152,177,177,209,235,235,245,274,274,299,299,429,429,443,443,96,96,106,131,146,146,146,171,26,56,56,74,74,170,170,186,186,199,42,57,57,82,82,82,115,115,132,59,59,59,59,59,59,11,39,39],"floor_reached":55,"playtime":5534,"items_purged":["Strike_G"],"score":986,"play_id":"51c91eb7-84fc-4c14-a35e-734b01c37313","local_time":"20190614143217","is_ascension_mode":true,"campfire_choices":[{"data":"Skewer","floor":7,"key":"SMITH"},{"data":"Poisoned Stab","floor":10,"key":"SMITH"},{"data":"Cloak And Dagger","floor":15,"key":"SMITH"},{"data":"Malaise","floor":25,"key":"SMITH"},{"data":"Underhanded Strike","floor":32,"key":"PURGE"},{"data":"Noxious Fumes","floor":40,"key":"SMITH"},{"floor":42,"key":"REST"},{"floor":45,"key":"RECALL"},{"data":"Bouncing Flask","floor":49,"key":"SMITH"},{"data":"Defend_G","floor":52,"key":"PURGE"}],"neow_cost":"PERCENT_DAMAGE","seed_source_timestamp":1726667088792360,"circlet_count":0,"master_deck":["Defend_G+1","Defend_G","Defend_G","Strike_G","Strike_G","Survivor","Neutralize+1","Poisoned Stab+1","Skewer+1","Poisoned Stab","Backflip+1","Cloak And Dagger+1","Malaise+1","Sucker Punch","Well Laid Plans","Sucker Punch+1","PiercingWail","Noxious Fumes+1","Dodge and Roll+1","Leg Sweep","Dodge and Roll+1","Malaise","Dagger Throw+1","Blur","Bouncing Flask+1","Backflip+1","Backflip+1","Backflip"],"relics":["Ring of the Snake","PreservedInsect","Pear","Anchor","Bloody Idol","Velvet Choker","Sling","Meat on the Bone","Omamori","War Paint","Peace Pipe","Busted Crown","Strawberry","Vajra","Tough Bandages","Calipers","Bottled Flame","Centennial Puzzle"],"potions_floor_usage":[6,6,24,24,27,33,37,39,50,50,54,55],"damage_taken":[{"damage":0,"enemies":"Cultist","floor":1,"turns":3},{"damage":0,"enemies":"Jaw Worm","floor":2,"turns":3},{"damage":19,"enemies":"Lagavulin","floor":6,"turns":6},{"damage":18,"enemies":"3 Sentries","floor":8,"turns":6},{"damage":0,"enemies":"Small Slimes","floor":11,"turns":2},{"damage":8,"enemies":"Gremlin Nob","floor":12,"turns":3},{"damage":0,"enemies":"Looter","floor":14,"turns":2},{"damage":27,"enemies":"The Guardian","floor":16,"turns":12},{"damage":0,"enemies":"3 Byrds","floor":18,"turns":6},{"damage":4,"enemies":"Shell Parasite","floor":22,"turns":6},{"damage":3,"enemies":"Book of Stabbing","floor":23,"turns":6},{"damage":13,"enemies":"Sentry and Sphere","floor":24,"turns":8},{"damage":3,"enemies":"Gremlin Leader","floor":27,"turns":6},{"damage":2,"enemies":"Book of Stabbing","floor":29,"turns":5},{"damage":4,"enemies":"3 Cultists","floor":31,"turns":6},{"damage":43,"enemies":"Collector","floor":33,"turns":12},{"damage":8,"enemies":"Orb Walker","floor":35,"turns":3},{"damage":0,"enemies":"3 Darklings","floor":37,"turns":7},{"damage":10,"enemies":"Jaw Worm Horde","floor":39,"turns":6},{"damage":54,"enemies":"Reptomancer","floor":41,"turns":7},{"damage":17,"enemies":"Nemesis","floor":44,"turns":7},{"damage":12,"enemies":"Maw","floor":46,"turns":8},{"damage":23,"enemies":"Donu and Deca","floor":50,"turns":11},{"damage":3,"enemies":"Shield and Spear","floor":54,"turns":6},{"damage":87,"enemies":"The Heart","floor":55,"turns":9}],"seed_played":"1996151515753105644","potions_obtained":[{"floor":2,"key":"Regen Potion"},{"floor":11,"key":"SpeedPotion"},{"floor":18,"key":"Poison Potion"},{"floor":29,"key":"Weak Potion"},{"floor":31,"key":"EssenceOfSteel"},{"floor":35,"key":"Explosive Potion"},{"floor":37,"key":"Energy Potion"},{"floor":44,"key":"Energy Potion"}],"is_trial":false,"path_per_floor":["M","M","?","?","$","E","R","E","T","R","M","E","?","M","R","B",null,"M","?","$","?","M","E","M","R","T","E","$","E","?","M","R","B",null,"M","?","M","$","M","R","E","R","T","E","R","M","$","?","R","B",null,"R","$","E","B"],"character_chosen":"THE_SILENT","items_purchased":["Fire Potion","Sucker Punch","Sling","Block Potion","Noxious Fumes","GhostInAJar","Vajra","GhostInAJar","Dexterity Potion"],"campfire_rested":1,"item_purchase_floors":[5,20,20,20,28,28,38,47,53],"current_hp_per_floor":[63,63,63,55,55,51,51,43,43,43,43,35,35,35,35,8,67,67,67,67,67,68,70,62,62,62,64,64,67,67,68,68,42,76,73,80,85,85,80,80,43,71,71,59,59,64,64,64,64,53,84,84,84,86,0],"gold":39,"neow_bonus":"TWENTY_PERCENT_HP_BONUS","is_prod":false,"is_daily":false,"chose_seed":false,"campfire_upgraded":6,"win_rate":0,"timestamp":1560537137,"path_taken":["M","M","?","?","$","E","R","E","T","R","?","E","?","M","R","BOSS","M","?","$","?","M","E","M","R","T","E","$","E","?","M","R","BOSS","M","?","M","$","M","R","E","R","T","E","R","M","?","?","R","BOSS","R","$","E","BOSS"],"build_version":"2019-01-23","purchased_purges":1,"victory":false,"max_hp_per_floor":[84,84,84,84,84,84,84,94,94,94,94,94,87,87,87,87,87,87,87,87,87,87,87,87,87,87,87,87,87,87,87,87,87,87,87,94,94,94,94,94,94,94,94,94,94,94,94,94,94,94,94,94,94,94,94],"card_choices":[{"not_picked":["Flying Knee","Terror"],"picked":"Poisoned Stab","floor":1},{"not_picked":["Calculated Gamble","Deadly Poison"],"picked":"Skewer","floor":2},{"not_picked":["All Out Attack","Dodge and Roll"],"picked":"Poisoned Stab","floor":6},{"not_picked":["Blade Dance","Underhanded Strike","Doppelganger"],"picked":"SKIP","floor":8},{"not_picked":["Accuracy","Flying Knee"],"picked":"Backflip","floor":11},{"not_picked":["Bane","Distraction"],"picked":"Cloak And Dagger","floor":12},{"not_picked":["Deflect","Choke","Bane"],"picked":"SKIP","floor":14},{"not_picked":["Wraith Form v2","Storm of Steel"],"picked":"Malaise","floor":16},{"not_picked":["Flying Knee","Prepared","Poisoned Stab"],"picked":"SKIP","floor":18},{"not_picked":["Underhanded Strike+1","Outmaneuver+1"],"picked":"Well Laid Plans","floor":22},{"not_picked":["Reflex","Finisher"],"picked":"Sucker Punch+1","floor":23},{"not_picked":["Quick Slash","Dagger Throw+1"],"picked":"PiercingWail","floor":24},{"not_picked":["Dagger Throw","Dagger Spray","Poisoned Stab"],"picked":"SKIP","floor":27},{"not_picked":["Endless Agony","Dash"],"picked":"Dodge and Roll+1","floor":29},{"not_picked":["Blade Dance","Quick Slash+1"],"picked":"Dodge and Roll+1","floor":31},{"not_picked":["Burst","Bullet Time"],"picked":"Malaise","floor":33},{"not_picked":[],"picked":"Dagger Throw+1","floor":35},{"not_picked":["Flying Knee"],"picked":"SKIP","floor":37},{"not_picked":[],"picked":"Blur","floor":39},{"not_picked":[],"picked":"Bouncing Flask","floor":41},{"not_picked":[],"picked":"Backflip+1","floor":44},{"not_picked":[],"picked":"Backflip+1","floor":46},{"not_picked":[],"picked":"Backflip","floor":54}],"player_experience":39278,"relics_obtained":[{"floor":6,"key":"PreservedInsect"},{"floor":8,"key":"Pear"},{"floor":12,"key":"Anchor"},{"floor":23,"key":"Meat on the Bone"},{"floor":26,"key":"Omamori"},{"floor":27,"key":"War Paint"},{"floor":29,"key":"Peace Pipe"},{"floor":41,"key":"Tough Bandages"},{"floor":43,"key":"Calipers"},{"floor":44,"key":"Bottled Flame"},{"floor":54,"key":"Centennial Puzzle"}],"event_choices":[{"damage_healed":0,"gold_gain":0,"player_choice":"Grow","damage_taken":0,"max_hp_gain":0,"max_hp_loss":0,"event_name":"Living Wall","floor":3,"gold_loss":0,"cards_upgraded":["Neutralize"]},{"damage_healed":0,"gold_gain":75,"player_choice":"Touch","damage_taken":8,"max_hp_gain":0,"max_hp_loss":0,"event_name":"FaceTrader","floor":4,"gold_loss":0},{"damage_healed":0,"gold_gain":0,"player_choice":"Lose Max HP","damage_taken":0,"relics_obtained":["Golden Idol"],"max_hp_gain":0,"max_hp_loss":7,"event_name":"Golden Idol","floor":13,"gold_loss":0},{"damage_healed":0,"gold_gain":0,"player_choice":"Ignored","damage_taken":0,"max_hp_gain":0,"max_hp_loss":0,"event_name":"Cursed Tome","floor":19,"gold_loss":0},{"damage_healed":0,"gold_gain":0,"player_choice":"Gave Idol","damage_taken":0,"relics_obtained":["Bloody Idol"],"max_hp_gain":0,"max_hp_loss":0,"event_name":"Forgotten Altar","floor":21,"relics_lost":["Golden Idol"],"gold_loss":0},{"damage_healed":0,"gold_gain":0,"cards_transformed":["Strike_G","Defend_G"],"player_choice":"Became Test Subject","damage_taken":0,"max_hp_gain":0,"max_hp_loss":0,"event_name":"Drug Dealer","floor":30,"gold_loss":0,"cards_obtained":["Underhanded Strike","Leg Sweep"]},{"damage_healed":0,"gold_gain":0,"player_choice":"Gave Potion","damage_taken":0,"relics_obtained":["Strawberry"],"max_hp_gain":0,"max_hp_loss":0,"event_name":"WeMeetAgain","floor":36,"gold_loss":0},{"cards_removed":["Strike_G"],"damage_healed":0,"gold_gain":0,"player_choice":"Removed Attack","damage_taken":0,"max_hp_gain":0,"max_hp_loss":0,"event_name":"Falling","floor":48,"gold_loss":0}],"is_beta":false,"boss_relics":[{"not_picked":["Philosopher\u0027s Stone","White Beast Statue"],"picked":"Velvet Choker"},{"not_picked":["Astrolabe","HoveringKite"],"picked":"Busted Crown"}],"items_purged_floors":[20],"is_endless":false,"potions_floor_spawned":[2,11,18,29,31,35,37,44],"killed_by":"The Heart","ascension_level":5}