{"path_per_floor":["M","M","?","?","?","R","E","R","T","M","M","$","M","M","R","B",null,"M","M","?"],"character_chosen":"THE_SILENT","items_purchased":["Apotheosis"],"gold_per_floor":[211,228,228,178,178,178,207,207,207,222,235,31,49,64,64,141,141,141,66,66],"floor_reached":21,"campfire_rested":2,"playtime":892,"current_hp_per_floor":[55,55,42,42,42,42,18,36,36,36,34,34,34,33,51,33,56,37,29,18],"items_purged":[],"gold":66,"score":308,"play_id":"e6d4456f-37b2-48e7-b72f-1ea474ba69d9","local_time":"20180322113901","is_prod":false,"is_daily":false,"is_ascension_mode":true,"campfire_upgraded":1,"timestamp":1521736741,"path_taken":["M","M","?","?","?","R","E","R","T","M","?","$","M","M","R","BOSS","M","M","?","M"],"build_version":"2018-03-15v3","purchased_purges":0,"victory":false,"master_deck":["Defend_G","Defend_G","Defend_G+1","Defend_G","Defend_G","Strike_G","Strike_G","Strike_G+1","Strike_G","Survivor","Neutralize+1","Dagger Spray","Infinite Blades","Flying Knee","Apotheosis","Cloak And Dagger","Footwork","Burst"],"max_hp_per_floor":[66,66,66,63,63,63,63,63,63,63,63,63,63,63,63,63,63,63,63,68],"relics":["Ring of the Snake","Orichalcum","Calipers","Ectoplasm"],"card_choices":[{"not_picked":["Flechettes","Tools of the Trade"],"picked":"Dagger Spray"},{"not_picked":["Outmaneuver","PiercingWail"],"picked":"Infinite Blades"},{"not_picked":["Prepared","Quick Slash"],"picked":"Flying Knee"},{"not_picked":["Flying Knee","Poisoned Stab"],"picked":"Cloak And Dagger"},{"not_picked":["Slice","Expertise"],"picked":"Footwork"},{"not_picked":["Corpse Explosion","After Image"],"picked":"Burst"}],"player_experience":324231,"potions_floor_usage":[7,16,16],"damage_taken":[{"damage":4,"enemies":"Small Slimes","floor":1,"turns":4},{"damage":0,"enemies":"Jaw Worm","floor":2,"turns":6},{"damage":24,"enemies":"Lagavulin","floor":7,"turns":8},{"damage":0,"enemies":"2 Louse","floor":10,"turns":2},{"damage":2,"enemies":"Blue Slaver","floor":11,"turns":4},{"damage":0,"enemies":"3 Louse","floor":13,"turns":2},{"damage":1,"enemies":"2 Fungi Beasts","floor":14,"turns":4},{"damage":18,"enemies":"The Guardian","floor":16,"turns":11},{"damage":19,"enemies":"Chosen","floor":18,"turns":7},{"damage":8,"enemies":"2 Thieves","floor":19,"turns":4},{"damage":0,"enemies":"Centurion and Healer","floor":21,"turns":1}],"event_choices":[{"event_name":"Shining Light","player_choice":"Entered Light","floor":3,"damage_taken":0},{"event_name":"The Cleric","player_choice":"Card Removal","floor":4,"damage_taken":0},{"event_name":"Living Wall","player_choice":"Forget","floor":5,"damage_taken":0},{"event_name":"Forgotten Altar","player_choice":"Shed Blood","floor":20,"damage_taken":0}],"boss_relics":[{"not_picked":["Philosopher\u0027s Stone","Cursed Key"],"picked":"Ectoplasm"}],"potions_floor_spawned":[1,2,10,14,16,19],"seed_played":"-3451258406516667252","killed_by":"Centurion and Healer","ascension_level":14,"is_trial":false}