{"path_per_floor":["M","?","?","?","M","R","?","M","T","?","M","R","M","M","R","B",null,"M","?","M","?","?","R","E","R","T","M","M","$","E","?","R"],"character_chosen":"DEFECT","items_purchased":["Finesse","Pen Nib"],"gold_per_floor":[111,111,111,61,76,76,76,100,100,100,116,116,136,149,149,278,278,299,299,324,324,324,324,358,358,383,398,412,92,125,50,50,50],"floor_reached":33,"campfire_rested":3,"playtime":1473,"current_hp_per_floor":[66,66,63,63,63,63,63,61,61,61,61,61,56,56,56,29,55,36,36,36,36,36,54,23,41,53,53,39,39,13,13,34,0],"items_purged":["Strike_B"],"gold":50,"score":358,"play_id":"3afceacd-e0c9-4ea8-8a72-d44ca92bbbe1","local_time":"20180428205957","is_prod":false,"is_daily":false,"chose_seed":false,"is_ascension_mode":true,"campfire_upgraded":3,"timestamp":1524967197,"path_taken":["M","?","?","?","M","R","?","?","T","?","M","R","?","?","R","BOSS","M","?","M","?","?","R","E","R","T","M","?","$","E","?","R","BOSS"],"build_version":"2018-04-27v3","seed_source_timestamp":118899985550645,"purchased_purges":1,"victory":false,"master_deck":["Defend_B","Defend_B","Defend_B","Defend_B","Zap+1","Streamline+1","Barrage+1","Tempest","Tempest","Leap+1","Seek","Seek","Cold Snap+1","Finesse"],"max_hp_per_floor":[68,68,63,63,63,63,63,63,63,63,63,63,63,63,63,63,63,63,63,63,63,63,63,63,63,70,70,70,70,70,70,70,70],"relics":["Cracked Core","Bloody Idol","Toolbox","Nuclear Battery","Mercury Hourglass","Strawberry","Pen Nib","Toxic Egg 2"],"card_choices":[{"not_picked":["Turbo","Melter"],"picked":"Tempest","floor":8},{"not_picked":["Leap","Impulse"],"picked":"Tempest","floor":11},{"not_picked":["Barrage","Beam Cell"],"picked":"Leap","floor":14},{"not_picked":["Fission","Multi-Cast"],"picked":"Seek","floor":16},{"not_picked":["Buffer","Go for the Eyes"],"picked":"Cold Snap","floor":27}],"player_experience":90858,"potions_floor_usage":[18,30,30,33,33],"damage_taken":[{"damage":2,"enemies":"2 Louse","floor":1,"turns":4},{"damage":0,"enemies":"Cultist","floor":5,"turns":3},{"damage":2,"enemies":"Jaw Worm","floor":8,"turns":3},{"damage":0,"enemies":"3 Louse","floor":11,"turns":3},{"damage":5,"enemies":"Exordium Wildlife","floor":13,"turns":3},{"damage":0,"enemies":"Large Slime","floor":14,"turns":2},{"damage":27,"enemies":"The Guardian","floor":16,"turns":12},{"damage":19,"enemies":"2 Thieves","floor":18,"turns":3},{"damage":0,"enemies":"Spheric Guardian","floor":20,"turns":3},{"damage":36,"enemies":"Book of Stabbing","floor":24,"turns":5},{"damage":5,"enemies":"Cultist and Chosen","floor":27,"turns":5},{"damage":19,"enemies":"Snake Plant","floor":28,"turns":3},{"damage":31,"enemies":"Slavers","floor":30,"turns":5},{"damage":48,"enemies":"Champ","floor":33,"turns":8}],"event_choices":[{"event_name":"Accursed Blacksmith","player_choice":"Forge","floor":2,"damage_taken":0},{"event_name":"Golden Idol","player_choice":"Lose Max HP","floor":3,"damage_taken":0},{"event_name":"The Cleric","player_choice":"Card Removal","floor":4,"damage_taken":0},{"event_name":"Bonfire Elementals","player_choice":"BASIC","floor":7,"damage_taken":0},{"event_name":"Match and Keep!","player_choice":"0 cards matched","floor":10,"damage_taken":0},{"event_name":"Match and Keep!","player_choice":"0 cards matched","floor":10,"damage_taken":0},{"event_name":"Duplicator","player_choice":"One dupe","floor":19,"damage_taken":0},{"event_name":"Drug Dealer","player_choice":"Ignored","floor":21,"damage_taken":0},{"event_name":"Forgotten Altar","player_choice":"Gave Idol","floor":22,"damage_taken":0},{"event_name":"Beggar","player_choice":"Gave Gold","floor":31,"damage_taken":0}],"boss_relics":[{"not_picked":["Eternal Feather","Cursed Key"],"picked":"Nuclear Battery"}],"potions_floor_spawned":[8,13,16,20,30],"seed_played":"-7683225474149278014","killed_by":"Champ","ascension_level":6,"is_trial":false}