{"gold_per_floor":[118,193,208,7,107,134,134,151,151,178,178,178,231,241,241,342,342,358,24,36,50,66,66,93,93,166,201,201,116,144,144,144,240,240,254,254,254,37,50,50,67,67,136,136,11,23,43,97,97,97],"floor_reached":51,"playtime":3180,"items_purged":["Strike_B","Strike_B","Strike_B"],"score":965,"play_id":"93ea7d65-6f94-4e60-b8a7-db113718965e","local_time":"20180824181249","is_ascension_mode":true,"campfire_choices":[{"floor":7,"key":"REST"},{"data":"Defragment","floor":11,"key":"SMITH"},{"data":"Barrage","floor":15,"key":"SMITH"},{"data":"Apotheosis","floor":23,"key":"SMITH"},{"floor":25,"key":"REST"},{"floor":28,"key":"REST"},{"data":"White Noise","floor":32,"key":"SMITH"},{"data":"Glacier","floor":40,"key":"SMITH"},{"data":"Seek","floor":42,"key":"SMITH"},{"data":"BootSequence","floor":49,"key":"SMITH"}],"neow_cost":"NONE","seed_source_timestamp":727155856243076,"circlet_count":0,"master_deck":["Defend_B","Defend_B","Defend_B","Defend_B","Zap","Dualcast","Cold Snap","Genetic Algorithm","Barrage+1","Defragment+1","Leap","Glacier+1","BootSequence+1","Rainbow","Defragment","Cold Snap","Apotheosis+1","White Noise+1","Fusion+1","Ball Lightning+1","Barrage+1","Coolheaded+1","Ghostly","Ghostly","Ghostly","Ghostly","Ghostly","Electrodynamics+1","Panache+1","Defragment+1","Seek+1","Barrage","Compile Driver+1","Sweeping Beam+1","Tempest+1","Barrage+1","White Noise"],"relics":["Cracked Core","Omamori","Cables","Darkstone Periapt","Potion Belt","Bag of Marbles","Inserter","Frozen Egg 2","Ornamental Fan","Bronze Scales","Mummified Hand","Nunchaku","Sozu","Ginger","Gremlin Horn","Molten Egg 2","Girya"],"potions_floor_usage":[6,10,16,16,16,27,33],"damage_taken":[{"damage":13,"enemies":"Jaw Worm","floor":1,"turns":4},{"damage":6,"enemies":"2 Louse","floor":3,"turns":2},{"damage":18,"enemies":"Lagavulin","floor":6,"turns":8},{"damage":0,"enemies":"Cultist","floor":8,"turns":3},{"damage":3,"enemies":"3 Sentries","floor":10,"turns":6},{"damage":0,"enemies":"Red Slaver","floor":14,"turns":4},{"damage":0,"enemies":"Slime Boss","floor":16,"turns":11},{"damage":4,"enemies":"Chosen","floor":18,"turns":5},{"damage":10,"enemies":"3 Byrds","floor":20,"turns":7},{"damage":2,"enemies":"Sentry and Sphere","floor":21,"turns":8},{"damage":0,"enemies":"Snake Plant","floor":22,"turns":6},{"damage":22,"enemies":"Gremlin Leader","floor":24,"turns":10},{"damage":34,"enemies":"Slavers","floor":27,"turns":7},{"damage":0,"enemies":"Gremlin Leader","floor":30,"turns":6},{"damage":14,"enemies":"Automaton","floor":33,"turns":8},{"damage":0,"enemies":"Flame Bruiser 1 Orb","floor":35,"turns":5},{"damage":0,"enemies":"Mind Bloom Boss Battle","floor":37,"turns":6},{"damage":0,"enemies":"Orb Walker","floor":39,"turns":4},{"damage":0,"enemies":"Maw","floor":41,"turns":7},{"damage":0,"enemies":"Spire Growth","floor":46,"turns":3},{"damage":0,"enemies":"Transient","floor":47,"turns":5},{"damage":0,"enemies":"Mysterious Sphere","floor":48,"turns":4},{"damage":0,"enemies":"Donu and Deca","floor":50,"turns":6}],"seed_played":"-5594255795655770591","potions_obtained":[{"floor":1,"key":"Energy Potion"},{"floor":3,"key":"FocusPotion"},{"floor":6,"key":"SteroidPotion"},{"floor":10,"key":"Ancient Potion"},{"floor":21,"key":"LiquidBronze"},{"floor":24,"key":"Poison Potion"},{"floor":27,"key":"SteroidPotion"},{"floor":30,"key":"FearPotion"}],"is_trial":false,"path_per_floor":["M","?","M","$","?","E","R","M","T","E","R","?","T","M","R","B",null,"M","$","M","M","M","R","E","R","T","E","R","?","E","?","R","B",null,"M","?","?","$","M","R","M","R","T","T","$","M","M","?","R","B"],"character_chosen":"DEFECT","items_purchased":["Barrage","FocusPotion","Defragment","Cold Snap","Apotheosis","Seek","Barrage"],"campfire_rested":3,"item_purchase_floors":[4,4,19,19,19,38,38],"current_hp_per_floor":[62,51,45,45,45,27,49,49,49,46,46,39,39,39,39,39,75,71,71,61,59,59,59,37,59,59,25,47,47,47,37,37,23,37,37,37,37,37,37,37,37,37,37,37,37,37,37,37,37,37],"gold":97,"neow_bonus":"RANDOM_COMMON_RELIC","is_prod":false,"is_daily":false,"chose_seed":false,"campfire_upgraded":7,"win_rate":0,"timestamp":1535152369,"path_taken":["M","?","M","$","?","E","R","M","T","E","R","?","?","M","R","BOSS","M","$","M","M","M","R","E","R","T","E","R","?","E","?","R","BOSS","M","?","?","$","M","R","M","R","T","?","$","M","M","?","R","BOSS"],"build_version":"2018-08-23v2","purchased_purges":3,"victory":true,"max_hp_per_floor":[75,75,75,75,75,75,75,75,75,75,75,75,75,75,75,75,75,75,75,75,75,75,75,75,75,75,75,75,75,75,37,37,37,37,37,37,37,37,37,37,37,37,37,37,37,37,37,37,37,37],"card_choices":[{"not_picked":["Sweeping Beam","Chill"],"picked":"Cold Snap","floor":1},{"not_picked":["Beam Cell","Rainbow"],"picked":"Genetic Algorithm","floor":3},{"not_picked":["Conserve Battery","Sweeping Beam"],"picked":"Defragment","floor":6},{"not_picked":["Cold Snap","Gash"],"picked":"Leap","floor":8},{"not_picked":["Ball Lightning","Rainbow"],"picked":"Glacier","floor":10},{"not_picked":["Scrape","Redo"],"picked":"BootSequence","floor":14},{"not_picked":["Fission","Meteor Strike"],"picked":"Rainbow","floor":16},{"not_picked":["Streamline+1","Rebound","Steam"],"picked":"SKIP","floor":18},{"not_picked":["Go for the Eyes+1","Self Repair","Force Field+1"],"picked":"SKIP","floor":20},{"not_picked":["Rebound+1","Go for the Eyes"],"picked":"White Noise","floor":21},{"not_picked":["Storm","Redo"],"picked":"Fusion+1","floor":22},{"not_picked":["Hello World","Genetic Algorithm"],"picked":"Ball Lightning+1","floor":24},{"not_picked":["Leap","White Noise+1"],"picked":"Barrage+1","floor":27},{"not_picked":["Hologram","Redo"],"picked":"Coolheaded+1","floor":30},{"not_picked":["Rainbow","Echo Form+1"],"picked":"Electrodynamics+1","floor":33},{"not_picked":["Consume","Hologram","Redo"],"picked":"SKIP","floor":35},{"not_picked":["Mind Blast","Flash of Steel"],"picked":"Panache+1","floor":36},{"not_picked":["Streamline","Sweeping Beam"],"picked":"Defragment+1","floor":37},{"not_picked":["Conserve Battery+1","Sweeping Beam"],"picked":"Compile Driver+1","floor":39},{"not_picked":["Streamline+1","Static Discharge+1"],"picked":"Sweeping Beam+1","floor":41},{"not_picked":["Stack+1","Blizzard+1"],"picked":"Tempest+1","floor":46},{"not_picked":["Sweeping Beam+1","Sunder+1"],"picked":"Barrage+1","floor":47},{"not_picked":["Meteor Strike+1","Storm+1"],"picked":"White Noise","floor":48}],"player_experience":665220,"relics_obtained":[{"floor":6,"key":"Cables"},{"floor":9,"key":"Darkstone Periapt"},{"floor":10,"key":"Potion Belt"},{"floor":13,"key":"Bag of Marbles"},{"floor":24,"key":"Frozen Egg 2"},{"floor":26,"key":"Ornamental Fan"},{"floor":27,"key":"Bronze Scales"},{"floor":30,"key":"Nunchaku"},{"floor":37,"key":"Ginger"},{"floor":43,"key":"Gremlin Horn"},{"floor":44,"key":"Molten Egg 2"},{"floor":48,"key":"Girya"}],"event_choices":[{"event_name":"World of Goop","player_choice":"Gather Gold","floor":2,"damage_taken":0},{"event_name":"Golden Shrine","player_choice":"Pray","floor":5,"damage_taken":0},{"event_name":"Golden Wing","player_choice":"Card Removal","floor":12,"damage_taken":0},{"event_name":"Addict","player_choice":"Obtained Relic","floor":29,"damage_taken":0},{"event_name":"Ghosts","player_choice":"Became a Ghost","floor":31,"damage_taken":0},{"event_name":"SensoryStone","player_choice":"Memory 1","floor":36,"damage_taken":0},{"event_name":"MindBloom","player_choice":"Fight","floor":37,"damage_taken":0},{"event_name":"Mysterious Sphere","player_choice":"Fight","floor":48,"damage_taken":0}],"is_beta":false,"boss_relics":[{"not_picked":["FrozenCore","Eternal Feather"],"picked":"Inserter"},{"not_picked":["Orrery","White Beast Statue"],"picked":"Sozu"}],"items_purged_floors":[4,38,45],"is_endless":false,"potions_floor_spawned":[1,3,6,10,21,24,27,30,35,37,46,48],"ascension_level":2}