{"gold_per_floor":[110,60,60,75,29,29,60,72,72,72,98,115,115,40,40,143,143,163,163,173,173,173,173,185,205,231,231,258,13,31,45,45,147,147,161,178,53,0,0,29,29,41,88,122,133,133,100,116,116,116],"floor_reached":50,"playtime":2697,"items_purged":["Strike_B","Defend_B","Defend_B"],"score":733,"play_id":"373fc506-095f-4590-ae87-9092f5a30fb6","local_time":"20181209192119","is_ascension_mode":true,"campfire_choices":[{"data":"Zap","floor":6,"key":"SMITH"},{"data":"Dualcast","floor":13,"key":"SMITH"},{"data":"Lockon","floor":15,"key":"SMITH"},{"data":"Bite","floor":23,"key":"SMITH"},{"data":"Bite","floor":27,"key":"SMITH"},{"floor":32,"key":"REST"},{"data":"Bite","floor":41,"key":"SMITH"},{"data":"Glacier","floor":49,"key":"SMITH"}],"neow_cost":"NONE","seed_source_timestamp":557284622016574,"circlet_count":0,"master_deck":["Defend_B+1","Zap+1","Dualcast+1","Conserve Battery","FTL","Lockon+1","Echo Form+1","Conserve Battery+1","Defragment+1","Bite+1","Bite+1","Bite+1","Bite","Bite","Leap","Biased Cognition+1","Melter","Conserve Battery+1","Ball Lightning+1","Glacier+1"],"relics":["Cracked Core","NeowsBlessing","Gremlin Horn","StoneCalendar","Frozen Egg 2","Odd Mushroom","Sozu","MutagenicStrength","Omamori","Centennial Puzzle","War Paint","Eternal Feather","Red Mask","Regal Pillow","Anchor","Bag of Marbles"],"potions_floor_usage":[16,24,31],"damage_taken":[{"damage":0,"enemies":"Jaw Worm","floor":1,"turns":1},{"damage":0,"enemies":"Small Slimes","floor":4,"turns":1},{"damage":0,"enemies":"3 Sentries","floor":7,"turns":1},{"damage":5,"enemies":"2 Louse","floor":8,"turns":3},{"damage":4,"enemies":"The Mushroom Lair","floor":11,"turns":3},{"damage":2,"enemies":"2 Fungi Beasts","floor":12,"turns":2},{"damage":12,"enemies":"Slime Boss","floor":16,"turns":7},{"damage":20,"enemies":"Spheric Guardian","floor":18,"turns":5},{"damage":11,"enemies":"3 Byrds","floor":20,"turns":6},{"damage":23,"enemies":"Cultist and Chosen","floor":24,"turns":7},{"damage":25,"enemies":"Centurion and Healer","floor":25,"turns":6},{"damage":38,"enemies":"Snake Plant","floor":30,"turns":4},{"damage":0,"enemies":"3 Cultists","floor":31,"turns":3},{"damage":28,"enemies":"Champ","floor":33,"turns":10},{"damage":29,"enemies":"3 Darklings","floor":35,"turns":6},{"damage":11,"enemies":"Orb Walker","floor":36,"turns":4},{"damage":37,"enemies":"Nemesis","floor":40,"turns":7},{"damage":14,"enemies":"Spire Growth","floor":42,"turns":5},{"damage":62,"enemies":"Giant Head","floor":44,"turns":8},{"damage":7,"enemies":"Sphere and 2 Shapes","floor":45,"turns":4},{"damage":20,"enemies":"3 Darklings","floor":48,"turns":7},{"damage":74,"enemies":"Donu and Deca","floor":50,"turns":10}],"seed_played":"-649469183883325122","potions_obtained":[{"floor":8,"key":"AttackPotion"},{"floor":11,"key":"Weak Potion"},{"floor":12,"key":"Explosive Potion"}],"is_trial":false,"path_per_floor":["M","?","?","M","?","R","E","M","T","?","?","M","R","$","R","B",null,"M","?","M","?","?","R","M","M","T","R","T","$","M","M","R","B",null,"M","M","$","?","$","E","R","M","T","E","M","?","$","M","R","B"],"character_chosen":"DEFECT","items_purchased":["War Paint","Glacier"],"campfire_rested":1,"item_purchase_floors":[29,47],"current_hp_per_floor":[68,68,61,61,61,61,61,56,56,56,52,50,50,50,50,38,66,46,32,21,21,21,21,22,20,20,20,20,20,8,18,34,50,55,38,43,43,43,43,36,45,51,51,7,6,49,49,47,49,0],"gold":116,"neow_bonus":"THREE_ENEMY_KILL","is_prod":false,"is_daily":false,"chose_seed":false,"campfire_upgraded":7,"win_rate":0,"timestamp":1544354479,"path_taken":["M","?","?","M","?","R","E","M","T","?","?","?","R","$","R","BOSS","M","?","M","?","?","R","M","M","T","R","?","$","M","?","R","BOSS","M","M","?","?","$","E","R","M","T","E","M","?","?","?","R","BOSS"],"build_version":"2018-12-06","purchased_purges":3,"victory":false,"max_hp_per_floor":[75,75,75,75,75,75,75,75,75,75,75,75,75,75,75,75,75,75,80,80,80,56,56,56,56,56,56,56,56,56,56,56,56,56,56,56,56,56,56,56,56,56,56,56,56,49,49,49,49,49],"card_choices":[{"not_picked":["Go for the Eyes","Redo"],"picked":"Conserve Battery","floor":1},{"not_picked":["Turbo","Doom and Gloom","Static Discharge"],"picked":"SKIP","floor":4},{"not_picked":["Rebound","Compile Driver"],"picked":"FTL","floor":7},{"not_picked":["Barrage","Undo"],"picked":"Lockon","floor":8},{"not_picked":["Turbo","Stack","Fission"],"picked":"SKIP","floor":12},{"not_picked":["Fission","All For One"],"picked":"Echo Form+1","floor":16},{"not_picked":["Aggregate","Redo"],"picked":"Conserve Battery","floor":18},{"not_picked":["Consume","Turbo"],"picked":"Defragment+1","floor":20},{"not_picked":["Gash","Skim","Capacitor+1"],"picked":"SKIP","floor":24},{"not_picked":["Heatsinks+1","Streamline","Compile Driver"],"picked":"SKIP","floor":25},{"not_picked":["Steam","Reprogram+1"],"picked":"Leap","floor":30},{"not_picked":["Go for the Eyes","Biased Cognition+1","Chaos+1"],"picked":"SKIP","floor":31},{"not_picked":["Amplify","Seek"],"picked":"Biased Cognition+1","floor":33},{"not_picked":["Scrape+1","Hello World+1"],"picked":"Melter","floor":35},{"not_picked":["Streamline+1","Leap+1"],"picked":"Conserve Battery+1","floor":36},{"not_picked":["Aggregate","Redo"],"picked":"Ball Lightning+1","floor":40},{"not_picked":["Gash+1","Compile Driver","Hologram+1"],"picked":"SKIP","floor":42},{"not_picked":["Chaos+1","Fusion","Rip and Tear+1"],"picked":"SKIP","floor":44},{"not_picked":["Doom and Gloom+1","Go for the Eyes+1","Stack"],"picked":"SKIP","floor":45},{"not_picked":["Beam Cell","Leap+1","All For One"],"picked":"SKIP","floor":48}],"player_experience":523602,"relics_obtained":[{"floor":7,"key":"StoneCalendar"},{"floor":9,"key":"Frozen Egg 2"},{"floor":11,"key":"Odd Mushroom"},{"floor":26,"key":"Omamori"},{"floor":28,"key":"Centennial Puzzle"},{"floor":40,"key":"Regal Pillow"},{"floor":43,"key":"Anchor"},{"floor":44,"key":"Bag of Marbles"}],"event_choices":[{"cards_removed":["Defend_B"],"damage_healed":0,"gold_gain":0,"player_choice":"Card Removal","damage_taken":0,"max_hp_gain":0,"max_hp_loss":0,"event_name":"The Cleric","floor":2,"gold_loss":50},{"damage_healed":0,"gold_gain":0,"player_choice":"Success","damage_taken":7,"relics_obtained":["Gremlin Horn"],"max_hp_gain":0,"max_hp_loss":0,"event_name":"Scrap Ooze","floor":3,"gold_loss":0},{"damage_healed":0,"gold_gain":0,"player_choice":"Left Gold","damage_taken":0,"max_hp_gain":0,"max_hp_loss":0,"event_name":"World of Goop","floor":5,"gold_loss":46},{"cards_removed":["Strike_B"],"damage_healed":0,"gold_gain":0,"player_choice":"Forget","damage_taken":0,"max_hp_gain":0,"max_hp_loss":0,"event_name":"Living Wall","floor":10,"gold_loss":0},{"damage_healed":0,"gold_gain":0,"player_choice":"Fought Mushrooms","damage_taken":0,"max_hp_gain":0,"max_hp_loss":0,"event_name":"Mushrooms","floor":11,"gold_loss":0},{"damage_healed":0,"gold_gain":0,"player_choice":"Shed Blood","damage_taken":19,"max_hp_gain":5,"max_hp_loss":0,"event_name":"Forgotten Altar","floor":19,"gold_loss":0},{"damage_healed":0,"gold_gain":0,"player_choice":"Inject Mutagens","damage_taken":0,"relics_obtained":["MutagenicStrength"],"max_hp_gain":0,"max_hp_loss":0,"event_name":"Drug Dealer","floor":21,"gold_loss":0},{"damage_healed":0,"gold_gain":0,"player_choice":"Became a vampire","damage_taken":0,"max_hp_gain":0,"max_hp_loss":24,"event_name":"Vampires","floor":22,"gold_loss":0,"cards_obtained":["Bite","Bite","Bite","Bite","Bite"]},{"damage_healed":0,"gold_gain":0,"player_choice":"Paid","damage_taken":0,"relics_obtained":["Red Mask"],"max_hp_gain":0,"max_hp_loss":0,"event_name":"Tomb of Lord Red Mask","floor":38,"gold_loss":53},{"damage_healed":49,"gold_gain":0,"player_choice":"Heal","damage_taken":0,"max_hp_gain":0,"max_hp_loss":7,"event_name":"The Moai Head","floor":46,"gold_loss":0}],"is_beta":false,"boss_relics":[{"not_picked":["Coffee Dripper","Philosopher\u0027s Stone"],"picked":"Sozu"},{"not_picked":["Fusion Hammer","Tiny House"],"picked":"Eternal Feather"}],"items_purged_floors":[14,29,37],"is_endless":false,"potions_floor_spawned":[8,11,12,18,24,25,31,40,42,48],"killed_by":"Donu and Deca","ascension_level":6}