{"gold_per_floor":[119,119,46,46,62,95,112,112,138,138,149,166,166,177,177,274,274,293,293,304,304,229,229,255,143,143,143],"floor_reached":27,"playtime":1565,"items_purged":["Strike_B"],"score":256,"play_id":"67bf4f77-dbbc-45ae-b69f-ce0e00fb5db8","local_time":"20190122034356","is_ascension_mode":false,"campfire_choices":[{"data":"Defragment","floor":8,"key":"SMITH"},{"data":"Zap","floor":10,"key":"SMITH"},{"floor":13,"key":"REST"},{"data":"Static Discharge","floor":15,"key":"SMITH"},{"data":"Machine Learning","floor":23,"key":"SMITH"}],"neow_cost":"NONE","seed_source_timestamp":29019702077300,"circlet_count":0,"master_deck":["Strike_B+1","Defend_B","Defend_B","Defend_B","Zap+1","Dualcast+1","Ball Lightning","Tempest","Storm","Defragment+1","Ball Lightning","Static Discharge+1","Capacitor","Fusion","Hologram","Machine Learning+1","Conserve Battery","Capacitor","FTL+1","Defragment+1","Loop"],"relics":["Cracked Core","NeowsBlessing","Potion Belt","Bag of Marbles","Sozu","Bag of Preparation","Letter Opener"],"potions_floor_usage":[14,16,16,16],"damage_taken":[{"damage":0,"enemies":"2 Louse","floor":1,"turns":1},{"damage":0,"enemies":"Jaw Worm","floor":5,"turns":1},{"damage":0,"enemies":"Lagavulin","floor":6,"turns":1},{"damage":11,"enemies":"Small Slimes","floor":7,"turns":2},{"damage":0,"enemies":"2 Fungi Beasts","floor":11,"turns":2},{"damage":10,"enemies":"Looter","floor":12,"turns":2},{"damage":13,"enemies":"Gremlin Gang","floor":14,"turns":3},{"damage":17,"enemies":"The Guardian","floor":16,"turns":6},{"damage":17,"enemies":"Chosen","floor":18,"turns":3},{"damage":15,"enemies":"Shell Parasite","floor":20,"turns":3},{"damage":31,"enemies":"Gremlin Leader","floor":24,"turns":4},{"damage":12,"enemies":"3 Cultists","floor":27,"turns":2}],"seed_played":"227512227334173904","potions_obtained":[{"floor":5,"key":"SkillPotion"},{"floor":6,"key":"PowerPotion"},{"floor":7,"key":"Dexterity Potion"},{"floor":11,"key":"EssenceOfSteel"},{"floor":12,"key":"Explosive Potion"},{"floor":16,"key":"SteroidPotion"}],"is_trial":false,"path_per_floor":["M","?","$","?","M","E","M","R","T","R","M","M","R","M","R","B",null,"M","?","M","?","?","R","E","$","T","M"],"character_chosen":"DEFECT","items_purchased":["Tempest","Loop"],"campfire_rested":1,"item_purchase_floors":[3,25],"current_hp_per_floor":[75,60,60,60,60,60,49,49,49,49,49,39,61,48,48,31,75,58,58,43,43,43,43,12,12,12,0],"gold":143,"neow_bonus":"THREE_ENEMY_KILL","is_prod":false,"is_daily":false,"chose_seed":false,"campfire_upgraded":4,"win_rate":0.0,"timestamp":1548125036,"path_taken":["M","?","$","?","M","E","M","R","T","R","M","M","R","M","R","BOSS","M","?","M","?","?","R","E","$","T","M"],"build_version":"2019-01-17v2","purchased_purges":1,"victory":false,"max_hp_per_floor":[75,75,75,75,75,75,75,75,75,75,75,75,75,75,75,75,75,75,75,75,75,75,75,75,75,75,75],"card_choices":[{"not_picked":["Redo","Cold Snap"],"picked":"Ball Lightning","floor":1},{"not_picked":["Sunder","Go for the Eyes"],"picked":"Defragment","floor":5},{"not_picked":["Consume","Blizzard"],"picked":"Ball Lightning","floor":6},{"not_picked":["Steam","Coolheaded"],"picked":"Static Discharge","floor":7},{"not_picked":["Reprogram","Reinforced Body"],"picked":"Capacitor","floor":11},{"not_picked":["Chill","Compile Driver"],"picked":"Fusion","floor":12},{"not_picked":["Glacier","Go for the Eyes"],"picked":"Hologram","floor":14},{"not_picked":["Biased Cognition","Core Surge"],"picked":"Machine Learning","floor":16},{"not_picked":["Redo","Steam"],"picked":"Conserve Battery","floor":18},{"not_picked":["Go for the Eyes","Conserve Battery"],"picked":"FTL+1","floor":20},{"not_picked":["Chaos","Stack+1"],"picked":"Defragment+1","floor":24}],"player_experience":43202,"relics_obtained":[{"floor":6,"key":"Potion Belt"},{"floor":9,"key":"Bag of Marbles"},{"floor":24,"key":"Bag of Preparation"},{"floor":26,"key":"Letter Opener"}],"event_choices":[{"damage_healed":0,"gold_gain":0,"player_choice":"Entered Light","damage_taken":15,"max_hp_gain":0,"max_hp_loss":0,"event_name":"Shining Light","floor":2,"gold_loss":0,"cards_upgraded":["Dualcast","Strike_B"]},{"damage_healed":0,"gold_gain":0,"cards_transformed":["Strike_B"],"player_choice":"Change","damage_taken":0,"max_hp_gain":0,"max_hp_loss":0,"event_name":"Living Wall","floor":4,"gold_loss":0,"cards_obtained":["Storm"]},{"damage_healed":0,"gold_gain":0,"player_choice":"Read","damage_taken":0,"max_hp_gain":0,"max_hp_loss":0,"event_name":"The Library","floor":19,"gold_loss":0,"cards_obtained":["Capacitor"]},{"cards_removed":["Strike_B"],"damage_healed":0,"gold_gain":0,"player_choice":"Elegance","damage_taken":0,"max_hp_gain":0,"max_hp_loss":0,"event_name":"Back to Basics","floor":21,"gold_loss":0},{"cards_removed":["Defend_B"],"damage_healed":0,"gold_gain":0,"player_choice":"Gave Gold","damage_taken":0,"max_hp_gain":0,"max_hp_loss":0,"event_name":"Beggar","floor":22,"gold_loss":75}],"is_beta":false,"boss_relics":[{"not_picked":["Cursed Key","Velvet Choker"],"picked":"Sozu"}],"items_purged_floors":[25],"is_endless":false,"potions_floor_spawned":[5,6,7,11,12,16,18,24],"killed_by":"3 Cultists","ascension_level":0}