{"gold_per_floor":[111,111,36,52,63,63,97,117,117,147,147,165,177,29,29,129,129,149,64,80,80,80,108,108,138,161,173,192,221,236,253,253,356,356,366,382,382,382,400,429,429,429,429,439,439,339,339,68,68,68],"floor_reached":51,"playtime":4547,"items_purged":["Strike_R","Strike_R","Strike_R"],"score":1146,"play_id":"9d608e4c-e3df-4f06-a4cf-8715044711b5","local_time":"20180816121646","is_ascension_mode":true,"campfire_choices":[{"data":"Flame Barrier","floor":6,"key":"SMITH"},{"data":"Carnage","floor":11,"key":"SMITH"},{"data":"Rampage","floor":15,"key":"SMITH"},{"data":"Feed","floor":24,"key":"SMITH"},{"data":"Defend_R","floor":32,"key":"SMITH"},{"data":"Defend_R","floor":41,"key":"SMITH"},{"data":"Demon Form","floor":45,"key":"SMITH"},{"floor":47,"key":"REST"},{"floor":49,"key":"REST"}],"neow_cost":"NONE","seed_source_timestamp":11798310212902,"circlet_count":0,"master_deck":["Strike_R+1","Strike_R+1","Defend_R+1","Defend_R+1","Defend_R+1","Defend_R+1","Bash+1","AscendersBane","Carnage+1","Flame Barrier+1","Headbutt","Feed+1","Rampage+1","Bloodletting+1","Offering+1","Impervious+1","Clothesline+1","Barricade","Body Slam+1","Shrug It Off+1","Seeing Red+1","Demon Form+1","Headbutt+1","Master of Strategy+1","Madness+1","Madness+1","Shrug It Off+1"],"relics":["Burning Blood","Pantograph","Bottled Flame","Toxic Egg 2","Snecko Eye","Ancient Tea Set","Enchiridion","Bronze Scales","Orichalcum","Bag of Preparation","Whetstone","Sozu","Nunchaku","Pen Nib","Anchor"],"potions_floor_usage":[13,16,25,25,27,33,39],"damage_taken":[{"damage":4,"enemies":"Small Slimes","floor":1,"turns":5},{"damage":1,"enemies":"2 Louse","floor":4,"turns":3},{"damage":1,"enemies":"Cultist","floor":5,"turns":5},{"damage":19,"enemies":"3 Sentries","floor":7,"turns":12},{"damage":7,"enemies":"Large Slime","floor":8,"turns":6},{"damage":32,"enemies":"Lagavulin","floor":10,"turns":5},{"damage":3,"enemies":"Blue Slaver","floor":12,"turns":3},{"damage":0,"enemies":"2 Fungi Beasts","floor":13,"turns":2},{"damage":23,"enemies":"The Guardian","floor":16,"turns":7},{"damage":7,"enemies":"Shell Parasite","floor":18,"turns":2},{"damage":0,"enemies":"Spheric Guardian","floor":20,"turns":2},{"damage":28,"enemies":"Gremlin Leader","floor":23,"turns":4},{"damage":22,"enemies":"Slavers","floor":25,"turns":4},{"damage":0,"enemies":"Snake Plant","floor":27,"turns":1},{"damage":0,"enemies":"3 Cultists","floor":28,"turns":5},{"damage":0,"enemies":"Gremlin Leader","floor":29,"turns":2},{"damage":7,"enemies":"Centurion and Healer","floor":30,"turns":6},{"damage":17,"enemies":"Snake Plant","floor":31,"turns":2},{"damage":34,"enemies":"Automaton","floor":33,"turns":12},{"damage":0,"enemies":"Orb Walker","floor":35,"turns":2},{"damage":0,"enemies":"3 Darklings","floor":36,"turns":5},{"damage":0,"enemies":"Spire Growth","floor":39,"turns":5},{"damage":64,"enemies":"Nemesis","floor":40,"turns":7},{"damage":0,"enemies":"Flame Bruiser 2 Orb","floor":44,"turns":5},{"damage":31,"enemies":"Time Eater","floor":50,"turns":7}],"seed_played":"-2949573560541642001","potions_obtained":[{"floor":1,"key":"Swift Potion"},{"floor":5,"key":"GamblersBrew"},{"floor":12,"key":"Explosive Potion"},{"floor":13,"key":"Explosive Potion"},{"floor":18,"key":"SkillPotion"},{"floor":23,"key":"Energy Potion"},{"floor":29,"key":"LiquidBronze"},{"floor":31,"key":"Block Potion"}],"is_trial":false,"path_per_floor":["M","?","$","M","M","R","E","M","T","E","R","M","M","$","R","B",null,"M","?","M","?","$","E","R","E","T","M","M","E","M","M","R","B",null,"M","M","?","?","M","E","R","?","T","M","R","$","R","$","R","B"],"character_chosen":"IRONCLAD","items_purchased":["Offering+1","Anchor"],"campfire_rested":2,"item_purchase_floors":[14,48],"current_hp_per_floor":[74,58,58,63,68,68,55,54,54,28,28,31,37,37,37,45,71,70,70,76,60,60,38,38,26,26,32,38,48,51,40,40,37,78,84,94,94,82,88,30,30,30,30,36,36,36,64,64,92,75],"gold":68,"neow_bonus":"UPGRADE_CARD","is_prod":false,"is_daily":false,"chose_seed":false,"campfire_upgraded":7,"win_rate":0,"timestamp":1534393006,"path_taken":["M","?","?","M","M","R","E","M","T","E","R","M","M","$","R","BOSS","M","?","M","?","$","E","R","E","T","?","M","E","M","M","R","BOSS","M","M","?","?","M","E","R","?","T","M","R","?","R","$","R","BOSS"],"build_version":"2018-08-09","purchased_purges":3,"victory":true,"max_hp_per_floor":[80,80,80,80,80,80,80,80,80,80,80,80,80,80,80,80,80,80,80,80,80,80,80,80,84,84,84,84,88,92,92,92,92,92,92,96,96,96,96,96,96,96,96,96,96,96,96,96,96,100],"card_choices":[{"not_picked":["Hemokinesis","Battle Trance"],"picked":"Carnage","floor":1},{"not_picked":["Pummel","Blood for Blood"],"picked":"Flame Barrier","floor":4},{"not_picked":["Heavy Blade","Twin Strike"],"picked":"Headbutt","floor":5},{"not_picked":["Searing Blow","Anger","Clash"],"picked":"SKIP","floor":7},{"not_picked":["Searing Blow","Anger","Clash"],"picked":"SKIP","floor":7},{"not_picked":["Clash","Entrench"],"picked":"Feed","floor":8},{"not_picked":["Feed","Dual Wield","Corruption"],"picked":"SKIP","floor":10},{"not_picked":["Clash","Body Slam"],"picked":"Rampage","floor":12},{"not_picked":["Warcry+1","Evolve"],"picked":"Bloodletting+1","floor":13},{"not_picked":["Dark Embrace","Limit Break+1"],"picked":"Impervious+1","floor":16},{"not_picked":["Iron Wave","Perfected Strike+1"],"picked":"Clothesline+1","floor":18},{"not_picked":["Flex+1","Heavy Blade+1","Reckless Charge"],"picked":"SKIP","floor":20},{"not_picked":["Cleave","Body Slam"],"picked":"Barricade","floor":23},{"not_picked":["Wild Strike+1","Shockwave+1"],"picked":"Body Slam+1","floor":25},{"not_picked":["Burning Pact+1","Evolve"],"picked":"Shrug It Off+1","floor":27},{"not_picked":["Wild Strike","Heavy Blade"],"picked":"Body Slam+1","floor":28},{"not_picked":["True Grit+1","Body Slam","Anger"],"picked":"SKIP","floor":29},{"not_picked":["Flex+1","Ghostly Armor+1"],"picked":"Seeing Red+1","floor":30},{"not_picked":["Offering+1","Twin Strike","Perfected Strike"],"picked":"SKIP","floor":31},{"not_picked":["Feed","Brutality"],"picked":"Demon Form","floor":33},{"not_picked":["Infernal Blade+1","Anger","Fire Breathing"],"picked":"SKIP","floor":35},{"not_picked":["Clash","Flex+1"],"picked":"Headbutt+1","floor":36},{"not_picked":["Deep Breath+1","Secret Weapon+1"],"picked":"Master of Strategy+1","floor":37},{"not_picked":["Thunderclap+1","Anger+1","Warcry+1"],"picked":"SKIP","floor":39},{"not_picked":["Sword Boomerang","Warcry+1","Body Slam+1"],"picked":"SKIP","floor":40},{"not_picked":["Dropkick+1","Havoc+1"],"picked":"Shrug It Off+1","floor":44}],"player_experience":466849,"relics_obtained":[{"floor":7,"key":"Pantograph"},{"floor":9,"key":"Bottled Flame"},{"floor":10,"key":"Toxic Egg 2"},{"floor":21,"key":"Enchiridion"},{"floor":23,"key":"Bronze Scales"},{"floor":25,"key":"Orichalcum"},{"floor":26,"key":"Bag of Preparation"},{"floor":29,"key":"Whetstone"},{"floor":40,"key":"Nunchaku"},{"floor":43,"key":"Pen Nib"}],"event_choices":[{"event_name":"Shining Light","player_choice":"Entered Light","floor":2,"damage_taken":0},{"event_name":"Addict","player_choice":"Obtained Relic","floor":19,"damage_taken":0},{"event_name":"Cursed Tome","player_choice":"Obtained Book","floor":21,"damage_taken":0},{"event_name":"SensoryStone","player_choice":"Memory 1","floor":37,"damage_taken":0},{"event_name":"Winding Halls","player_choice":"Embrace Madness","floor":38,"damage_taken":0},{"event_name":"Falling","player_choice":"Removed Attack","floor":42,"damage_taken":0}],"is_beta":false,"boss_relics":[{"not_picked":["Runic Dome","Busted Crown"],"picked":"Snecko Eye"},{"not_picked":["Runic Cube","Lizard Tail"],"picked":"Sozu"}],"items_purged_floors":[3,46,48],"is_endless":false,"potions_floor_spawned":[1,5,12,13,18,23,29,31,36,40],"ascension_level":10}