{"gold_per_floor":[112,287,305,305,305,337,337,348,348,366,336,336,336,364,364,364],"floor_reached":16,"playtime":831,"items_purged":[],"score":135,"play_id":"b2b53d4c-f663-467e-b1da-d32235dc5fa5","local_time":"20190122214500","is_ascension_mode":false,"campfire_choices":[{"data":"Bash","floor":7,"key":"SMITH"},{"data":"Fire Breathing","floor":12,"key":"SMITH"},{"floor":15,"key":"REST"}],"neow_cost":"NONE","seed_source_timestamp":94618129301400,"circlet_count":0,"master_deck":["Strike_R","Strike_R","Strike_R+1","Strike_R","Defend_R","Defend_R","Defend_R+1","Bash+1","Rage","Doubt","Fire Breathing+1","Cleave","Warcry","Dual Wield","Searing Blow"],"relics":["Burning Blood","NeowsBlessing","Champion Belt","Bottled Tornado","Regal Pillow"],"potions_floor_usage":[10,16],"damage_taken":[{"damage":0,"enemies":"Cultist","floor":1,"turns":1},{"damage":0,"enemies":"2 Louse","floor":3,"turns":1},{"damage":0,"enemies":"Lagavulin","floor":6,"turns":1},{"damage":4,"enemies":"Small Slimes","floor":8,"turns":3},{"damage":9,"enemies":"Gremlin Gang","floor":10,"turns":5},{"damage":9,"enemies":"Looter","floor":11,"turns":3},{"damage":48,"enemies":"Gremlin Nob","floor":14,"turns":5},{"damage":56,"enemies":"Slime Boss","floor":16,"turns":9}],"seed_played":"4367974055722413096","potions_obtained":[{"floor":6,"key":"Block Potion"},{"floor":10,"key":"Fire Potion"}],"is_trial":false,"path_per_floor":["M","?","M","?","?","E","R","M","T","M","M","R","?","E","R","B"],"character_chosen":"IRONCLAD","items_purchased":[],"campfire_rested":1,"item_purchase_floors":[],"current_hp_per_floor":[80,80,80,64,64,70,70,72,72,69,66,66,59,17,56,0],"gold":364,"neow_bonus":"THREE_ENEMY_KILL","is_prod":false,"is_daily":false,"chose_seed":false,"campfire_upgraded":2,"win_rate":0.0,"timestamp":1548189900,"path_taken":["M","?","M","?","?","E","R","M","T","M","?","R","?","E","R","BOSS"],"build_version":"2019-01-17v2","purchased_purges":0,"victory":false,"max_hp_per_floor":[80,80,80,80,80,80,80,80,80,80,80,80,80,80,80,80],"card_choices":[{"not_picked":["Warcry","Power Through"],"picked":"Rage","floor":1},{"not_picked":["Battle Trance","Rupture"],"picked":"Fire Breathing","floor":3},{"not_picked":["Flex","Pommel Strike"],"picked":"Cleave","floor":6},{"not_picked":["Carnage","Perfected Strike"],"picked":"Warcry","floor":8},{"not_picked":["Flex","Bludgeon"],"picked":"Dual Wield","floor":10},{"not_picked":["Wild Strike","Clothesline","Sword Boomerang"],"picked":"SKIP","floor":11},{"not_picked":["Clothesline","Headbutt"],"picked":"Searing Blow","floor":14}],"player_experience":72484,"relics_obtained":[{"floor":6,"key":"Champion Belt"},{"floor":9,"key":"Bottled Tornado"},{"floor":14,"key":"Regal Pillow"}],"event_choices":[{"damage_healed":0,"gold_gain":175,"player_choice":"AGREE","damage_taken":0,"max_hp_gain":0,"max_hp_loss":0,"event_name":"Liars Game","floor":2,"gold_loss":0,"cards_obtained":["Doubt"]},{"damage_healed":0,"gold_gain":0,"player_choice":"Entered Light","damage_taken":16,"max_hp_gain":0,"max_hp_loss":0,"event_name":"Shining Light","floor":4,"gold_loss":0,"cards_upgraded":["Defend_R","Strike_R"]},{"cards_removed":["Defend_R"],"damage_healed":0,"gold_gain":0,"player_choice":"Purged","damage_taken":0,"max_hp_gain":0,"max_hp_loss":0,"event_name":"Purifier","floor":5,"gold_loss":0},{"cards_removed":["Strike_R"],"damage_healed":0,"gold_gain":0,"player_choice":"Card Removal","damage_taken":7,"max_hp_gain":0,"max_hp_loss":0,"event_name":"Golden Wing","floor":13,"gold_loss":0}],"is_beta":false,"boss_relics":[],"items_purged_floors":[],"is_endless":false,"potions_floor_spawned":[6,10,11],"killed_by":"Slime Boss","ascension_level":0}