{"gold_per_floor":[115,40,58,20,20,20,36,36,36,136,156,167,196,96,96,195,195,209,84,84,104,119,119,119],"floor_reached":24,"playtime":1026,"items_purged":["Strike_R","Strike_R","Defend_R"],"score":186,"play_id":"14eb943a-ea48-4274-abaf-5578f534189d","local_time":"20180813132648","is_ascension_mode":false,"campfire_choices":[{"data":"Bash","floor":6,"key":"SMITH"},{"data":"Dropkick","floor":8,"key":"SMITH"},{"data":"Dropkick","floor":15,"key":"SMITH"},{"floor":23,"key":"REST"}],"neow_cost":"NONE","seed_source_timestamp":98822908366148,"circlet_count":0,"master_deck":["Strike_R","Strike_R","Strike_R","Defend_R","Defend_R","Bash+1","Dropkick","Dropkick+1","Dropkick+1"],"relics":["Black Blood","Dream Catcher","Matryoshka","Odd Mushroom"],"potions_floor_usage":[18],"damage_taken":[{"damage":5,"enemies":"Cultist","floor":1,"turns":4},{"damage":3,"enemies":"2 Louse","floor":3,"turns":4},{"damage":12,"enemies":"Small Slimes","floor":7,"turns":4},{"damage":6,"enemies":"Exordium Thugs","floor":11,"turns":3},{"damage":5,"enemies":"Looter","floor":12,"turns":3},{"damage":26,"floor":13,"turns":5},{"damage":14,"enemies":"Slime Boss","floor":16,"turns":7},{"damage":48,"enemies":"Spheric Guardian","floor":18,"turns":6},{"damage":5,"enemies":"Chosen","floor":21,"turns":3},{"damage":33,"enemies":"Snake Plant","floor":22,"turns":4},{"damage":53,"enemies":"Gremlin Leader","floor":24,"turns":5}],"seed_played":"9056254268575970913","potions_obtained":[{"floor":3,"key":"Dexterity Potion"},{"floor":7,"key":"Poison Potion"},{"floor":13,"key":"Explosive Potion"},{"floor":16,"key":"Fire Potion"},{"floor":18,"key":"SkillPotion"}],"is_trial":false,"path_per_floor":["M","$","M","$","?","R","M","R","T","?","M","M","?","$","R","B",null,"M","$","?","M","M","R"],"character_chosen":"IRONCLAD","items_purchased":["Dropkick"],"campfire_rested":1,"item_purchase_floors":[4],"current_hp_per_floor":[80,80,80,80,80,80,74,74,74,74,74,75,55,55,55,47,80,42,42,42,47,24,48,0],"gold":119,"neow_bonus":"RANDOM_COMMON_RELIC","is_prod":false,"is_daily":false,"chose_seed":false,"campfire_upgraded":3,"win_rate":0,"timestamp":1534138008,"path_taken":["M","?","M","$","?","R","M","R","T","?","?","M","?","$","R","BOSS","M","$","?","M","M","R","E"],"build_version":"2018-08-09","purchased_purges":3,"victory":false,"max_hp_per_floor":[80,80,80,80,80,80,80,80,80,80,80,80,80,80,80,80,80,80,80,80,80,80,80,80],"card_choices":[{"not_picked":["Cleave","Clothesline","Flex"],"picked":"SKIP","floor":1},{"not_picked":["Clothesline","True Grit","Feel No Pain"],"picked":"SKIP","floor":3},{"not_picked":["Twin Strike","Sword Boomerang"],"picked":"Dropkick","floor":7},{"not_picked":["Sword Boomerang","Dual Wield"],"picked":"Dropkick","floor":11},{"not_picked":["Armaments","Anger","Pommel Strike"],"picked":"SKIP","floor":12},{"not_picked":["Anger","Body Slam+1","Inflame"],"picked":"SKIP","floor":18},{"not_picked":["Iron Wave","Wild Strike","Clash+1"],"picked":"SKIP","floor":21},{"not_picked":["Whirlwind","Twin Strike","Warcry+1"],"picked":"SKIP","floor":22}],"player_experience":406621,"relics_obtained":[{"floor":9,"key":"Matryoshka"},{"floor":13,"key":"Odd Mushroom"}],"event_choices":[{"event_name":"Living Wall","player_choice":"Forget","floor":5,"damage_taken":0},{"event_name":"Golden Shrine","player_choice":"Pray","floor":10,"damage_taken":0},{"event_name":"Mushrooms","player_choice":"Fought Mushrooms","floor":13,"damage_taken":0},{"event_name":"Cursed Tome","player_choice":"Ignored","floor":20,"damage_taken":0}],"is_beta":false,"boss_relics":[{"not_picked":["Orrery","Snecko Eye"],"picked":"Black Blood"}],"items_purged_floors":[2,14,19],"is_endless":false,"potions_floor_spawned":[3,7,13,16,18,22],"killed_by":"Gremlin Leader","ascension_level":0}