{"gold_per_floor":[112,122,47,57,57,57,57,57,57,57,100,130,146,186,186,186],"floor_reached":16,"playtime":485,"items_purged":["Strike_R"],"score":162,"play_id":"6bc52946-614e-4640-98f6-afcc0ea60ece","local_time":"20180816110034","is_ascension_mode":true,"campfire_choices":[{"data":"Whirlwind","floor":6,"key":"SMITH"},{"data":"Bash","floor":8,"key":"SMITH"},{"data":"Defend_R","floor":10,"key":"SMITH"},{"data":"Defend_R","floor":15,"key":"SMITH"}],"neow_cost":"NONE","seed_source_timestamp":11301162867863,"circlet_count":0,"master_deck":["Strike_R","Strike_R","Strike_R","Defend_R+1","Defend_R+1","Defend_R","Defend_R","Bash+1","AscendersBane","Whirlwind+1"],"relics":["Burning Blood","Golden Idol","Strawberry","Dodecahedron","Orichalcum","Magic Flower"],"potions_floor_usage":[11,16,16],"damage_taken":[{"damage":7,"enemies":"2 Louse","floor":1,"turns":3},{"damage":9,"enemies":"Jaw Worm","floor":2,"turns":3},{"damage":10,"enemies":"Small Slimes","floor":4,"turns":2},{"damage":32,"enemies":"Lagavulin","floor":11,"turns":5},{"damage":5,"enemies":"Red Slaver","floor":13,"turns":4},{"damage":20,"enemies":"Gremlin Nob","floor":14,"turns":4},{"damage":62,"enemies":"Slime Boss","floor":16,"turns":11}],"seed_played":"-7600722010893564016","potions_obtained":[{"floor":1,"key":"FearPotion"},{"floor":2,"key":"Energy Potion"},{"floor":4,"key":"FearPotion"},{"floor":14,"key":"FairyPotion"}],"is_trial":false,"path_per_floor":["M","M","$","M","?","R","?","R","T","R","E","?","M","E","R"],"character_chosen":"IRONCLAD","items_purchased":[],"campfire_rested":0,"item_purchase_floors":[],"current_hp_per_floor":[71,68,68,64,64,64,64,64,71,71,45,45,46,32,32,0],"gold":186,"neow_bonus":"REMOVE_CARD","is_prod":false,"is_daily":false,"chose_seed":false,"campfire_upgraded":4,"win_rate":0,"timestamp":1534388434,"path_taken":["M","M","$","M","?","R","?","R","T","R","E","?","M","E","R","BOSS"],"build_version":"2018-08-09","purchased_purges":1,"victory":false,"max_hp_per_floor":[80,80,80,80,74,74,74,74,81,81,81,81,81,81,81,81],"card_choices":[{"not_picked":["Combust","Armaments","Twin Strike"],"picked":"SKIP","floor":1},{"not_picked":["Havoc","Body Slam"],"picked":"Whirlwind","floor":2},{"not_picked":["Battle Trance","Clothesline","Pommel Strike"],"picked":"SKIP","floor":4},{"not_picked":["Flex","Warcry","Reaper"],"picked":"SKIP","floor":11},{"not_picked":["Perfected Strike","Body Slam","Reckless Charge"],"picked":"SKIP","floor":13},{"not_picked":["Metallicize","Limit Break","Perfected Strike"],"picked":"SKIP","floor":14}],"player_experience":466364,"relics_obtained":[{"floor":9,"key":"Strawberry"},{"floor":11,"key":"Dodecahedron"},{"floor":14,"key":"Magic Flower"}],"event_choices":[{"event_name":"Golden Idol","player_choice":"Lose Max HP","floor":5,"damage_taken":0},{"event_name":"The Woman in Blue","player_choice":"Bought 0 Potions","floor":7,"damage_taken":0},{"event_name":"Dead Adventurer","player_choice":"Searched \u00272\u0027 times","floor":12,"damage_taken":0}],"is_beta":false,"boss_relics":[],"items_purged_floors":[3],"is_endless":false,"potions_floor_spawned":[1,2,4,14],"killed_by":"Slime Boss","ascension_level":10}