{"gold_per_floor":[115,129,129,109,34,34,45,64,64,64,64,93,93,110,110,215,215,234,61,61,160,160],"floor_reached":22,"playtime":923,"items_purged":["Defend_R","Strike_R"],"score":291,"play_id":"5dfd7c62-577b-4b7e-8484-9531c6d5d10a","local_time":"20181215195041","is_ascension_mode":true,"campfire_choices":[{"data":"Cleave","floor":6,"key":"SMITH"},{"data":"Bash","floor":10,"key":"SMITH"},{"data":"Whirlwind","floor":13,"key":"SMITH"},{"floor":15,"key":"REST"}],"neow_cost":"PERCENT_DAMAGE","seed_source_timestamp":264147631136835,"circlet_count":0,"master_deck":["AscendersBane","Strike_R","Strike_R","Defend_R","Defend_R","Defend_R","Bash+1","Cleave+1","Shrug It Off","Rampage","Dropkick","Whirlwind+1","Feed","Rampage"],"relics":["Burning Blood","Frozen Egg 2","Darkstone Periapt","White Beast Statue"],"potions_floor_usage":[8,12,16,16,22],"damage_taken":[{"damage":5,"enemies":"2 Louse","floor":1,"turns":2},{"damage":5,"enemies":"Jaw Worm","floor":2,"turns":5},{"damage":0,"enemies":"Cultist","floor":7,"turns":3},{"damage":4,"enemies":"Looter","floor":8,"turns":3},{"damage":26,"enemies":"Gremlin Nob","floor":12,"turns":4},{"damage":12,"enemies":"2 Fungi Beasts","floor":14,"turns":2},{"damage":58,"enemies":"Hexaghost","floor":16,"turns":9},{"damage":56,"enemies":"Shell Parasite","floor":18,"turns":7},{"damage":19,"enemies":"Masked Bandits","floor":22,"turns":2}],"seed_played":"-5620188112079194866","potions_obtained":[{"floor":2,"key":"Fire Potion"},{"floor":4,"key":"PowerPotion"},{"floor":12,"key":"Poison Potion"},{"floor":14,"key":"SteroidPotion"},{"floor":18,"key":"Ancient Potion"}],"is_trial":false,"path_per_floor":["M","M","?","?","$","R","M","M","T","R","$","E","R","M","R","B",null,"M","$","?","?","?"],"character_chosen":"IRONCLAD","items_purchased":["Rampage"],"campfire_rested":1,"item_purchase_floors":[19],"current_hp_per_floor":[52,53,53,53,53,53,59,61,61,61,61,41,41,35,59,7,62,12,12,12,12,0],"gold":160,"neow_bonus":"TRANSFORM_TWO_CARDS","is_prod":false,"is_daily":false,"chose_seed":false,"campfire_upgraded":3,"win_rate":0,"timestamp":1544874641,"path_taken":["M","M","?","?","$","R","M","?","T","R","$","E","R","M","R","BOSS","M","$","?","?","?"],"build_version":"2018-12-13","purchased_purges":2,"victory":false,"max_hp_per_floor":[80,80,80,80,80,80,80,80,80,80,80,80,80,80,80,80,80,80,80,80,80,80],"card_choices":[{"not_picked":["Iron Wave","Shrug It Off","Armaments"],"picked":"SKIP","floor":1},{"not_picked":["Heavy Blade","Burning Pact"],"picked":"Shrug It Off","floor":2},{"not_picked":["Pummel","Flex"],"picked":"Rampage","floor":7},{"not_picked":["Armaments","Evolve"],"picked":"Dropkick","floor":8},{"not_picked":["Reckless Charge","Sword Boomerang"],"picked":"Whirlwind","floor":12},{"not_picked":["Clothesline","Sever Soul","Sword Boomerang"],"picked":"SKIP","floor":14},{"not_picked":["Immolate","Offering"],"picked":"Feed","floor":16},{"not_picked":["Sever Soul","Iron Wave","Anger"],"picked":"SKIP","floor":18}],"player_experience":576298,"relics_obtained":[{"floor":9,"key":"Frozen Egg 2"},{"floor":12,"key":"Darkstone Periapt"}],"event_choices":[{"cards_removed":["Entrench"],"damage_healed":0,"gold_gain":0,"player_choice":"Forget","damage_taken":0,"max_hp_gain":0,"max_hp_loss":0,"event_name":"Living Wall","floor":3,"gold_loss":0},{"damage_healed":0,"gold_gain":0,"player_choice":"Bought 1 Potion","damage_taken":0,"max_hp_gain":0,"max_hp_loss":0,"event_name":"The Woman in Blue","floor":4,"gold_loss":0},{"damage_healed":0,"gold_gain":99,"player_choice":"Stole From Cult","damage_taken":0,"max_hp_gain":0,"max_hp_loss":0,"event_name":"Nest","floor":21,"gold_loss":0},{"damage_healed":0,"gold_gain":0,"player_choice":"Fought Bandits","damage_taken":0,"max_hp_gain":0,"max_hp_loss":0,"event_name":"Masked Bandits","floor":22,"gold_loss":0}],"is_beta":false,"boss_relics":[{"not_picked":["Lizard Tail","Orrery"],"picked":"White Beast Statue"}],"items_purged_floors":[5,19],"is_endless":false,"potions_floor_spawned":[2,7,12,14,18],"killed_by":"Masked Bandits","ascension_level":12}