{"gold_per_floor":[11,11,11,31,44,72,72,90,90,90,100,128,145,145,145,145],"floor_reached":16,"playtime":568,"items_purged":[],"score":194,"play_id":"817ea66a-5e0d-402b-8367-3816c65f65f8","local_time":"20190607021254","is_ascension_mode":true,"campfire_choices":[{"floor":7,"key":"REST"},{"data":"Strike_G","floor":10,"key":"PURGE"},{"floor":15,"key":"REST"}],"neow_cost":"NO_GOLD","seed_source_timestamp":445898159988914,"circlet_count":0,"master_deck":["AscendersBane","Defend_G","Defend_G","Defend_G","Defend_G","Defend_G","Strike_G","Strike_G","Strike_G","Strike_G","Survivor","Neutralize","Noxious Fumes","Escape Plan","Bouncing Flask","Infinite Blades","Footwork","Dagger Spray","PiercingWail"],"special_seed":0,"relics":["Ring of the Snake","Peace Pipe","FossilizedHelix","Bottled Flame","Odd Mushroom"],"potions_floor_usage":[6,11,13,16],"damage_taken":[{"damage":1.0,"enemies":"2 Louse","floor":1.0,"turns":3.0},{"damage":3.0,"enemies":"Small Slimes","floor":4.0,"turns":4.0},{"damage":7.0,"enemies":"Jaw Worm","floor":5.0,"turns":5.0},{"damage":31,"enemies":"3 Sentries","floor":6,"turns":7},{"damage":0,"enemies":"Blue Slaver","floor":8,"turns":5},{"damage":16,"enemies":"Lots of Slimes","floor":11,"turns":4},{"damage":16,"enemies":"The Mushroom Lair","floor":12,"turns":4},{"damage":0,"enemies":"Gremlin Gang","floor":13,"turns":3},{"damage":30,"enemies":"Slime Boss","floor":16,"turns":7}],"seed_played":"-1622668125974332677","potions_obtained":[{"floor":1.0,"key":"PowerPotion"},{"floor":4.0,"key":"SneckoOil"},{"floor":8,"key":"LiquidBronze"},{"floor":12,"key":"Fire Potion"},{"floor":13,"key":"LiquidBronze"}],"is_trial":false,"path_per_floor":["M","?","?","M","M","E","R","M","T","R","M","?","M","?","R","B"],"character_chosen":"THE_SILENT","items_purchased":[],"campfire_rested":2,"item_purchase_floors":[],"current_hp_per_floor":[58,58,58,55,48,17,36,36,36,36,20,4,4,4,23,0],"gold":145,"neow_bonus":"ONE_RARE_RELIC","is_prod":false,"is_daily":false,"chose_seed":false,"campfire_upgraded":0,"win_rate":0,"timestamp":1559844774,"path_taken":["M","?","?","M","M","E","R","M","T","R","M","?","M","?","R","BOSS"],"build_version":"2019-01-23","purchased_purges":0,"victory":false,"max_hp_per_floor":[66,66,66,66,66,66,66,66,66,66,66,66,66,66,66,66],"card_choices":[{"not_picked":["Eviscerate","Concentrate"],"picked":"Noxious Fumes","floor":1.0},{"not_picked":["Backflip","Sucker Punch"],"picked":"Escape Plan","floor":4.0},{"not_picked":["Heel Hook","Dagger Spray"],"picked":"Bouncing Flask","floor":5.0},{"not_picked":["Dagger Throw","Storm of Steel"],"picked":"Infinite Blades","floor":6},{"not_picked":["Acrobatics","Deadly Poison"],"picked":"Footwork","floor":8},{"not_picked":["Flying Knee","Dodge and Roll"],"picked":"Dagger Spray","floor":11},{"not_picked":["Setup","Blade Dance"],"picked":"PiercingWail","floor":12},{"not_picked":["Poisoned Stab","Heel Hook","Eviscerate"],"picked":"SKIP","floor":13}],"player_experience":646613,"relics_obtained":[{"floor":6,"key":"FossilizedHelix"},{"floor":9,"key":"Bottled Flame"},{"floor":12,"key":"Odd Mushroom"}],"event_choices":[{"damage_healed":0.0,"max_hp_gain":0.0,"max_hp_loss":0.0,"gold_gain":0.0,"event_name":"The Cleric","player_choice":"Leave","floor":2.0,"gold_loss":0.0,"damage_taken":0.0},{"damage_healed":0.0,"max_hp_gain":0.0,"max_hp_loss":0.0,"gold_gain":0.0,"event_name":"Golden Idol","player_choice":"Ignored","floor":3.0,"gold_loss":0.0,"damage_taken":0.0},{"damage_healed":0,"gold_gain":0,"player_choice":"Fought Mushrooms","damage_taken":0,"max_hp_gain":0,"max_hp_loss":0,"event_name":"Mushrooms","floor":12,"gold_loss":0},{"damage_healed":0,"gold_gain":0,"player_choice":"Fled","damage_taken":0,"max_hp_gain":0,"max_hp_loss":0,"event_name":"Scrap Ooze","floor":14,"gold_loss":0}],"is_beta":false,"boss_relics":[],"items_purged_floors":[],"is_endless":false,"potions_floor_spawned":[1,4,8,12,13],"killed_by":"Slime Boss","ascension_level":18}