{"gold_per_floor":[109,121,141,141,141,141,174,174,198,198,153],"floor_reached":11,"playtime":377,"items_purged":[],"score":99,"play_id":"e1f1ddf7-e651-40f4-bd22-5887e90e9d4a","local_time":"20181213000239","is_ascension_mode":true,"campfire_choices":[{"data":"Zap","floor":6,"key":"SMITH"},{"data":"Dualcast","floor":8,"key":"SMITH"},{"data":"Echo Form","floor":10,"key":"SMITH"}],"neow_cost":"NONE","seed_source_timestamp":20610774938543,"circlet_count":0,"master_deck":["Strike_B","Strike_B","Defend_B","Defend_B","Defend_B","Zap+1","Dualcast+1","Echo Form+1","BootSequence","Steam","Conserve Battery","Ball Lightning"],"relics":["Cracked Core","Art of War","Orichalcum"],"potions_floor_usage":[11],"damage_taken":[{"damage":2,"enemies":"Jaw Worm","floor":1,"turns":4},{"damage":1,"enemies":"Cultist","floor":2,"turns":3},{"damage":2,"enemies":"Small Slimes","floor":3,"turns":5},{"damage":46,"enemies":"Gremlin Nob","floor":7,"turns":6},{"damage":19,"enemies":"Exordium Thugs","floor":11,"turns":4}],"seed_played":"1822139932430138905","potions_obtained":[{"floor":3,"key":"Poison Potion"}],"is_trial":false,"path_per_floor":["M","M","M","?","?","R","E","R","T","R","M"],"character_chosen":"DEFECT","items_purchased":[],"campfire_rested":0,"item_purchase_floors":[],"current_hp_per_floor":[66,65,63,63,63,63,17,17,17,17,0],"gold":153,"neow_bonus":"TRANSFORM_CARD","is_prod":false,"is_daily":false,"chose_seed":false,"campfire_upgraded":3,"win_rate":0,"timestamp":1544630559,"path_taken":["M","M","M","?","?","R","E","R","T","R","M"],"build_version":"2018-12-06","purchased_purges":0,"victory":false,"max_hp_per_floor":[75,75,75,75,75,75,75,75,75,75,75],"card_choices":[{"not_picked":["Coolheaded","Aggregate"],"picked":"BootSequence","floor":1},{"not_picked":["Glacier","Sweeping Beam"],"picked":"Steam","floor":2},{"not_picked":["Redo","Cold Snap"],"picked":"Conserve Battery","floor":3},{"not_picked":["Cold Snap","Reprogram"],"picked":"Ball Lightning","floor":7}],"player_experience":552614,"relics_obtained":[{"floor":7,"key":"Art of War"},{"floor":9,"key":"Orichalcum"}],"event_choices":[{"cards_removed":["Defend_B"],"damage_healed":0,"gold_gain":0,"player_choice":"Forget","damage_taken":0,"max_hp_gain":0,"max_hp_loss":0,"event_name":"Living Wall","floor":4,"gold_loss":0},{"cards_removed":["Strike_B"],"damage_healed":0,"gold_gain":0,"player_choice":"Purged","damage_taken":0,"max_hp_gain":0,"max_hp_loss":0,"event_name":"Purifier","floor":5,"gold_loss":0}],"is_beta":false,"boss_relics":[],"items_purged_floors":[],"is_endless":false,"potions_floor_spawned":[3],"killed_by":"Exordium Thugs","ascension_level":8}