{"gold_per_floor":[19,34,51,65,65,65,96,46,46,46,64,64,89,89,89,210,210,235,235,260,210,210,210,221,221,221,235,235,246,246],"floor_reached":30,"playtime":1704,"items_purged":["Strike_R"],"score":267,"play_id":"fae239dd-699b-4ba7-a120-d1be71345e97","local_time":"20180805083102","is_ascension_mode":true,"campfire_choices":[{"data":"Armaments","floor":6,"key":"SMITH"},{"floor":12,"key":"REST"},{"floor":15,"key":"REST"},{"data":"Seeing Red","floor":23,"key":"SMITH"}],"neow_cost":"NO_GOLD","seed_source_timestamp":234107782005388,"circlet_count":0,"master_deck":["Defend_R","Defend_R","Defend_R","Defend_R","Bash","Clash","Thunderclap","Armaments+1","Flex","Warcry","Infernal Blade","Inflame","Feed","Shrug It Off","Seeing Red+1","Ghostly Armor","Body Slam+1","Spot Weakness","Writhe","Headbutt+1"],"relics":["Burning Blood","Vajra","Smiling Mask","Bloody Idol","FaceOfCleric","Sozu","Nilry\u0027s Codex","Gremlin Horn","Molten Egg 2"],"potions_floor_usage":[4,16],"damage_taken":[{"damage":15,"enemies":"Cultist","floor":1,"turns":5},{"damage":7,"enemies":"Jaw Worm","floor":2,"turns":2},{"damage":0,"enemies":"2 Louse","floor":3,"turns":3},{"damage":13,"enemies":"Exordium Thugs","floor":4,"turns":7},{"damage":19,"enemies":"Lagavulin","floor":7,"turns":7},{"damage":25,"enemies":"Large Slime","floor":11,"turns":4},{"damage":6,"enemies":"Looter","floor":13,"turns":2},{"damage":52,"enemies":"Hexaghost","floor":16,"turns":11},{"damage":18,"enemies":"2 Thieves","floor":18,"turns":3},{"damage":18,"enemies":"3 Byrds","floor":20,"turns":5},{"damage":16,"enemies":"Centurion and Healer","floor":24,"turns":7},{"damage":20,"enemies":"Snake Plant","floor":27,"turns":3},{"damage":24,"enemies":"Cultist and Chosen","floor":29,"turns":6},{"damage":24,"enemies":"Snecko","floor":30,"turns":4}],"seed_played":"1680453724568364180","potions_obtained":[{"floor":2,"key":"EssenceOfSteel"},{"floor":11,"key":"EssenceOfSteel"}],"is_trial":false,"path_per_floor":["M","M","M","M","?","R","E","?","T","?","M","R","M","?","R","B",null,"M","?","M","$","?","R","M","?","T","M","?","M"],"character_chosen":"IRONCLAD","items_purchased":[],"campfire_rested":2,"item_purchase_floors":[],"current_hp_per_floor":[71,70,76,69,62,62,49,49,49,29,10,34,34,34,58,13,81,74,74,63,63,63,63,59,43,43,35,35,23,0],"gold":246,"neow_bonus":"REMOVE_TWO","is_prod":false,"is_daily":false,"chose_seed":false,"campfire_upgraded":2,"win_rate":0,"timestamp":1533429062,"path_taken":["M","M","M","?","?","R","E","?","T","?","M","R","?","?","R","BOSS","M","?","M","$","?","R","M","?","T","?","?","M","M"],"build_version":"2018-08-02","purchased_purges":1,"victory":false,"max_hp_per_floor":[80,80,80,80,80,80,80,80,80,80,80,80,80,80,80,81,81,86,86,87,87,87,87,88,88,88,89,89,90,90],"card_choices":[{"not_picked":["Headbutt","Power Through"],"picked":"Clash","floor":1},{"not_picked":["Headbutt","Clothesline"],"picked":"Thunderclap","floor":2},{"not_picked":["Pommel Strike","Flex"],"picked":"Armaments","floor":3},{"not_picked":["True Grit","Pommel Strike"],"picked":"Flex","floor":4},{"not_picked":["Power Through","Thunderclap"],"picked":"Warcry","floor":7},{"not_picked":["Shockwave","Clothesline"],"picked":"Infernal Blade","floor":11},{"not_picked":["Headbutt","Limit Break"],"picked":"Inflame","floor":13},{"not_picked":["Double Tap","Immolate"],"picked":"Feed","floor":16},{"not_picked":["Cleave","Rupture"],"picked":"Shrug It Off","floor":18},{"not_picked":["Power Through+1","Shrug It Off"],"picked":"Ghostly Armor","floor":20},{"not_picked":["Cleave+1","Twin Strike"],"picked":"Body Slam+1","floor":24},{"not_picked":["Warcry","Clothesline"],"picked":"Spot Weakness","floor":27},{"not_picked":["Wild Strike+1","Armaments+1"],"picked":"Headbutt+1","floor":29}],"player_experience":318097,"relics_obtained":[{"floor":7,"key":"Vajra"},{"floor":9,"key":"Smiling Mask"},{"floor":25,"key":"Nilry\u0027s Codex"},{"floor":26,"key":"Gremlin Horn"}],"event_choices":[{"event_name":"Golden Wing","player_choice":"Card Removal","floor":5,"damage_taken":0},{"event_name":"The Cleric","player_choice":"Card Removal","floor":8,"damage_taken":0},{"event_name":"Golden Idol","player_choice":"Take Damage","floor":10,"damage_taken":0},{"event_name":"FaceTrader","player_choice":"Trade","floor":14,"damage_taken":0},{"event_name":"The Library","player_choice":"Read","floor":19,"damage_taken":0},{"event_name":"Forgotten Altar","player_choice":"Gave Idol","floor":22,"damage_taken":0},{"event_name":"Cursed Tome","player_choice":"Obtained Book","floor":25,"damage_taken":0},{"event_name":"The Mausoleum","player_choice":"Yes","floor":28,"damage_taken":0}],"is_beta":false,"boss_relics":[{"not_picked":["Coffee Dripper","Busted Crown"],"picked":"Sozu"}],"items_purged_floors":[21],"is_endless":false,"potions_floor_spawned":[2,11,18,20,27],"killed_by":"Snecko","ascension_level":3}