{"path_per_floor":["M","?","M","M","$","R","$","E","T","R","?","?","R","?","R","B",null,"M","M","$","M","M","R","M","$","T","R","M","R","?","M","R","B",null,"M","?","?","?","?","R","M","R","T","?","M","?","$","M","R","B"],"character_chosen":"THE_SILENT","items_purchased":["Oddly Smooth Stone","Footwork","Pen Nib"],"gold_per_floor":[114,114,134,154,79,79,79,108,108,108,108,208,208,208,208,306,306,323,336,16,35,47,47,57,57,84,84,102,102,102,116,116,212,212,231,231,231,231,231,231,250,250,304,304,324,324,53,65,65,65],"floor_reached":51,"campfire_rested":4,"playtime":4000,"current_hp_per_floor":[70,63,58,58,58,58,58,33,33,54,40,40,40,63,63,22,58,58,30,30,20,15,36,36,36,36,57,46,46,46,46,46,1,53,39,57,57,57,57,57,44,65,65,65,65,65,65,65,65,33],"items_purged":["Survivor","Strike_G","Writhe"],"gold":65,"score":554,"play_id":"3512f4d8-7eae-497e-b4a9-52d29ffcf7e7","is_prod":false,"is_daily":false,"is_ascension_mode":true,"campfire_upgraded":7,"path_taken":["M","?","?","M","?","R","$","E","T","R","?","?","R","?","R","BOSS","M","M","$","M","M","R","M","$","T","R","M","R","?","M","R","BOSS","M","?","?","?","?","R","M","R","T","?","M","?","$","M","R","BOSS"],"build_version":"2018-02-22-PROD1","purchased_purges":3,"victory":true,"master_deck":["Defend_G+1","Defend_G+1","Defend_G+1","Defend_G+1","Neutralize+1","Acrobatics+1","Adrenaline","Tactician+1","Leg Sweep+1","Caltrops+1","Dagger Throw+1","Bouncing Flask+1","Prepared+1","Flying Knee+1","Backflip+1","Die Die Die","Expertise+1","Backflip+1","Deadly Poison+1"],"max_hp_per_floor":[70,70,70,70,70,70,70,70,70,70,70,70,70,70,70,70,70,70,70,70,70,70,70,70,70,70,70,70,70,70,70,70,70,70,70,70,70,70,70,70,70,70,70,70,70,70,70,70,70,70],"relics":["Ring of the Snake","Juzu Bracelet","Astrolabe","Oddly Smooth Stone","Happy Flower","Sozu","Art of War","Pen Nib"],"card_choices":[{"not_picked":["Expertise","Calculated Gamble"],"picked":"Acrobatics"},{"not_picked":["Phantasmal Killer","Storm of Steel"],"picked":"Adrenaline"},{"not_picked":["Acrobatics","Dodge and Roll"],"picked":"Dagger Throw"},{"not_picked":["Bane","Slice"],"picked":"Bouncing Flask"},{"not_picked":["Poisoned Stab","Dash"],"picked":"Prepared"},{"not_picked":["Underhanded Strike","Infinite Blades"],"picked":"Flying Knee"},{"not_picked":["Dagger Spray","Slice"],"picked":"Flying Knee"},{"not_picked":["A Thousand Cuts","Predator"],"picked":"Backflip"},{"not_picked":["Glass Knife","Wraith Form"],"picked":"Die Die Die"},{"not_picked":["Heel Hook","Infinite Blades"],"picked":"Expertise"},{"not_picked":["Cloak And Dagger","Deadly Poison"],"picked":"Backflip"},{"not_picked":["Bouncing Flask","Storm of Steel"],"picked":"Deadly Poison"}],"player_experience":162743,"potions_floor_usage":[8,16,24,33],"damage_taken":[{"damage":0,"enemies":"2 Louse","floor":1,"turns":2},{"damage":5,"enemies":"Jaw Worm","floor":3,"turns":6},{"damage":0,"enemies":"Cultist","floor":4,"turns":4},{"damage":25,"enemies":"3 Sentries","floor":8,"turns":10},{"damage":41,"enemies":"The Guardian","floor":16,"turns":23},{"damage":0,"enemies":"3 Byrds","floor":18,"turns":2},{"damage":28,"enemies":"Chosen","floor":19,"turns":6},{"damage":10,"enemies":"Centurion and Healer","floor":21,"turns":24},{"damage":5,"enemies":"Snake Plant","floor":22,"turns":3},{"damage":0,"enemies":"Cultist and Chosen","floor":24,"turns":7},{"damage":11,"enemies":"Centurion and Healer","floor":28,"turns":9},{"damage":0,"enemies":"Snake Plant","floor":31,"turns":4},{"damage":45,"enemies":"Automaton","floor":33,"turns":14},{"damage":14,"enemies":"3 Darklings","floor":35,"turns":4},{"damage":13,"enemies":"3 Shapes","floor":41,"turns":5},{"damage":0,"enemies":"Maw","floor":45,"turns":8},{"damage":0,"enemies":"3 Darklings","floor":48,"turns":3},{"damage":32,"enemies":"Awakened One","floor":50,"turns":19}],"event_choices":[{"event_name":"Golden Wing","player_choice":"Card Removal","floor":2,"damage_taken":0},{"event_name":"Shining Light","player_choice":"Entered Light","floor":11,"damage_taken":0},{"event_name":"Golden Shrine","player_choice":"Pray","floor":12,"damage_taken":0},{"event_name":"Big Fish","player_choice":"Banana","floor":14,"damage_taken":0},{"event_name":"Back to Basics","player_choice":"Elegance","floor":30,"damage_taken":0},{"event_name":"Winding Halls","player_choice":"Writhe","floor":36,"damage_taken":0},{"event_name":"Tomb of Lord Red Mask","player_choice":"Ignored","floor":37,"damage_taken":0},{"event_name":"Mysterious Sphere","player_choice":"Ignore","floor":39,"damage_taken":0},{"event_name":"Bonfire Elementals","player_choice":"BASIC","floor":44,"damage_taken":0},{"event_name":"The Lab","player_choice":"Got Potions","floor":46,"damage_taken":0}],"boss_relics":[{"not_picked":["Lizard Tail","The Specimen"],"picked":"Astrolabe"},{"not_picked":["Calling Bell","Cursed Key"],"picked":"Sozu"}],"potions_floor_spawned":[4,8,18,21,22,35,48],"seed_played":"-5746137072898660779","ascension_level":5,"is_trial":false}