{"gold_per_floor":[118,133,146,71,71,71,91,118,145,145,165,165,193,41,41,118,118,128,128,147,224,224,252,262,262,262,274,149,184,204,204,204,204],"floor_reached":33,"playtime":1318,"items_purged":["Strike_R","Strike_R","Defend_R"],"score":527,"play_id":"77563032-70cc-4fbe-90c7-1ce91b335795","local_time":"20181220150749","is_ascension_mode":true,"campfire_choices":[{"data":"Whirlwind","floor":6,"key":"SMITH"},{"data":"Rampage","floor":10,"key":"SMITH"},{"data":"Defend_R","floor":12,"key":"SMITH"},{"floor":15,"key":"REST"},{"data":"Ghostly Armor","floor":25,"key":"SMITH"},{"data":"Immolate","floor":32,"key":"SMITH"}],"neow_cost":"NONE","seed_source_timestamp":678781464422140,"circlet_count":0,"master_deck":["AscendersBane","Defend_R","Defend_R","Defend_R+1","Bash+1","Whirlwind+1","Rampage+1","Immolate+1","Ghostly Armor+1","Ghostly Armor+1","Body Slam+1","Flame Barrier+1","Bite","Bite","Bite","Bite","Bite"],"relics":["Burning Blood","Red Skull","Boot","Anchor","Velvet Choker","Dodecahedron","Charon\u0027s Ashes","Self Forming Clay","Regal Pillow"],"potions_floor_usage":[2,16],"damage_taken":[{"damage":3,"enemies":"2 Louse","floor":1,"turns":4},{"damage":1,"enemies":"Cultist","floor":2,"turns":4},{"damage":2,"enemies":"Jaw Worm","floor":3,"turns":3},{"damage":10,"enemies":"Exordium Wildlife","floor":7,"turns":4},{"damage":32,"enemies":"Gremlin Nob","floor":8,"turns":4},{"damage":7,"enemies":"Looter","floor":11,"turns":3},{"damage":32,"enemies":"Lagavulin","floor":13,"turns":5},{"damage":36,"enemies":"Slime Boss","floor":16,"turns":9},{"damage":0,"enemies":"3 Byrds","floor":18,"turns":2},{"damage":4,"enemies":"2 Thieves","floor":20,"turns":2},{"damage":18,"enemies":"Gremlin Leader","floor":23,"turns":7},{"damage":17,"enemies":"Shelled Parasite and Fungi","floor":24,"turns":7},{"damage":8,"enemies":"Centurion and Healer","floor":27,"turns":7},{"damage":2,"enemies":"Slavers","floor":29,"turns":4},{"damage":0,"enemies":"Cultist and Chosen","floor":30,"turns":4},{"damage":100,"enemies":"Champ","floor":33,"turns":10}],"seed_played":"-2410916863761456195","potions_obtained":[{"floor":1,"key":"Fire Potion"},{"floor":8,"key":"Dexterity Potion"},{"floor":16,"key":"Explosive Potion"},{"floor":18,"key":"PowerPotion"},{"floor":23,"key":"FairyPotion"}],"is_trial":false,"path_per_floor":["M","M","M","$","?","R","M","E","T","R","M","R","E","$","R","B",null,"M","?","M","T","?","E","M","R","T","M","$","E","M","?","R","B"],"character_chosen":"IRONCLAD","items_purchased":["Explosive Potion"],"campfire_rested":1,"item_purchase_floors":[14],"current_hp_per_floor":[71,75,75,75,75,75,71,45,45,45,44,44,18,18,40,10,59,65,65,67,67,67,55,44,44,44,42,42,46,52,52,52,0],"gold":204,"neow_bonus":"UPGRADE_CARD","is_prod":false,"is_daily":false,"chose_seed":false,"campfire_upgraded":5,"win_rate":0,"timestamp":1545289669,"path_taken":["M","M","M","$","?","R","?","E","T","R","M","R","E","$","R","BOSS","M","?","M","?","?","E","?","R","T","?","$","E","M","?","R","BOSS"],"build_version":"2018-12-13","purchased_purges":3,"victory":false,"max_hp_per_floor":[75,75,75,75,75,75,75,75,75,75,75,75,75,75,75,75,75,75,75,75,75,75,75,75,75,75,75,75,75,75,52,52,52],"card_choices":[{"not_picked":["Metallicize","Iron Wave"],"picked":"Whirlwind","floor":1},{"not_picked":["Pummel","True Grit"],"picked":"Rampage","floor":2},{"not_picked":["Body Slam","Sentinel","Thunderclap"],"picked":"SKIP","floor":3},{"not_picked":["Clash","Heavy Blade","Thunderclap"],"picked":"SKIP","floor":7},{"not_picked":["Shrug It Off","Body Slam","Whirlwind"],"picked":"SKIP","floor":8},{"not_picked":["Flex","Corruption","Thunderclap"],"picked":"SKIP","floor":11},{"not_picked":["Searing Blow","Fire Breathing","Bludgeon"],"picked":"SKIP","floor":13},{"not_picked":["Juggernaut","Bludgeon"],"picked":"Immolate","floor":16},{"not_picked":["Blood for Blood","Clothesline","Wild Strike"],"picked":"SKIP","floor":18},{"not_picked":["Wild Strike","Clash"],"picked":"Ghostly Armor","floor":20},{"not_picked":["Twin Strike","Wild Strike","Havoc"],"picked":"SKIP","floor":23},{"not_picked":["Feel No Pain","Headbutt"],"picked":"Body Slam+1","floor":24},{"not_picked":["Dual Wield","Power Through","Havoc"],"picked":"SKIP","floor":27},{"not_picked":["Shrug It Off","Corruption"],"picked":"Flame Barrier+1","floor":29},{"not_picked":["Uppercut+1","Rupture","Second Wind"],"picked":"SKIP","floor":30}],"player_experience":599465,"relics_obtained":[{"floor":8,"key":"Red Skull"},{"floor":9,"key":"Boot"},{"floor":13,"key":"Anchor"},{"floor":21,"key":"Dodecahedron"},{"floor":23,"key":"Charon\u0027s Ashes"},{"floor":26,"key":"Self Forming Clay"},{"floor":29,"key":"Regal Pillow"}],"event_choices":[{"cards_removed":["Strike_R"],"damage_healed":0,"gold_gain":0,"player_choice":"Purged","damage_taken":0,"max_hp_gain":0,"max_hp_loss":0,"event_name":"Purifier","floor":5,"gold_loss":0},{"damage_healed":0,"gold_gain":0,"player_choice":"Read","damage_taken":0,"max_hp_gain":0,"max_hp_loss":0,"event_name":"The Library","floor":19,"gold_loss":0,"cards_obtained":["Ghostly Armor"]},{"damage_healed":0,"gold_gain":0,"player_choice":"Upgraded","damage_taken":0,"max_hp_gain":0,"max_hp_loss":0,"event_name":"Upgrade Shrine","floor":22,"gold_loss":0,"cards_upgraded":["Ghostly Armor"]},{"damage_healed":0,"gold_gain":0,"player_choice":"Became a vampire","damage_taken":0,"max_hp_gain":0,"max_hp_loss":23,"event_name":"Vampires","floor":31,"gold_loss":0,"cards_obtained":["Bite","Bite","Bite","Bite","Bite"]}],"is_beta":false,"boss_relics":[{"not_picked":["Empty Cage","Pandora\u0027s Box"],"picked":"Velvet Choker"}],"items_purged_floors":[4,14,28],"is_endless":false,"potions_floor_spawned":[1,8,16,18,23,27],"killed_by":"Champ","ascension_level":14}