{"path_per_floor":["M","M","$","M","M","R","?","?","T","E","M","R","?","M","R","B",null,"M","M","$","M","?","E","R","M","T","M","R","?","R","M","R","B",null,"M","$","M","$","?","R","M","?","T","M","M","R","?","M","R","B"],"character_chosen":"DEFECT","items_purchased":["Rebound","Stack","Defragment","Regen Potion","Dexterity Potion","Vajra","Cold Snap"],"gold_per_floor":[112,123,123,138,154,154,111,76,103,131,142,142,142,152,152,251,251,270,288,191,202,202,232,232,246,246,266,266,266,266,280,280,375,375,386,60,79,54,54,54,69,0,0,13,33,33,33,49,49,49],"floor_reached":51,"campfire_rested":5,"playtime":22909,"current_hp_per_floor":[68,68,68,64,57,57,57,75,75,75,71,71,71,71,71,54,75,57,53,53,53,37,22,46,34,34,34,58,58,58,58,58,13,65,50,50,38,38,38,62,61,61,61,58,37,61,61,36,60,49],"items_purged":[],"gold":49,"score":1059,"play_id":"c9c3408d-e662-4624-ba8c-22244f8e9182","local_time":"20180506213924","is_prod":false,"is_daily":false,"chose_seed":false,"is_ascension_mode":true,"campfire_upgraded":5,"timestamp":1525660764,"path_taken":["M","M","$","M","M","R","?","?","T","E","M","R","?","M","R","BOSS","M","M","$","M","?","E","R","?","T","M","R","?","R","M","R","BOSS","M","?","M","$","?","R","?","?","T","?","M","R","?","M","R","BOSS"],"build_version":"2018-05-03","seed_source_timestamp":734533646618772,"purchased_purges":2,"victory":true,"master_deck":["Zap+1","Dualcast","AscendersBane","Sweeping Beam","Skim","Chill","Capacitor","Conserve Battery","Streamline","Impulse","Leap","Glacier+1","Cold Snap","Blizzard+1","Ball Lightning+1","Ball Lightning","Creative AI+1","Leap+1","Leap","Rebound","Stack","Go for the Eyes","Chill","Leap+1","Reprogram","Seek","Sweeping Beam+1","Defragment","Glacier","Cold Snap","Conserve Battery+1","Stack","Barrage+1"],"max_hp_per_floor":[75,75,75,75,75,75,75,75,75,75,75,75,82,82,82,82,82,82,82,82,82,82,82,82,82,82,82,82,82,82,82,82,82,82,82,82,82,82,82,82,82,82,82,82,82,82,82,82,82,82],"relics":["Pandora\u0027s Box","Orichalcum","Lantern","Strawberry","Cursed Key","Nilry\u0027s Codex","Bottled Flame","Runic Dome","Vajra","Red Mask"],"card_choices":[{"not_picked":["Chill","Self Repair"],"picked":"Leap","floor":1},{"not_picked":["Meteor Strike","Hologram"],"picked":"Glacier","floor":4},{"not_picked":["Skim","Consume"],"picked":"Cold Snap","floor":5},{"not_picked":["Consume","Static Discharge"],"picked":"Blizzard","floor":10},{"not_picked":["Stack","Coolheaded"],"picked":"Ball Lightning","floor":11},{"not_picked":["Coolheaded","Auto Shields"],"picked":"Ball Lightning","floor":14},{"not_picked":["Amplify","Rainbow"],"picked":"Creative AI","floor":16},{"not_picked":["Coolheaded","White Noise"],"picked":"Leap","floor":18},{"not_picked":["Aggregate","Barrage"],"picked":"Leap","floor":19},{"not_picked":["Melter","Static Discharge"],"picked":"Go for the Eyes","floor":21},{"not_picked":["Beam Cell","Cold Snap"],"picked":"Chill","floor":23},{"not_picked":["Stack","Rebound"],"picked":"Leap","floor":25},{"not_picked":["Meteor Strike","Fission"],"picked":"Seek","floor":33},{"not_picked":["Self Repair","Rebound"],"picked":"Sweeping Beam","floor":35},{"not_picked":["Leap","Storm"],"picked":"Glacier","floor":37},{"not_picked":["Barrage","Darkness"],"picked":"Conserve Battery","floor":41},{"not_picked":["Heatsinks","Gash"],"picked":"Stack","floor":45},{"not_picked":["Chaos","Capacitor"],"picked":"Barrage","floor":48}],"player_experience":158301,"potions_floor_usage":[16,23,25,33,37,50,50,50],"damage_taken":[{"damage":0,"enemies":"2 Louse","floor":1,"turns":3},{"damage":0,"enemies":"Small Slimes","floor":2,"turns":3},{"damage":4,"enemies":"Jaw Worm","floor":4,"turns":5},{"damage":7,"enemies":"Exordium Thugs","floor":5,"turns":6},{"damage":0,"enemies":"3 Sentries","floor":10,"turns":9},{"damage":4,"enemies":"Blue Slaver","floor":11,"turns":5},{"damage":0,"enemies":"Large Slime","floor":14,"turns":5},{"damage":17,"enemies":"Slime Boss","floor":16,"turns":7},{"damage":18,"enemies":"Shell Parasite","floor":18,"turns":7},{"damage":4,"enemies":"3 Byrds","floor":19,"turns":4},{"damage":0,"enemies":"Centurion and Healer","floor":21,"turns":7},{"damage":15,"enemies":"Gremlin Leader","floor":23,"turns":11},{"damage":12,"enemies":"Cultist and Chosen","floor":25,"turns":7},{"damage":0,"enemies":"3 Cultists","floor":27,"turns":5},{"damage":0,"enemies":"Snecko","floor":31,"turns":5},{"damage":45,"enemies":"Collector","floor":33,"turns":14},{"damage":15,"enemies":"Flame Bruiser 1 Orb","floor":35,"turns":6},{"damage":24,"enemies":"3 Darklings","floor":37,"turns":5},{"damage":1,"enemies":"4 Shapes","floor":41,"turns":3},{"damage":3,"enemies":"Flame Bruiser 2 Orb","floor":44,"turns":6},{"damage":21,"enemies":"Maw","floor":45,"turns":10},{"damage":25,"enemies":"Spire Growth","floor":48,"turns":7},{"damage":11,"enemies":"Awakened One","floor":50,"turns":18}],"event_choices":[{"event_name":"World of Goop","player_choice":"Left","floor":7,"damage_taken":0},{"event_name":"The Cleric","player_choice":"Healed","floor":8,"damage_taken":0},{"event_name":"Scrap Ooze","player_choice":"success","floor":13,"damage_taken":7},{"event_name":"Cursed Tome","player_choice":"Obtained Book","floor":22,"damage_taken":0},{"event_name":"Transmorgrifier","player_choice":"Transform","floor":29,"damage_taken":0},{"event_name":"Mysterious Sphere","player_choice":"Ignore","floor":39,"damage_taken":0},{"event_name":"Tomb of Lord Red Mask","player_choice":"Paid","floor":42,"damage_taken":0},{"event_name":"SecretPortal","player_choice":"Rejected Portal.","floor":47,"damage_taken":0}],"boss_relics":[{"not_picked":["Orrery","White Beast Statue"],"picked":"Cursed Key"},{"not_picked":["Inserter","Eternal Feather"],"picked":"Runic Dome"}],"potions_floor_spawned":[4,14,16,18,19,23,37,41,44,48],"seed_played":"-7201364806895421767","ascension_level":12,"is_trial":false}