{"path_per_floor":["M","$","?","$","M","R","M","R","T","R","M","M","M","$","R","B",null,"M","?","?","M","?","R","M","M","T","$","R","$","?","M","R"],"character_chosen":"THE_SILENT","items_purchased":["Noxious Fumes","Leg Sweep"],"gold_per_floor":[113,38,38,38,55,55,67,67,67,67,86,100,112,33,33,107,107,32,32,32,43,43,43,56,75,155,76,76,76,76,87,87],"floor_reached":33,"campfire_rested":2,"playtime":1658,"current_hp_per_floor":[59,59,52,52,48,48,58,58,58,58,56,56,56,56,56,34,56,56,56,56,52,52,52,51,33,33,33,51,51,51,21,39],"items_purged":["Parasite"],"gold":87,"score":400,"play_id":"2758b0b0-9fac-42bd-bec7-39a895c33f24","local_time":"20180322122316","is_prod":false,"is_daily":false,"is_ascension_mode":true,"campfire_upgraded":5,"timestamp":1521739396,"path_taken":["M","$","?","$","M","R","M","R","T","R","M","?","M","?","R","BOSS","M","?","?","M","?","R","M","M","T","$","R","$","?","M","R","BOSS"],"build_version":"2018-03-15v3","purchased_purges":1,"victory":false,"master_deck":["Defend_G","Defend_G","Defend_G","Defend_G","Strike_G","Survivor","Neutralize+1","Backflip+1","Blur+1","Noxious Fumes+1","Backflip+1","Phantasmal Killer+1","Concentrate+1","Bouncing Flask+1","Leg Sweep"],"max_hp_per_floor":[66,63,63,63,63,63,63,63,63,63,63,63,63,63,63,63,63,63,63,63,63,63,63,63,63,63,63,63,63,63,63,63],"relics":["Ring of the Snake","Tough Bandages","Astrolabe","Gremlin Horn"],"card_choices":[{"not_picked":["Sucker Punch","Dagger Throw"],"picked":"Backflip"},{"not_picked":["Catalyst","Poisoned Stab"],"picked":"Blur"},{"not_picked":["Slice","Terror"],"picked":"Bouncing Flask"}],"player_experience":325123,"potions_floor_usage":[7,13,33],"damage_taken":[{"damage":0,"enemies":"2 Louse","floor":1,"turns":3},{"damage":4,"enemies":"Small Slimes","floor":5,"turns":4},{"damage":2,"enemies":"Jaw Worm","floor":7,"turns":6},{"damage":2,"enemies":"Red Slaver","floor":11,"turns":6},{"damage":0,"enemies":"Blue Slaver","floor":12,"turns":5},{"damage":0,"enemies":"2 Fungi Beasts","floor":13,"turns":3},{"damage":22,"enemies":"Hexaghost","floor":16,"turns":13},{"damage":0,"enemies":"2 Thieves","floor":18,"turns":5},{"damage":4,"enemies":"Shell Parasite","floor":21,"turns":9},{"damage":1,"enemies":"Snecko","floor":24,"turns":5},{"damage":18,"enemies":"Snake Plant","floor":25,"turns":5},{"damage":30,"enemies":"Cultist and Chosen","floor":31,"turns":6},{"damage":40,"enemies":"Collector","floor":33,"turns":5}],"event_choices":[{"event_name":"Golden Wing","player_choice":"Card Removal","floor":3,"damage_taken":0},{"event_name":"Beggar","player_choice":"Ignored","floor":19,"damage_taken":0},{"event_name":"Addict","player_choice":"Ignored","floor":20,"damage_taken":0},{"event_name":"Purifier","player_choice":"One Purge","floor":22,"damage_taken":0},{"event_name":"Drug Dealer","player_choice":"Ignored","floor":30,"damage_taken":0}],"boss_relics":[{"not_picked":["Calling Bell","The Specimen"],"picked":"Astrolabe"}],"potions_floor_spawned":[5,7,21],"seed_played":"-1785109332095603088","killed_by":"Collector","ascension_level":14,"is_trial":false}