{"gold_per_floor":[110,35,35,35,35,35,70,70,70,87,97,117,144,44,44,44],"floor_reached":16,"playtime":522,"items_purged":["Strike_R","Strike_R"],"score":206,"play_id":"1411997f-a05e-445f-a573-b983020e283a","local_time":"20181208232727","is_ascension_mode":true,"campfire_choices":[{"data":"Defend_R","floor":6,"key":"SMITH"},{"data":"Rampage","floor":8,"key":"SMITH"},{"data":"Defend_R","floor":15,"key":"SMITH"}],"neow_cost":"NONE","seed_source_timestamp":487829499576330,"circlet_count":0,"master_deck":["AscendersBane","Strike_R","Strike_R","Defend_R+1","Defend_R+1","Defend_R","Defend_R","Bash+1","Rampage+1"],"relics":["Burning Blood","NeowsBlessing","Pen Nib","Pear","Potion Belt"],"potions_floor_usage":[13,13,16],"damage_taken":[{"damage":0,"enemies":"2 Louse","floor":1,"turns":1},{"damage":0,"enemies":"3 Sentries","floor":7,"turns":2},{"damage":0,"enemies":"Small Slimes","floor":10,"turns":2},{"damage":6,"enemies":"Cultist","floor":11,"turns":3},{"damage":23,"enemies":"Lots of Slimes","floor":12,"turns":6},{"damage":10,"enemies":"Lagavulin","floor":13,"turns":5},{"damage":71,"enemies":"Hexaghost","floor":16,"turns":11}],"seed_played":"-3889017414453389220","potions_obtained":[{"floor":10,"key":"EssenceOfSteel"},{"floor":11,"key":"Strength Potion"},{"floor":12,"key":"Poison Potion"},{"floor":13,"key":"Explosive Potion"}],"is_trial":false,"path_per_floor":["M","$","?","?","$","R","E","R","T","M","M","M","E","$","R","B"],"character_chosen":"IRONCLAD","items_purchased":[],"campfire_rested":0,"item_purchase_floors":[],"current_hp_per_floor":[78,78,78,78,78,78,80,80,90,90,90,73,69,69,69,0],"gold":44,"neow_bonus":"THREE_ENEMY_KILL","is_prod":false,"is_daily":false,"chose_seed":false,"campfire_upgraded":3,"win_rate":0,"timestamp":1544282847,"path_taken":["M","$","?","?","$","R","E","R","T","?","M","M","E","?","R","BOSS"],"build_version":"2018-12-06","purchased_purges":2,"victory":false,"max_hp_per_floor":[80,80,80,80,80,80,80,80,90,90,90,90,90,90,90,90],"card_choices":[{"not_picked":["True Grit","Iron Wave","Armaments"],"picked":"SKIP","floor":1},{"not_picked":["Sever Soul","Rupture"],"picked":"Rampage","floor":7},{"not_picked":["Clash","Reckless Charge","Metallicize"],"picked":"SKIP","floor":10},{"not_picked":["Barricade","Anger","Whirlwind"],"picked":"SKIP","floor":11},{"not_picked":["Body Slam","Clash","Combust"],"picked":"SKIP","floor":12},{"not_picked":["Iron Wave","Rage","Fire Breathing"],"picked":"SKIP","floor":13}],"player_experience":510110,"relics_obtained":[{"floor":7,"key":"Pen Nib"},{"floor":9,"key":"Pear"},{"floor":13,"key":"Potion Belt"}],"event_choices":[{"cards_removed":["Strike_R"],"damage_healed":0,"gold_gain":0,"player_choice":"Forget","damage_taken":0,"max_hp_gain":0,"max_hp_loss":0,"event_name":"Living Wall","floor":3,"gold_loss":0},{"damage_healed":0,"gold_gain":0,"player_choice":"Upgraded","damage_taken":0,"max_hp_gain":0,"max_hp_loss":0,"event_name":"Upgrade Shrine","floor":4,"gold_loss":0,"cards_upgraded":["Bash"]}],"is_beta":false,"boss_relics":[],"items_purged_floors":[2,14],"is_endless":false,"potions_floor_spawned":[10,11,12,13],"killed_by":"Hexaghost","ascension_level":11}