{"gold_per_floor":[114,114,129,54,67,67,67,67,94,94,124,142,158,170,170,170],"floor_reached":16,"playtime":583,"items_purged":["Strike_R"],"score":122,"play_id":"7a500d0b-aba9-4688-b565-b26bb8590733","local_time":"20180810192943","is_ascension_mode":true,"campfire_choices":[{"data":"Sever Soul","floor":6,"key":"SMITH"},{"data":"Bash","floor":10,"key":"SMITH"},{"data":"Warcry","floor":15,"key":"SMITH"}],"neow_cost":"TEN_PERCENT_HP_LOSS","seed_source_timestamp":388613700965731,"circlet_count":0,"master_deck":["Strike_R","Strike_R","Defend_R","Defend_R","Defend_R","Defend_R","Bash+1","Twin Strike","Sentinel+1","Warcry+1","Sever Soul+1","Sentinel","Battle Trance"],"relics":["Burning Blood","Regal Pillow","Matryoshka"],"potions_floor_usage":[14],"damage_taken":[{"damage":6,"enemies":"Cultist","floor":1,"turns":3},{"damage":7,"enemies":"2 Louse","floor":3,"turns":2},{"damage":18,"enemies":"Jaw Worm","floor":5,"turns":4},{"damage":28,"enemies":"Lagavulin","floor":11,"turns":8},{"damage":6,"enemies":"Looter","floor":12,"turns":2},{"damage":18,"enemies":"Exordium Thugs","floor":13,"turns":4},{"damage":8,"enemies":"3 Louse","floor":14,"turns":3},{"damage":43,"enemies":"The Guardian","floor":16,"turns":5}],"seed_played":"-7038386395401670017","potions_obtained":[{"floor":5,"key":"Ancient Potion"},{"floor":12,"key":"Regen Potion"}],"is_trial":false,"path_per_floor":["M","?","M","$","M","R","$","?","T","R","E","M","M","M","R"],"character_chosen":"IRONCLAD","items_purchased":[],"campfire_rested":0,"item_purchase_floors":[],"current_hp_per_floor":[72,77,76,76,64,64,64,64,64,64,42,42,30,37,37,0],"gold":170,"neow_bonus":"TRANSFORM_TWO_CARDS","is_prod":false,"is_daily":false,"chose_seed":false,"campfire_upgraded":3,"win_rate":0,"timestamp":1533900583,"path_taken":["M","?","M","$","M","R","$","?","T","R","E","M","M","M","R","BOSS"],"build_version":"2018-08-09","purchased_purges":1,"victory":false,"max_hp_per_floor":[72,77,77,77,77,77,77,77,77,77,77,77,77,77,77,77],"card_choices":[{"not_picked":["Pommel Strike","Iron Wave","Wild Strike"],"picked":"SKIP","floor":1},{"not_picked":["Havoc","Body Slam"],"picked":"Warcry","floor":3},{"not_picked":["Havoc","Rupture"],"picked":"Sever Soul","floor":5},{"not_picked":["Perfected Strike","Cleave"],"picked":"Sentinel","floor":11},{"not_picked":["Searing Blow","Sword Boomerang","Clothesline"],"picked":"SKIP","floor":12},{"not_picked":["Shrug It Off","Wild Strike","Perfected Strike"],"picked":"SKIP","floor":13},{"not_picked":["Havoc","Pommel Strike"],"picked":"Battle Trance","floor":14}],"player_experience":341499,"relics_obtained":[{"floor":9,"key":"Regal Pillow"},{"floor":11,"key":"Matryoshka"}],"event_choices":[{"event_name":"Big Fish","player_choice":"Donut","floor":2,"damage_taken":0},{"event_name":"Upgrade Shrine","player_choice":"Upgraded","floor":8,"damage_taken":0}],"is_beta":false,"boss_relics":[],"items_purged_floors":[4],"is_endless":false,"potions_floor_spawned":[5,12],"killed_by":"The Guardian","ascension_level":4}