{"gold_per_floor":[111,111,125,141,46,46,59,84,135,135,135,135,135,156,156,156],"floor_reached":16,"playtime":745,"items_purged":[],"score":150,"play_id":"6a224599-24ed-43d9-853f-6c59e53d6c87","local_time":"20190613082805","is_ascension_mode":true,"campfire_choices":[{"data":"Defragment","floor":6,"key":"SMITH"},{"data":"Redo","floor":11,"key":"SMITH"},{"data":"Turbo","floor":15,"key":"SMITH"}],"neow_cost":"NONE","seed_source_timestamp":225077790420900,"circlet_count":0,"master_deck":["AscendersBane","Strike_B","Strike_B","Strike_B","Defend_B","Defend_B","Defend_B","Defend_B","Zap","Dualcast","Force Field","Barrage","Defragment+1","Redo+1","Double Energy","Rebound","Turbo+1"],"relics":["Cracked Core","Art of War","Girya","Juzu Bracelet","Golden Idol"],"potions_floor_usage":[14,14],"damage_taken":[{"damage":0,"enemies":"Cultist","floor":1,"turns":3},{"damage":14,"enemies":"Jaw Worm","floor":3,"turns":3},{"damage":10,"enemies":"2 Louse","floor":4,"turns":3},{"damage":7,"enemies":"Looter","floor":7,"turns":3},{"damage":21,"enemies":"Gremlin Nob","floor":8,"turns":5},{"damage":0,"enemies":"Large Slime","floor":14,"turns":4},{"damage":15,"enemies":"Hexaghost","floor":16,"turns":7}],"seed_played":"1254413568116362376","potions_obtained":[{"floor":0,"key":"SmokeBomb"},{"floor":0,"key":"Ancient Potion"},{"floor":0,"key":"Block Potion"},{"floor":10,"key":"Fire Potion"},{"floor":10,"key":"SkillPotion"},{"floor":14,"key":"Dexterity Potion"}],"is_trial":false,"path_per_floor":["M","T","M","M","$","R","M","E","T","?","R","?","?","M","R","B"],"character_chosen":"DEFECT","items_purchased":["Defragment","Redo"],"campfire_rested":0,"item_purchase_floors":[5,5],"current_hp_per_floor":[68,68,54,44,44,44,37,16,16,16,16,16,9,9,9,0],"gold":156,"neow_bonus":"THREE_SMALL_POTIONS","is_prod":false,"is_daily":false,"chose_seed":false,"campfire_upgraded":3,"win_rate":0,"timestamp":1560407285,"path_taken":["M","?","M","M","$","R","?","E","T","?","R","?","?","M","R","BOSS"],"build_version":"2019-01-23","purchased_purges":0,"victory":false,"max_hp_per_floor":[75,75,75,75,75,75,75,75,75,75,75,69,69,69,69,69],"card_choices":[{"not_picked":["Compile Driver","Ball Lightning"],"picked":"Force Field","floor":1},{"not_picked":["Blizzard","Force Field"],"picked":"Barrage","floor":3},{"not_picked":["Beam Cell","Ball Lightning","Steam"],"picked":"SKIP","floor":4},{"not_picked":["Reprogram","Beam Cell"],"picked":"Double Energy","floor":7},{"not_picked":["Sweeping Beam","Beam Cell"],"picked":"Rebound","floor":8},{"not_picked":["Sunder","Go for the Eyes"],"picked":"Turbo","floor":14}],"player_experience":210784,"relics_obtained":[{"floor":2,"key":"Art of War"},{"floor":8,"key":"Girya"},{"floor":9,"key":"Juzu Bracelet"}],"event_choices":[{"damage_healed":0,"gold_gain":0,"player_choice":"Got Potions","damage_taken":0,"max_hp_gain":0,"max_hp_loss":0,"event_name":"Lab","floor":10,"gold_loss":0},{"damage_healed":0,"gold_gain":0,"player_choice":"Lose Max HP","damage_taken":0,"relics_obtained":["Golden Idol"],"max_hp_gain":0,"max_hp_loss":6,"event_name":"Golden Idol","floor":12,"gold_loss":0},{"cards_removed":["Strike_B"],"damage_healed":0,"gold_gain":0,"player_choice":"Card Removal","damage_taken":7,"max_hp_gain":0,"max_hp_loss":0,"event_name":"Golden Wing","floor":13,"gold_loss":0}],"is_beta":false,"boss_relics":[],"items_purged_floors":[],"is_endless":false,"potions_floor_spawned":[1,3,14],"killed_by":"Hexaghost","ascension_level":10}