{"path_per_floor":["M","M","?","M","?","R","M","?","T","M","$","R","M","E","R","B",null,"M","?","?","M","?","R","M","?","T","M","M","?","R"],"character_chosen":"DEFECT","items_purchased":["Glacier","Regen Potion","Block Potion"],"gold_per_floor":[109,128,128,153,153,153,173,173,173,194,13,13,32,65,65,188,188,202,202,202,225,225,225,239,164,164,174,186,186,186,186],"floor_reached":31,"campfire_rested":2,"playtime":1228,"current_hp_per_floor":[63,54,36,31,31,53,44,44,44,43,43,43,49,43,43,23,62,64,64,75,65,65,65,41,41,41,31,8,8,30,0],"items_purged":[],"gold":186,"score":332,"play_id":"8db49866-e7fc-44ba-a9fd-aede1a4ef4fa","local_time":"20180429144112","is_prod":false,"is_daily":false,"chose_seed":false,"is_ascension_mode":true,"campfire_upgraded":3,"timestamp":1525030872,"path_taken":["M","M","?","M","?","R","?","?","T","M","?","R","M","E","R","BOSS","M","?","?","M","?","R","?","?","T","M","M","?","R","E"],"build_version":"2018-04-27v3","seed_source_timestamp":182822568450432,"purchased_purges":0,"victory":false,"master_deck":["Defend_B","Defend_B","Defend_B","Zap+1","Ball Lightning","Ball Lightning","Machine Learning+1","Glacier","Barrage+1","Leap","Chill+1","Impulse+1","Capacitor+1","Ball Lightning+1","Leap","Writhe"],"max_hp_per_floor":[75,75,75,75,75,75,75,75,75,75,75,75,75,75,75,75,75,75,75,75,75,75,75,75,75,75,75,75,75,75,75],"relics":["Cracked Core","Blood Vial","Bloody Idol","Bottled Lightning","The Courier","Astrolabe","Bottled Flame","Molten Egg 2"],"card_choices":[{"not_picked":["Blizzard","Barrage"],"picked":"Ball Lightning","floor":2},{"not_picked":["Doom and Gloom","Axe Kick"],"picked":"Ball Lightning","floor":4},{"not_picked":["Double Energy","Axe Kick"],"picked":"Machine Learning","floor":10},{"not_picked":["Skim","Doom and Gloom"],"picked":"Barrage","floor":13},{"not_picked":["Sweeping Beam","Barrage"],"picked":"Leap","floor":14},{"not_picked":["Hologram","FTL"],"picked":"Ball Lightning","floor":18},{"not_picked":["Impulse","Cold Snap"],"picked":"Leap","floor":28}],"player_experience":111418,"potions_floor_usage":[13,16,16,31,31],"damage_taken":[{"damage":7,"enemies":"Jaw Worm","floor":1,"turns":4},{"damage":11,"enemies":"Small Slimes","floor":2,"turns":4},{"damage":7,"enemies":"2 Louse","floor":4,"turns":3},{"damage":11,"enemies":"Exordium Thugs","floor":7,"turns":4},{"damage":3,"enemies":"Blue Slaver","floor":10,"turns":4},{"damage":8,"enemies":"Gremlin Gang","floor":13,"turns":4},{"damage":8,"enemies":"3 Sentries","floor":14,"turns":5},{"damage":22,"enemies":"The Guardian","floor":16,"turns":9},{"damage":0,"enemies":"Chosen","floor":18,"turns":5},{"damage":10,"enemies":"Spheric Guardian","floor":21,"turns":4},{"damage":31,"enemies":"Chosen and Byrds","floor":24,"turns":5},{"damage":17,"enemies":"Sentry and Sphere","floor":27,"turns":6},{"damage":30,"enemies":"Snake Plant","floor":28,"turns":4},{"damage":44,"enemies":"Slavers","floor":31,"turns":6}],"event_choices":[{"event_name":"Golden Idol","player_choice":"Take Damage","floor":3,"damage_taken":0},{"event_name":"Living Wall","player_choice":"Forget","floor":5,"damage_taken":0},{"event_name":"Transmorgrifier","player_choice":"Transform","floor":8,"damage_taken":0},{"event_name":"Bonfire Elementals","player_choice":"BASIC","floor":19,"damage_taken":0},{"event_name":"The Library","player_choice":"Heal","floor":20,"damage_taken":0},{"event_name":"Forgotten Altar","player_choice":"Gave Idol","floor":22,"damage_taken":0},{"event_name":"Beggar","player_choice":"Gave Gold","floor":25,"damage_taken":0},{"event_name":"The Mausoleum","player_choice":"Yes","floor":29,"damage_taken":0}],"boss_relics":[{"not_picked":["Inserter","Eternal Feather"],"picked":"Astrolabe"}],"potions_floor_spawned":[4,13,14,24,27],"seed_played":"2470952123210339378","killed_by":"Slavers","ascension_level":8,"is_trial":false}