{"gold_per_floor":[110,8,8,8,8,40,40,74,153,180,196,196,230,247,247,342,342,360,360,370,388,400,426,426,452,452,471,471,505,518,143,143,241,241,259,259,1086,1086,1098,1131,1131,1156,1156,1156,1170,1170,1170,1190,1190,1190,1190,1190,417,449,449],"floor_reached":56,"playtime":5047,"items_purged":["Strike_B","Regret","Defend_B","Strike_B"],"score":1852,"play_id":"d759597d-ea77-4d51-899c-001d9bad76f3","local_time":"20190529145108","is_ascension_mode":true,"campfire_choices":[{"data":"Consume","floor":7,"key":"SMITH"},{"data":"Turbo","floor":12,"key":"SMITH"},{"data":"Ball Lightning","floor":15,"key":"SMITH"},{"data":"Barrage","floor":24,"key":"SMITH"},{"data":"Dualcast","floor":28,"key":"SMITH"},{"data":"Jack Of All Trades","floor":32,"key":"SMITH"},{"data":"Loop","floor":41,"key":"SMITH"},{"floor":44,"key":"RECALL"},{"data":"Seek","floor":46,"key":"SMITH"},{"data":"Storm","floor":49,"key":"SMITH"},{"data":"Electrodynamics","floor":52,"key":"SMITH"}],"neow_cost":"NONE","seed_source_timestamp":222611473786700,"circlet_count":0,"master_deck":["Strike_B","Defend_B+1","Defend_B+1","Zap","Dualcast+1","Consume+1","Barrage+1","Ball Lightning+1","Gash+1","FTL+1","Turbo+1","Cold Snap+1","Sweeping Beam+1","All For One+1","Conserve Battery","Cold Snap+1","Gash+1","Electrodynamics+1","Rebound+1","Storm+1","Loop+1","Gash+1","Creative AI","Master of Strategy","Seek+1","Jack Of All Trades+1","Self Repair","Meteor Strike+1","Glacier+1","Swift Strike+1","Lockon+1","Core Surge+1","Compile Driver+1","Streamline+1","Seek+1","Darkness+1","Master of Strategy+1","Static Discharge","Lockon+1","Storm+1"],"relics":["Cracked Core","NeowsBlessing","Orichalcum","Omamori","Ornamental Fan","Molten Egg 2","Cables","Bottled Flame","Shuriken","Empty Cage","WarpedTongs","Sundial","Matryoshka","Anchor","Emotion Chip","ClockworkSouvenir","Inserter","Blood Vial","Toxic Egg 2","MealTicket","Meat on the Bone","Centennial Puzzle","Juzu Bracelet","Letter Opener","Pen Nib","Bag of Marbles","Mummified Hand"],"potions_floor_usage":[29,40,45,55,55,55],"damage_taken":[{"damage":0,"enemies":"Small Slimes","floor":1,"turns":1},{"damage":0,"enemies":"3 Sentries","floor":6,"turns":1},{"damage":0,"enemies":"Gremlin Nob","floor":8,"turns":1},{"damage":28,"enemies":"Lagavulin","floor":10,"turns":4},{"damage":4,"enemies":"Jaw Worm","floor":11,"turns":2},{"damage":20,"enemies":"3 Sentries","floor":13,"turns":5},{"damage":0,"enemies":"2 Louse","floor":14,"turns":2},{"damage":6,"enemies":"Hexaghost","floor":16,"turns":7},{"damage":3,"enemies":"3 Byrds","floor":18,"turns":3},{"damage":6,"enemies":"Chosen","floor":20,"turns":3},{"damage":2,"enemies":"Snake Plant","floor":21,"turns":3},{"damage":7,"enemies":"Centurion and Healer","floor":22,"turns":6},{"damage":14,"enemies":"Slavers","floor":23,"turns":3},{"damage":2,"enemies":"Gremlin Leader","floor":25,"turns":4},{"damage":2,"enemies":"Shelled Parasite and Fungi","floor":27,"turns":4},{"damage":35,"enemies":"Slavers","floor":29,"turns":4},{"damage":0,"enemies":"Sentry and Sphere","floor":30,"turns":3},{"damage":35,"enemies":"Automaton","floor":33,"turns":5},{"damage":0,"enemies":"3 Shapes","floor":35,"turns":2},{"damage":0,"enemies":"3 Darklings","floor":39,"turns":3},{"damage":11,"enemies":"Reptomancer","floor":40,"turns":4},{"damage":0,"enemies":"Giant Head","floor":42,"turns":5},{"damage":6,"enemies":"4 Shapes","floor":45,"turns":1},{"damage":16,"enemies":"Sphere and 2 Shapes","floor":48,"turns":2},{"damage":74,"enemies":"Awakened One","floor":50,"turns":6},{"damage":36,"enemies":"Shield and Spear","floor":54,"turns":3},{"damage":37,"enemies":"The Heart","floor":55,"turns":4}],"seed_played":"3509112116128608077","potions_obtained":[{"floor":1,"key":"SteroidPotion"},{"floor":10,"key":"Dexterity Potion"},{"floor":21,"key":"FocusPotion"},{"floor":22,"key":"SkillPotion"},{"floor":29,"key":"Regen Potion"},{"floor":33,"key":"LiquidBronze"},{"floor":40,"key":"Swift Potion"},{"floor":47,"key":"Ancient Potion"},{"floor":54,"key":"Fruit Juice"}],"is_trial":false,"path_per_floor":["M","$","?","?","?","E","R","E","T","E","M","R","E","M","R","B",null,"M","?","M","M","M","E","R","E","T","M","R","E","M","$","R","B",null,"M","?","$","?","M","E","R","E","T","R","M","R","?","M","R","B",null,"R","$","E","B",null],"character_chosen":"DEFECT","items_purchased":["Barrage","ClockworkSouvenir","Creative AI","Master of Strategy","Seek","Jack Of All Trades","Blood Vial","Toxic Egg 2","MealTicket","Self Repair","Meteor Strike+1","Glacier+1","Swift Strike+1","Lockon+1","Pen Nib","Bag of Marbles","Master of Strategy+1","Static Discharge","Lockon+1"],"campfire_rested":0,"item_purchase_floors":[2,31,31,31,31,31,37,37,37,37,37,37,37,37,53,53,53,53,53],"current_hp_per_floor":[68,68,61,61,46,46,46,46,46,18,14,14,14,14,14,8,58,55,55,49,47,40,26,26,24,24,22,22,31,31,31,31,5,58,58,58,58,58,67,75,75,75,75,75,75,75,75,59,59,26,63,63,75,46,58],"gold":449,"neow_bonus":"THREE_ENEMY_KILL","is_prod":false,"is_daily":false,"chose_seed":false,"campfire_upgraded":10,"win_rate":0,"timestamp":1559134268,"path_taken":["M","$","?","?","?","E","R","E","T","E","M","R","E","M","R","BOSS","M","?","M","M","M","E","R","E","T","M","R","E","?","$","R","BOSS","M","?","$","?","M","E","R","E","T","R","M","R","?","M","R","BOSS","R","$","E","BOSS"],"build_version":"2019-01-23","purchased_purges":4,"victory":true,"max_hp_per_floor":[75,75,75,75,75,75,75,75,75,75,75,75,75,75,75,75,75,75,75,75,75,75,75,75,75,75,75,75,75,75,75,75,75,75,75,75,75,75,75,75,75,75,75,75,75,75,75,75,75,75,75,75,75,75,80],"card_choices":[{"not_picked":["Beam Cell","Cold Snap"],"picked":"Consume","floor":1},{"not_picked":["Compile Driver","Melter"],"picked":"Ball Lightning","floor":6},{"not_picked":["Reinforced Body","Self Repair"],"picked":"Gash","floor":8},{"not_picked":["Force Field","Sunder+1"],"picked":"FTL+1","floor":10},{"not_picked":["Coolheaded","Beam Cell+1"],"picked":"Turbo","floor":11},{"not_picked":["Hologram","Darkness"],"picked":"Cold Snap+1","floor":13},{"not_picked":["Undo","Hologram"],"picked":"Sweeping Beam+1","floor":14},{"not_picked":["Electrodynamics","Core Surge+1"],"picked":"All For One+1","floor":16},{"not_picked":["Stack","Barrage+1"],"picked":"Conserve Battery","floor":18},{"not_picked":["Conserve Battery+1","Hologram"],"picked":"Cold Snap+1","floor":20},{"not_picked":["Stack","Hologram"],"picked":"Gash+1","floor":21},{"not_picked":["Force Field","Undo"],"picked":"Electrodynamics","floor":22},{"not_picked":["Barrage+1","Stack"],"picked":"Rebound+1","floor":23},{"not_picked":["Coolheaded+1","Force Field","Redo"],"picked":"SKIP","floor":25},{"not_picked":["Compile Driver+1","Conserve Battery"],"picked":"Storm","floor":27},{"not_picked":["Go for the Eyes+1","Skim"],"picked":"Loop","floor":29},{"not_picked":["Sweeping Beam+1","Steam"],"picked":"Gash+1","floor":30},{"not_picked":["Reboot","Seek"],"picked":"Machine Learning","floor":33},{"not_picked":["Double Energy+1","Redo","Leap+1"],"picked":"SKIP","floor":35},{"not_picked":["Leap+1","Fusion+1"],"picked":"Compile Driver+1","floor":39},{"not_picked":["Go for the Eyes+1","Beam Cell+1","Force Field+1"],"picked":"SKIP","floor":40},{"not_picked":["Consume+1","Hologram+1"],"picked":"Streamline+1","floor":42},{"not_picked":["Coolheaded+1","Stack+1"],"picked":"Seek+1","floor":45},{"not_picked":["Ball Lightning+1","Double Energy+1"],"picked":"Darkness+1","floor":48},{"not_picked":["Stack+1","Hologram+1"],"picked":"Storm+1","floor":54}],"player_experience":148698,"relics_obtained":[{"floor":6,"key":"Ornamental Fan"},{"floor":8,"key":"Molten Egg 2"},{"floor":9,"key":"Cables"},{"floor":10,"key":"Bottled Flame"},{"floor":13,"key":"Shuriken"},{"floor":23,"key":"Sundial"},{"floor":25,"key":"Matryoshka"},{"floor":26,"key":"Anchor"},{"floor":29,"key":"Emotion Chip"},{"floor":40,"key":"Meat on the Bone"},{"floor":42,"key":"Centennial Puzzle"},{"floor":43,"key":"Juzu Bracelet"},{"floor":43,"key":"Letter Opener"},{"floor":54,"key":"Mummified Hand"}],"event_choices":[{"damage_healed":0,"gold_gain":0,"player_choice":"Success","damage_taken":7,"relics_obtained":["Orichalcum"],"max_hp_gain":0,"max_hp_loss":0,"event_name":"Scrap Ooze","floor":3,"gold_loss":0},{"damage_healed":0,"gold_gain":0,"player_choice":"Box","damage_taken":0,"relics_obtained":["Omamori"],"max_hp_gain":0,"max_hp_loss":0,"event_name":"Big Fish","floor":4,"gold_loss":0,"cards_obtained":["Regret"]},{"damage_healed":0,"gold_gain":0,"player_choice":"Entered Light","damage_taken":15,"max_hp_gain":0,"max_hp_loss":0,"event_name":"Shining Light","floor":5,"gold_loss":0,"cards_upgraded":["Defend_B","Defend_B"]},{"damage_healed":0,"gold_gain":0,"player_choice":"Rummage","damage_taken":0,"relics_obtained":["WarpedTongs"],"max_hp_gain":0,"max_hp_loss":0,"event_name":"Accursed Blacksmith","floor":19,"gold_loss":0,"cards_obtained":["Pain"]},{"cards_removed":["Machine Learning"],"damage_healed":0,"gold_gain":0,"player_choice":"Removed Power","damage_taken":0,"max_hp_gain":0,"max_hp_loss":0,"event_name":"Falling","floor":36,"gold_loss":0},{"damage_healed":0,"gold_gain":0,"player_choice":"1 cards matched","damage_taken":0,"max_hp_gain":0,"max_hp_loss":0,"event_name":"Match and Keep!","floor":38,"gold_loss":0,"cards_obtained":["Core Surge"]},{"damage_healed":0,"gold_gain":0,"player_choice":"Got Potions","damage_taken":0,"max_hp_gain":0,"max_hp_loss":0,"event_name":"Lab","floor":47,"gold_loss":0}],"is_beta":false,"boss_relics":[{"not_picked":["Runic Dome","Tiny House"],"picked":"Empty Cage"},{"not_picked":["Astrolabe","Lizard Tail"],"picked":"Inserter"}],"items_purged_floors":[2,31,37,53],"is_endless":false,"potions_floor_spawned":[1,10,21,22,23,29,33,35,40,54],"ascension_level":8}