{"gold_per_floor":[111,129,143,68,78,78,109,109,109,21,33,33,33,51,51,125,125,139,156,156,156],"floor_reached":21,"playtime":958,"items_purged":["Strike_R","Strike_R"],"score":326,"play_id":"2c43941a-89be-4f99-86c3-426f8a76e49c","local_time":"20190101141318","is_ascension_mode":true,"campfire_choices":[{"data":"Cleave","floor":6,"key":"SMITH"},{"data":"Rampage","floor":12,"key":"SMITH"},{"floor":15,"key":"REST"}],"neow_cost":"TEN_PERCENT_HP_LOSS","seed_source_timestamp":176698116595239,"circlet_count":0,"master_deck":["AscendersBane","Defend_R","Defend_R","Bash","Carnage","Cleave+1","Clothesline","Berserk+1","Rampage+1","Rampage","Feed","Twin Strike+1","Ghostly","Ghostly","Ghostly"],"relics":["Burning Blood","PreservedInsect","MawBank","Empty Cage"],"potions_floor_usage":[5,11,21],"damage_taken":[{"damage":1,"enemies":"Cultist","floor":1,"turns":3},{"damage":7,"enemies":"Small Slimes","floor":2,"turns":3},{"damage":8,"enemies":"Jaw Worm","floor":3,"turns":4},{"damage":8,"enemies":"3 Louse","floor":5,"turns":2},{"damage":30,"enemies":"3 Sentries","floor":7,"turns":6},{"damage":23,"enemies":"Exordium Wildlife","floor":11,"turns":4},{"damage":6,"enemies":"Looter","floor":14,"turns":3},{"damage":13,"enemies":"Slime Boss","floor":16,"turns":7},{"damage":33,"enemies":"Spheric Guardian","floor":18,"turns":4},{"damage":28,"enemies":"2 Thieves","floor":19,"turns":4},{"damage":13,"enemies":"Centurion and Healer","floor":21,"turns":1}],"seed_played":"4576484513050517302","potions_obtained":[{"floor":2,"key":"Explosive Potion"},{"floor":3,"key":"Swift Potion"},{"floor":19,"key":"Ancient Potion"}],"is_trial":false,"path_per_floor":["M","M","M","$","M","R","E","?","T","$","M","R","?","M","R","B",null,"M","M","?","M"],"character_chosen":"IRONCLAD","items_purchased":[],"campfire_rested":1,"item_purchase_floors":[],"current_hp_per_floor":[68,67,65,65,63,63,39,39,39,39,22,22,15,15,35,28,58,31,9,9,0],"gold":156,"neow_bonus":"REMOVE_TWO","is_prod":false,"is_daily":false,"chose_seed":false,"campfire_upgraded":2,"win_rate":0,"timestamp":1546323198,"path_taken":["M","?","M","$","M","R","E","?","T","$","?","R","?","M","R","BOSS","M","M","?","M"],"build_version":"2018-12-20","purchased_purges":2,"victory":false,"max_hp_per_floor":[68,68,68,68,68,68,68,68,68,68,68,68,68,68,68,68,68,68,68,34,34],"card_choices":[{"not_picked":["Armaments","Bloodletting"],"picked":"Carnage","floor":1},{"not_picked":["Feel No Pain","Body Slam","Iron Wave"],"picked":"SKIP","floor":2},{"not_picked":["Wild Strike","Searing Blow"],"picked":"Cleave","floor":3},{"not_picked":["Entrench","Perfected Strike"],"picked":"Clothesline","floor":5},{"not_picked":["Corruption","Clothesline"],"picked":"Berserk","floor":7},{"not_picked":["Spot Weakness","Carnage"],"picked":"Rampage","floor":11},{"not_picked":["Perfected Strike","Fire Breathing"],"picked":"Rampage","floor":14},{"not_picked":["Barricade","Berserk"],"picked":"Feed","floor":16},{"not_picked":["Cleave","Battle Trance"],"picked":"Twin Strike+1","floor":18},{"not_picked":["Anger","Thunderclap","Feel No Pain"],"picked":"SKIP","floor":19}],"player_experience":635677,"relics_obtained":[{"floor":7,"key":"PreservedInsect"},{"floor":9,"key":"MawBank"}],"event_choices":[{"damage_healed":0,"gold_gain":0,"player_choice":"Forge","damage_taken":0,"max_hp_gain":0,"max_hp_loss":0,"event_name":"Accursed Blacksmith","floor":8,"gold_loss":0,"cards_upgraded":["Berserk"]},{"cards_removed":["Strike_R"],"damage_healed":0,"gold_gain":0,"player_choice":"Card Removal","damage_taken":7,"max_hp_gain":0,"max_hp_loss":0,"event_name":"Golden Wing","floor":13,"gold_loss":0},{"damage_healed":0,"gold_gain":0,"player_choice":"Became a Ghost","damage_taken":0,"max_hp_gain":0,"max_hp_loss":34,"event_name":"Ghosts","floor":20,"gold_loss":0,"cards_obtained":["Ghostly","Ghostly","Ghostly"]}],"is_beta":false,"boss_relics":[{"not_picked":["Mark of Pain","Eternal Feather"],"picked":"Empty Cage"}],"items_purged_floors":[4,10],"is_endless":false,"potions_floor_spawned":[2,3,19],"killed_by":"Centurion and Healer","ascension_level":16}