{"path_per_floor":["M","?","M","M","?","R","T","M","T","R","$","R","M","?","R","B",null,"M","$","M","M","M","R","M","M","T","?","?","M","?","$","R","B",null,"M","?","?","M","$","R","M","M","T","?","R","?","M","M","R"],"character_chosen":"DEFECT","items_purchased":["Mummified Hand","Runic Capacitor","Auto Shields"],"gold_per_floor":[109,184,194,209,209,209,263,276,302,302,41,41,41,99,99,203,203,220,16,30,43,54,54,64,78,78,78,78,97,97,23,23,121,121,140,140,140,150,75,75,93,113,113,0,0,0,19,34,34,34],"floor_reached":50,"campfire_rested":2,"playtime":3303,"current_hp_per_floor":[68,57,55,55,55,55,55,55,55,55,55,55,51,46,46,36,65,52,52,44,30,25,47,43,29,29,29,29,26,26,26,37,9,30,30,30,30,29,29,29,29,29,29,29,29,37,36,35,35,0],"items_purged":["Decay"],"gold":34,"score":617,"play_id":"450b04ce-d327-4a24-a6fe-50f1c567b5ef","local_time":"20180428201448","is_prod":false,"is_daily":false,"chose_seed":false,"is_ascension_mode":true,"campfire_upgraded":7,"timestamp":1524964488,"path_taken":["M","?","M","M","?","R","?","M","T","R","$","R","M","?","R","BOSS","M","$","?","?","M","R","M","M","T","?","?","M","?","$","R","BOSS","M","?","?","M","$","R","M","M","T","?","R","?","?","M","R","BOSS"],"build_version":"2018-04-27v3","seed_source_timestamp":114360265431574,"purchased_purges":1,"victory":false,"master_deck":["Strike_B","Strike_B","Strike_B","Strike_B","Defend_B","Defend_B","Defend_B","Defend_B","Zap+1","Dualcast","Glacier+1","Ball Lightning+1","Ball Lightning+1","Leap","Creative AI+1","Sweeping Beam+1","Reinforced Body+1","Force Field+1","Ball Lightning+1","Ghostly","Ghostly","Ghostly","Ghostly","Ghostly","Hello World","Auto Shields","Thunder Strike","Force Field","Stack+1","Ball Lightning+1","Apotheosis+1","Storm","Writhe"],"max_hp_per_floor":[75,75,75,75,75,75,75,75,75,75,75,75,75,75,75,75,75,75,75,75,75,75,75,75,75,75,75,37,37,37,37,37,37,37,37,37,37,37,37,37,37,37,37,37,37,37,37,37,37,37],"relics":["Cracked Core","Lantern","Art of War","Bag of Marbles","Mummified Hand","Happy Flower","Sozu","Runic Capacitor","Unceasing Top","Orrery","Kunai","Red Mask"],"card_choices":[{"not_picked":["Barrage","Streamline"],"picked":"Glacier","floor":1},{"not_picked":["Go for the Eyes","Aggregate"],"picked":"Ball Lightning","floor":3},{"not_picked":["Rip and Tear","Reboot"],"picked":"Ball Lightning","floor":13},{"not_picked":["Barrage","Rip and Tear"],"picked":"Leap","floor":14},{"not_picked":["Fission","Machine Learning"],"picked":"Creative AI","floor":16},{"not_picked":["Skim","Biased Cognition"],"picked":"Sweeping Beam","floor":21},{"not_picked":["Capacitor","Impulse"],"picked":"Reinforced Body","floor":22},{"not_picked":["Capacitor","Go for the Eyes"],"picked":"Force Field","floor":24},{"not_picked":["Cold Snap","Gash"],"picked":"Ball Lightning","floor":25},{"not_picked":["Melter","Leap"],"picked":"Hello World","floor":29},{"not_picked":["Fusion","Creative AI"],"picked":"Thunder Strike","floor":33},{"not_picked":["Impulse","Doom and Gloom"],"picked":"Force Field","floor":34},{"not_picked":["Axe Kick","Beam Cell"],"picked":"Stack","floor":34},{"not_picked":["Axe Kick","Cold Snap"],"picked":"Ball Lightning","floor":34},{"not_picked":["Blind","Madness"],"picked":"Apotheosis","floor":36},{"not_picked":["Beam Cell","Skim"],"picked":"Storm","floor":38}],"player_experience":86917,"potions_floor_usage":[14,16,16,33],"damage_taken":[{"damage":0,"enemies":"Small Slimes","floor":1,"turns":3},{"damage":2,"enemies":"Jaw Worm","floor":3,"turns":3},{"damage":0,"enemies":"2 Louse","floor":4,"turns":3},{"damage":0,"enemies":"Looter","floor":8,"turns":3},{"damage":4,"enemies":"Red Slaver","floor":13,"turns":3},{"damage":5,"enemies":"Lagavulin Event","floor":14,"turns":5},{"damage":25,"enemies":"Hexaghost","floor":16,"turns":12},{"damage":13,"enemies":"2 Thieves","floor":18,"turns":4},{"damage":8,"enemies":"Shell Parasite","floor":20,"turns":5},{"damage":14,"enemies":"Snecko","floor":21,"turns":5},{"damage":5,"enemies":"Cultist and Chosen","floor":22,"turns":5},{"damage":4,"enemies":"Centurion and Healer","floor":24,"turns":6},{"damage":14,"enemies":"Sentry and Sphere","floor":25,"turns":5},{"damage":3,"enemies":"Snake Plant","floor":29,"turns":5},{"damage":28,"enemies":"Champ","floor":33,"turns":12},{"damage":0,"enemies":"Flame Bruiser 1 Orb","floor":35,"turns":7},{"damage":1,"enemies":"Orb Walker","floor":38,"turns":5},{"damage":0,"enemies":"Spire Growth","floor":41,"turns":5},{"damage":0,"enemies":"3 Darklings","floor":42,"turns":5},{"damage":1,"enemies":"4 Shapes","floor":47,"turns":8},{"damage":1,"enemies":"Flame Bruiser 2 Orb","floor":48,"turns":8},{"damage":38,"enemies":"Time Eater","floor":50,"turns":4}],"event_choices":[{"event_name":"World of Goop","player_choice":"Gather Gold","floor":2,"damage_taken":0},{"event_name":"Wheel of Change","player_choice":"Curse","floor":5,"damage_taken":0},{"event_name":"Dead Adventurer","player_choice":"Searched \u00271\u0027 times","floor":14,"damage_taken":0},{"event_name":"Addict","player_choice":"Ignored","floor":27,"damage_taken":0},{"event_name":"Ghosts","player_choice":"Became a Ghost","floor":28,"damage_taken":0},{"event_name":"Vampires","player_choice":"Ignored","floor":30,"damage_taken":0},{"event_name":"SensoryStone","player_choice":"Memory 1","floor":36,"damage_taken":0},{"event_name":"Mysterious Sphere","player_choice":"Ignore","floor":37,"damage_taken":0},{"event_name":"Tomb of Lord Red Mask","player_choice":"Paid","floor":44,"damage_taken":0},{"event_name":"Winding Halls","player_choice":"Writhe","floor":46,"damage_taken":0}],"boss_relics":[{"not_picked":["Nuclear Battery","Pandora\u0027s Box"],"picked":"Sozu"},{"not_picked":["Tiny House","Black Star"],"picked":"Orrery"}],"potions_floor_spawned":[3,8,14,14,18,20,24,25,35,47],"seed_played":"-4071101090290681917","killed_by":"Time Eater","ascension_level":6,"is_trial":false}