{"path_per_floor":["M","?","M","M","?","R","M","R","T","$","M","R","E","M","R","B",null,"M","?","M","?","T","?","E","R","T","E","R","M","R","M","R","B",null,"M"],"character_chosen":"THE_SILENT","items_purchased":[],"gold_per_floor":[111,111,121,139,139,139,152,152,152,102,116,116,143,157,157,258,258,270,270,280,280,280,380,408,408,433,458,458,474,474,485,485,587,587,600],"floor_reached":36,"campfire_rested":6,"playtime":1766,"current_hp_per_floor":[60,60,53,51,51,51,47,47,47,47,37,57,40,40,60,39,60,60,52,48,36,36,36,24,45,45,25,46,29,50,45,66,2,55,18],"items_purged":["Strike_G"],"gold":600,"score":643,"play_id":"2293238f-05ab-4331-9669-6e2c5959fc48","local_time":"20180319181711","is_prod":false,"is_daily":false,"is_ascension_mode":true,"campfire_upgraded":2,"timestamp":1521501431,"path_taken":["M","?","M","?","?","R","?","R","T","$","?","R","E","M","R","BOSS","M","?","M","?","?","?","E","R","T","E","R","M","R","M","R","BOSS","M","M"],"build_version":"2018-03-15v3","purchased_purges":1,"victory":false,"master_deck":["Defend_G","Defend_G","Defend_G","Defend_G","Defend_G","Strike_G","Strike_G","Strike_G","Survivor","Neutralize","Backflip+1","Bouncing Flask+1","Footwork","Adrenaline","Flechettes+1","Blur+1","Backflip+1"],"max_hp_per_floor":[67,67,67,67,67,67,67,67,67,67,67,67,67,67,67,67,67,67,67,67,72,72,72,72,72,72,72,72,72,72,72,72,72,72,72],"relics":["Ring of the Snake","Smiling Mask","Bronze Scales","Velvet Choker","Unceasing Top","Gremlin Horn","Anchor","Toxic Egg 2","Runic Dome"],"card_choices":[{"not_picked":["Outmaneuver","Flying Knee"],"picked":"Backflip"},{"not_picked":["Deflect","Quick Slash"],"picked":"Bouncing Flask"},{"not_picked":["Accuracy","Infinite Blades"],"picked":"Footwork"},{"not_picked":["Phantasmal Killer","After Image"],"picked":"Adrenaline"},{"not_picked":["Acrobatics","Blur"],"picked":"Flechettes"},{"not_picked":["Grand Finale","Setup"],"picked":"Blur"},{"not_picked":["Deadly Poison","Underhanded Strike"],"picked":"Backflip"}],"player_experience":303061,"potions_floor_usage":[16,16,24,24,27,36],"damage_taken":[{"damage":3,"enemies":"2 Louse","floor":1,"turns":4},{"damage":7,"enemies":"Small Slimes","floor":3,"turns":4},{"damage":2,"enemies":"Cultist","floor":4,"turns":4},{"damage":4,"enemies":"Blue Slaver","floor":7,"turns":6},{"damage":10,"enemies":"3 Louse","floor":11,"turns":3},{"damage":17,"enemies":"Lagavulin","floor":13,"turns":7},{"damage":0,"enemies":"Red Slaver","floor":14,"turns":4},{"damage":21,"enemies":"The Guardian","floor":16,"turns":9},{"damage":0,"enemies":"Shell Parasite","floor":18,"turns":4},{"damage":4,"enemies":"Spheric Guardian","floor":20,"turns":4},{"damage":12,"enemies":"Book of Stabbing","floor":24,"turns":6},{"damage":20,"enemies":"Slavers","floor":27,"turns":7},{"damage":17,"enemies":"Chosen and Byrds","floor":29,"turns":8},{"damage":5,"enemies":"Snake Plant","floor":31,"turns":4},{"damage":64,"enemies":"Champ","floor":33,"turns":14},{"damage":37,"enemies":"3 Darklings","floor":35,"turns":7},{"damage":34,"enemies":"3 Shapes","floor":36,"turns":4}],"event_choices":[{"event_name":"Liars Game","player_choice":"disagreed","floor":2,"damage_taken":0},{"event_name":"Living Wall","player_choice":"Forget","floor":5,"damage_taken":0},{"event_name":"Knowing Skull","player_choice":"","floor":19,"damage_taken":0},{"event_name":"Forgotten Altar","player_choice":"Shed Blood","floor":21,"damage_taken":0},{"event_name":"Golden Shrine","player_choice":"Pray","floor":23,"damage_taken":0}],"boss_relics":[{"not_picked":["Philosopher\u0027s Stone","Eternal Feather"],"picked":"Velvet Choker"},{"not_picked":["White Beast Statue","Tiny House"],"picked":"Runic Dome"}],"potions_floor_spawned":[3,7,14,20,24,35],"seed_played":"-4863198875123002819","killed_by":"3 Shapes","ascension_level":12,"is_trial":false}