{"gold_per_floor":[18,35,0,0,0,0,27,27,51,51,71,81,115,115,115,212,212,212,137,137,137,137,137,137,137,137,137,137,137,137,137,137,137],"floor_reached":33,"playtime":2022,"items_purged":["Strike_R"],"score":385,"play_id":"8d6237ec-e5f3-4023-9dad-4969aea6b98d","local_time":"20180814174753","is_ascension_mode":true,"campfire_choices":[{"data":"Flame Barrier","floor":6,"key":"SMITH"},{"data":"Whirlwind","floor":8,"key":"SMITH"},{"data":"Bash","floor":10,"key":"SMITH"},{"floor":15,"key":"REST"},{"data":"Barricade","floor":23,"key":"SMITH"},{"data":"Defend_R","floor":25,"key":"SMITH"},{"floor":28,"key":"REST"},{"data":"Defend_R","floor":32,"key":"SMITH"}],"neow_cost":"NO_GOLD","seed_source_timestamp":37239530409040,"circlet_count":0,"master_deck":["Strike_R","Strike_R","Strike_R","Defend_R+1","Defend_R+1","Defend_R","Defend_R+1","Bash+1","Flame Barrier+1","Whirlwind+1","Barricade+1","Dropkick","Headbutt"],"relics":["Burning Blood","Turnip","Singing Bowl","Art of War","Oddly Smooth Stone","Ectoplasm","Du-Vu Doll","Lantern","Tiny Chest"],"potions_floor_usage":[16,16,24,29,31,33],"damage_taken":[{"damage":18,"enemies":"Jaw Worm","floor":1,"turns":4},{"damage":9,"enemies":"Small Slimes","floor":2,"turns":5},{"damage":50,"enemies":"Lagavulin","floor":7,"turns":11},{"damage":0,"enemies":"2 Louse","floor":11,"turns":1},{"damage":13,"enemies":"Exordium Thugs","floor":12,"turns":3},{"damage":14,"enemies":"3 Sentries","floor":13,"turns":5},{"damage":58,"enemies":"The Guardian","floor":16,"turns":19},{"damage":18,"enemies":"3 Byrds","floor":18,"turns":5},{"damage":0,"enemies":"Chosen","floor":20,"turns":3},{"damage":21,"enemies":"Snecko","floor":21,"turns":8},{"damage":8,"enemies":"Centurion and Healer","floor":22,"turns":8},{"damage":20,"enemies":"Sentry and Sphere","floor":24,"turns":10},{"damage":24,"enemies":"Snake Plant","floor":27,"turns":4},{"damage":25,"enemies":"Gremlin Leader","floor":29,"turns":8},{"damage":0,"enemies":"Snecko","floor":31,"turns":6},{"damage":50,"enemies":"Champ","floor":33,"turns":20}],"seed_played":"327697421878733363","potions_obtained":[{"floor":1,"key":"BloodPotion"},{"floor":2,"key":"SteroidPotion"},{"floor":11,"key":"SpeedPotion"},{"floor":18,"key":"SpeedPotion"},{"floor":21,"key":"Block Potion"},{"floor":29,"key":"PowerPotion"}],"is_trial":false,"path_per_floor":["M","M","?","?","$","R","E","R","T","R","M","M","E","?","R","B",null,"M","$","M","M","M","R","M","R","T","M","R","E","T","M","R"],"character_chosen":"IRONCLAD","items_purchased":[],"campfire_rested":2,"item_purchase_floors":[],"current_hp_per_floor":[60,57,77,77,77,77,33,33,33,33,41,36,30,30,55,11,67,55,55,63,50,48,48,36,36,36,20,48,31,31,39,39,0],"gold":137,"neow_bonus":"ONE_RARE_RELIC","is_prod":false,"is_daily":false,"chose_seed":false,"campfire_upgraded":6,"win_rate":0,"timestamp":1534240073,"path_taken":["M","M","?","?","?","R","E","R","T","R","M","M","E","?","R","BOSS","M","$","M","?","M","R","M","R","T","M","R","E","?","M","R","BOSS"],"build_version":"2018-08-09","purchased_purges":1,"victory":false,"max_hp_per_floor":[80,80,80,80,80,80,80,80,80,80,82,84,86,86,86,86,86,86,86,88,90,90,90,92,92,92,94,94,96,96,98,98,98],"card_choices":[{"not_picked":["Searing Blow","Sentinel","Wild Strike"],"picked":"SKIP","floor":1},{"not_picked":["Clash","Clothesline"],"picked":"Flame Barrier","floor":2},{"not_picked":["Clothesline","Reaper"],"picked":"Whirlwind","floor":7},{"not_picked":["Hemokinesis","Burning Pact","Feel No Pain"],"picked":"Singing Bowl","floor":11},{"not_picked":["Cleave","Clothesline","Heavy Blade"],"picked":"Singing Bowl","floor":12},{"not_picked":["Whirlwind","Disarm","Sword Boomerang"],"picked":"Singing Bowl","floor":13},{"not_picked":["Impervious","Dark Embrace"],"picked":"Barricade","floor":16},{"not_picked":["Sword Boomerang","Warcry"],"picked":"Dropkick","floor":18},{"not_picked":["Cleave","Corruption","Intimidate"],"picked":"Singing Bowl","floor":20},{"not_picked":["Heavy Blade","Iron Wave","Inflame"],"picked":"Singing Bowl","floor":21},{"not_picked":["Disarm","Twin Strike+1"],"picked":"Headbutt","floor":22},{"not_picked":["Feel No Pain","Rage+1","Carnage"],"picked":"Singing Bowl","floor":24},{"not_picked":["Perfected Strike","Pommel Strike","Havoc"],"picked":"Singing Bowl","floor":27},{"not_picked":["Spot Weakness+1","Disarm","Headbutt"],"picked":"Singing Bowl","floor":29},{"not_picked":["Rage+1","Perfected Strike","Shockwave+1"],"picked":"Singing Bowl","floor":31}],"player_experience":430210,"relics_obtained":[{"floor":7,"key":"Singing Bowl"},{"floor":9,"key":"Art of War"},{"floor":13,"key":"Oddly Smooth Stone"},{"floor":26,"key":"Du-Vu Doll"},{"floor":29,"key":"Lantern"},{"floor":30,"key":"Tiny Chest"}],"event_choices":[{"event_name":"The Cleric","player_choice":"Healed","floor":3,"damage_taken":0},{"event_name":"Living Wall","player_choice":"Forget","floor":4,"damage_taken":0},{"event_name":"Upgrade Shrine","player_choice":"Upgraded","floor":14,"damage_taken":0}],"is_beta":false,"boss_relics":[{"not_picked":["Coffee Dripper","Mark of Pain"],"picked":"Ectoplasm"}],"items_purged_floors":[19],"is_endless":false,"potions_floor_spawned":[1,2,11,13,18,21,29],"killed_by":"Champ","ascension_level":6}