{"path_per_floor":["M","M","?","$","?","E","$","R","T","R","?","R","E","M","R","B",null,"M","?","?"],"character_chosen":"DEFECT","items_purchased":["Ball Lightning","Hello World"],"gold_per_floor":[114,132,132,83,83,127,56,56,56,56,56,56,91,115,115,211,211,231,231,231,231],"floor_reached":21,"campfire_rested":2,"playtime":764,"current_hp_per_floor":[61,61,43,43,43,10,10,29,29,48,48,48,30,32,32,34,57,21,21,21,0],"items_purged":[],"gold":231,"score":408,"play_id":"f3db7ee1-4ffe-46fb-8278-3a43d1a37df1","local_time":"20180510163953","is_prod":false,"is_daily":false,"chose_seed":false,"is_ascension_mode":true,"campfire_upgraded":2,"timestamp":1525988393,"path_taken":["M","M","?","?","?","E","$","R","T","R","?","R","E","M","R","BOSS","M","?","?","M"],"build_version":"2018-05-10","seed_source_timestamp":154238345283814,"purchased_purges":1,"victory":false,"master_deck":["Strike_B","Strike_B","Strike_B","Strike_B","Defend_B","Defend_B","Defend_B","Defend_B","Zap+1","Dualcast","AscendersBane","Ball Lightning","Ball Lightning","Chill","Hello World+1","Reinforced Body+1","Capacitor+1","Creative AI+1","BootSequence","Decay"],"max_hp_per_floor":[71,71,71,71,64,64,64,64,64,64,64,64,64,64,64,64,64,64,64,64,64],"relics":["Velvet Choker","Torii","Golden Idol","Frozen Egg 2","Mummified Hand","Blood Vial","Cursed Key"],"card_choices":[{"not_picked":["Skim","Capacitor"],"picked":"Ball Lightning","floor":1},{"not_picked":["Buffer","Ball Lightning"],"picked":"Chill","floor":6},{"not_picked":["Go for the Eyes","Axe Kick"],"picked":"Reinforced Body","floor":13},{"not_picked":["Hologram","Double Energy"],"picked":"Capacitor","floor":14},{"not_picked":["All For One","Thunder Strike"],"picked":"Creative AI","floor":16},{"not_picked":["Reprogram","Beam Cell"],"picked":"BootSequence","floor":18}],"player_experience":240101,"potions_floor_usage":[],"damage_taken":[{"damage":3,"enemies":"Jaw Worm","floor":1,"turns":4},{"damage":0,"enemies":"2 Louse","floor":2,"turns":2},{"damage":33,"enemies":"Gremlin Nob","floor":6,"turns":4},{"damage":18,"enemies":"Lagavulin","floor":13,"turns":6},{"damage":0,"enemies":"Cultist","floor":14,"turns":2},{"damage":0,"enemies":"The Guardian","floor":16,"turns":10},{"damage":38,"enemies":"Chosen","floor":18,"turns":6},{"damage":28,"enemies":"Spheric Guardian","floor":21,"turns":4}],"event_choices":[{"event_name":"Scrap Ooze","player_choice":"success","floor":3,"damage_taken":18},{"event_name":"Golden Idol","player_choice":"Lose Max HP","floor":5,"damage_taken":0},{"event_name":"Liars Game","player_choice":"disagreed","floor":11,"damage_taken":0},{"event_name":"Drug Dealer","player_choice":"Ignored","floor":19,"damage_taken":0},{"event_name":"Wheel of Change","player_choice":"Curse","floor":20,"damage_taken":0}],"boss_relics":[{"not_picked":["Lizard Tail","White Beast Statue"],"picked":"Cursed Key"}],"potions_floor_spawned":[6],"seed_played":"3355915294797747141","killed_by":"Spheric Guardian","ascension_level":15,"is_trial":false}