{"path_per_floor":["M","?","M","?","?","E","R","M","T","R","M","$","R","M","R","B",null,"M","$","?","M","$","R","M","R","T","R","$","E","R","M","R","B",null,"M","M","?","$","?","R","M","R","T","R","$","M","M"],"character_chosen":"THE_SILENT","items_purchased":["Footwork","Malaise","Dexterity Potion"],"gold_per_floor":[113,113,131,131,131,162,162,181,206,206,227,79,79,104,104,199,199,199,199,199,199,12,12,12,12,12,12,12,12,12,12,12,12,12,12,12,12,12,12,12,12,12,12,12,12,12,12,12],"floor_reached":48,"campfire_rested":5,"playtime":2846,"current_hp_per_floor":[56,49,39,61,45,17,36,36,36,55,36,36,36,30,49,4,51,45,45,45,52,52,52,52,52,52,52,52,52,52,52,66,30,57,46,25,58,58,58,58,16,48,48,48,48,47,18,0],"items_purged":["Strike_G","Strike_G"],"gold":12,"score":804,"play_id":"02a44c37-0abb-441d-b5ca-9d0e5e5b5d59","local_time":"20180323172739","is_prod":false,"is_daily":false,"is_ascension_mode":true,"campfire_upgraded":7,"timestamp":1521844059,"path_taken":["M","?","M","?","?","E","R","?","T","R","M","$","R","M","R","BOSS","M","?","?","M","$","R","M","R","T","R","$","E","R","?","R","BOSS","M","M","?","$","?","R","M","R","T","R","$","M","?","M"],"build_version":"2018-03-22v2","purchased_purges":2,"victory":false,"master_deck":["Defend_G","Defend_G","Defend_G","Defend_G","Defend_G","Strike_G","Survivor","Neutralize","AscendersBane","Noxious Fumes+1","Backflip+1","Backflip+1","Footwork+1","Adrenaline","Deadly Poison","Malaise+1","Catalyst+1","Footwork+1","Burst+1","Pain","All Out Attack+1"],"max_hp_per_floor":[66,66,66,66,66,66,66,66,66,66,66,66,66,66,66,66,66,66,66,66,66,66,66,66,66,66,66,66,66,66,66,66,66,66,66,66,58,58,58,58,58,58,58,58,58,58,58,58],"relics":["Ring of the Snake","Golden Idol","Mummified Hand","Snake Skull","Ectoplasm","Ancient Tea Set","Omamori","Calling Bell","Regal Pillow","Happy Flower","Orichalcum","Prayer Wheel"],"card_choices":[{"not_picked":["Setup","Footwork"],"picked":"Noxious Fumes","floor":1},{"not_picked":["Dagger Throw","All Out Attack"],"picked":"Backflip","floor":3},{"not_picked":["Poisoned Stab","Prepared"],"picked":"Backflip","floor":11},{"not_picked":["Storm of Steel","After Image"],"picked":"Adrenaline","floor":16},{"not_picked":["Underhanded Strike","Dagger Throw"],"picked":"Deadly Poison","floor":21},{"not_picked":["Masterful Stab","Bouncing Flask"],"picked":"Catalyst","floor":24},{"not_picked":["Prepared","Acrobatics"],"picked":"Footwork","floor":31},{"not_picked":["Adrenaline","Glass Knife"],"picked":"Burst","floor":33},{"not_picked":["Dagger Spray","Blade Dance"],"picked":"All Out Attack","floor":36}],"player_experience":330752,"potions_floor_usage":[8,16,16,21,29,33,33,33,41],"damage_taken":[{"damage":3,"enemies":"2 Louse","floor":1,"turns":4},{"damage":10,"enemies":"Small Slimes","floor":3,"turns":5},{"damage":28,"enemies":"3 Sentries","floor":6,"turns":10},{"damage":0,"enemies":"Jaw Worm","floor":8,"turns":6},{"damage":19,"enemies":"Lots of Slimes","floor":11,"turns":5},{"damage":6,"enemies":"Blue Slaver","floor":14,"turns":5},{"damage":45,"enemies":"Hexaghost","floor":16,"turns":15},{"damage":6,"enemies":"3 Byrds","floor":18,"turns":6},{"damage":5,"enemies":"Spheric Guardian","floor":21,"turns":7},{"damage":0,"enemies":"Centurion and Healer","floor":24,"turns":9},{"damage":0,"enemies":"Book of Stabbing","floor":29,"turns":7},{"damage":0,"enemies":"Snecko","floor":31,"turns":5},{"damage":36,"enemies":"Collector","floor":33,"turns":10},{"damage":11,"enemies":"3 Darklings","floor":35,"turns":6},{"damage":21,"enemies":"3 Shapes","floor":36,"turns":5},{"damage":54,"enemies":"Sphere and 2 Shapes","floor":41,"turns":7},{"damage":1,"enemies":"3 Darklings","floor":46,"turns":5},{"damage":29,"enemies":"Maw","floor":47,"turns":8},{"damage":29,"enemies":"4 Shapes","floor":48,"turns":3}],"event_choices":[{"event_name":"Golden Wing","player_choice":"Card Removal","floor":2,"damage_taken":0},{"event_name":"Big Fish","player_choice":"Banana","floor":4,"damage_taken":0},{"event_name":"Golden Idol","player_choice":"Take Damage","floor":5,"damage_taken":0},{"event_name":"The Lab","player_choice":"Got Potions","floor":20,"damage_taken":0},{"event_name":"The Moai Head","player_choice":"Heal","floor":37,"damage_taken":0}],"boss_relics":[{"not_picked":["Tiny House","Question Card"],"picked":"Ectoplasm"},{"not_picked":["Eternal Feather","Philosopher\u0027s Stone"],"picked":"Calling Bell"}],"potions_floor_spawned":[1,3,6,18,24,29,36,47],"seed_played":"2002222218225013997","killed_by":"4 Shapes","ascension_level":14,"is_trial":false}