{"gold_per_floor":[112,112,123,48,48,48,78,78,155,185,198,209,241,241,241,241],"floor_reached":16,"playtime":387,"items_purged":["Strike_R"],"score":257,"play_id":"9f83a500-b596-49d9-bd4e-a0568a8f3ccc","local_time":"20181230083641","is_ascension_mode":true,"campfire_choices":[{"data":"Fire Breathing","floor":6,"key":"SMITH"},{"data":"Berserk","floor":8,"key":"SMITH"},{"floor":15,"key":"REST"}],"neow_cost":"NONE","seed_source_timestamp":745034274238638,"circlet_count":0,"master_deck":["AscendersBane","Strike_R","Strike_R","Strike_R","Defend_R","Defend_R","Defend_R","Defend_R","Bash","Combust","Fire Breathing+1","Sword Boomerang+1","Berserk+1","Clothesline+1"],"relics":["Burning Blood","NeowsBlessing","Gremlin Horn","Ice Cream","Ornamental Fan","Red Skull","Potion Belt"],"potions_floor_usage":[12],"damage_taken":[{"damage":0,"enemies":"Jaw Worm","floor":1,"turns":1},{"damage":0,"enemies":"Cultist","floor":3,"turns":1},{"damage":0,"enemies":"3 Sentries","floor":7,"turns":1},{"damage":33,"enemies":"Gremlin Nob","floor":10,"turns":4},{"damage":4,"enemies":"Small Slimes","floor":11,"turns":3},{"damage":12,"enemies":"Looter","floor":12,"turns":3},{"damage":13,"enemies":"Lagavulin","floor":13,"turns":5},{"damage":36,"enemies":"Hexaghost","floor":16,"turns":6}],"seed_played":"8177990150700432355","potions_obtained":[{"floor":1,"key":"Explosive Potion"},{"floor":10,"key":"Explosive Potion"}],"is_trial":false,"path_per_floor":["M","?","M","$","T","R","E","R","T","E","M","M","E","?","R","B"],"character_chosen":"IRONCLAD","items_purchased":[],"campfire_rested":1,"item_purchase_floors":[],"current_hp_per_floor":[74,74,75,75,75,75,75,75,75,48,50,44,37,14,36,0],"gold":241,"neow_bonus":"THREE_ENEMY_KILL","is_prod":false,"is_daily":false,"chose_seed":false,"campfire_upgraded":2,"win_rate":0,"timestamp":1546130201,"path_taken":["M","?","M","?","?","R","E","R","T","E","?","M","E","?","R","BOSS"],"build_version":"2018-12-20","purchased_purges":1,"victory":false,"max_hp_per_floor":[75,75,75,75,75,75,75,75,75,75,75,75,75,75,75,75],"card_choices":[{"not_picked":["Flex","Iron Wave"],"picked":"Combust","floor":1},{"not_picked":["Anger","Hemokinesis"],"picked":"Sword Boomerang","floor":3},{"not_picked":["Clash","Pummel"],"picked":"Berserk","floor":7},{"not_picked":["Burning Pact","Metallicize","Twin Strike"],"picked":"SKIP","floor":10},{"not_picked":["Flex","Searing Blow","Havoc"],"picked":"SKIP","floor":11},{"not_picked":["Twin Strike","Pummel"],"picked":"Clothesline","floor":12},{"not_picked":["Rupture","Sentinel","Heavy Blade"],"picked":"SKIP","floor":13}],"player_experience":632290,"relics_obtained":[{"floor":5,"key":"Gremlin Horn"},{"floor":7,"key":"Ice Cream"},{"floor":9,"key":"Ornamental Fan"},{"floor":10,"key":"Red Skull"},{"floor":13,"key":"Potion Belt"}],"event_choices":[{"damage_healed":0,"gold_gain":0,"cards_transformed":["Strike_R"],"player_choice":"Transformed","damage_taken":0,"max_hp_gain":0,"max_hp_loss":0,"event_name":"Transmorgrifier","floor":2,"gold_loss":0,"cards_obtained":["Fire Breathing"]},{"damage_healed":0,"gold_gain":0,"player_choice":"Entered Light","damage_taken":23,"max_hp_gain":0,"max_hp_loss":0,"event_name":"Shining Light","floor":14,"gold_loss":0,"cards_upgraded":["Clothesline","Sword Boomerang"]}],"is_beta":false,"boss_relics":[],"items_purged_floors":[4],"is_endless":false,"potions_floor_spawned":[1,10],"killed_by":"Hexaghost","ascension_level":16}