{"gold_per_floor":[112,62,72,72,72,72,86,86,164,190,92,106,124,137,137,239,239,251,102,102,102,122,122],"floor_reached":23,"playtime":985,"items_purged":["Defend_R","Perfected Strike+1"],"score":277,"play_id":"f3f8e412-527c-4ee0-9ed2-9abe099085a9","local_time":"20180815224847","is_ascension_mode":true,"campfire_choices":[{"data":"Uppercut","floor":6,"key":"SMITH"},{"data":"Bash","floor":8,"key":"SMITH"},{"data":"Strike_R","floor":15,"key":"PURGE"}],"neow_cost":"NONE","seed_source_timestamp":17885420202853,"circlet_count":0,"master_deck":["Bash+1","Uppercut+1","Shrug It Off","Thunderclap+1","Pommel Strike+1","Feed+1","Pummel+1","Warcry","Warcry","Second Wind","Clothesline+1","Iron Wave+1"],"relics":["Burning Blood","NeowsBlessing","Bottled Flame","Molten Egg 2","Peace Pipe","Pandora\u0027s Box","Nilry\u0027s Codex"],"potions_floor_usage":[14,16],"damage_taken":[{"damage":0,"enemies":"Cultist","floor":1,"turns":1},{"damage":0,"enemies":"Small Slimes","floor":3,"turns":1},{"damage":0,"enemies":"Jaw Worm","floor":7,"turns":1},{"damage":20,"enemies":"Gremlin Nob","floor":10,"turns":4},{"damage":24,"enemies":"Exordium Thugs","floor":12,"turns":5},{"damage":9,"enemies":"Large Slime","floor":13,"turns":5},{"damage":4,"enemies":"3 Louse","floor":14,"turns":2},{"damage":41,"enemies":"Slime Boss","floor":16,"turns":11},{"damage":22,"enemies":"Shell Parasite","floor":18,"turns":5},{"damage":27,"enemies":"Chosen","floor":22,"turns":5},{"damage":22,"enemies":"Slavers","floor":23,"turns":1}],"seed_played":"3689440935349211278","potions_obtained":[{"floor":1,"key":"Strength Potion"},{"floor":7,"key":"Swift Potion"},{"floor":13,"key":"Energy Potion"},{"floor":16,"key":"Dexterity Potion"}],"is_trial":false,"path_per_floor":["M","?","M","$","T","R","M","R","T","E","$","M","M","M","R","B",null,"M","$","?","?","M"],"character_chosen":"IRONCLAD","items_purchased":["Shrug It Off","Iron Wave+1"],"campfire_rested":0,"item_purchase_floors":[11,19],"current_hp_per_floor":[78,78,80,80,80,80,80,80,80,66,66,48,45,47,47,12,63,51,51,35,35,18,0],"gold":122,"neow_bonus":"THREE_ENEMY_KILL","is_prod":false,"is_daily":false,"chose_seed":false,"campfire_upgraded":2,"win_rate":0,"timestamp":1534344527,"path_taken":["M","?","?","$","?","R","M","R","T","E","?","M","M","M","R","BOSS","M","$","?","?","?","E"],"build_version":"2018-08-09","purchased_purges":2,"victory":false,"max_hp_per_floor":[80,80,80,80,80,80,80,80,80,80,80,80,80,80,80,80,80,84,84,84,84,88,88],"card_choices":[{"not_picked":["Pummel","Burning Pact"],"picked":"Uppercut","floor":1},{"not_picked":["Searing Blow","Havoc","Clothesline"],"picked":"SKIP","floor":3},{"not_picked":["Havoc","Thunderclap","Heavy Blade"],"picked":"SKIP","floor":7},{"not_picked":["Flex","Corruption","Shockwave"],"picked":"SKIP","floor":10},{"not_picked":["Pummel+1","Sever Soul+1"],"picked":"Thunderclap+1","floor":12},{"not_picked":["Metallicize","Juggernaut","Searing Blow+1"],"picked":"SKIP","floor":13},{"not_picked":["Power Through","Ghostly Armor"],"picked":"Pommel Strike+1","floor":14},{"not_picked":["Dark Embrace","Berserk"],"picked":"Feed+1","floor":16},{"not_picked":["Perfected Strike+1","Anger+1","Thunderclap+1"],"picked":"SKIP","floor":18},{"not_picked":["Wild Strike+1","Sword Boomerang+1","Warcry"],"picked":"SKIP","floor":22}],"player_experience":456341,"relics_obtained":[{"floor":5,"key":"Bottled Flame"},{"floor":9,"key":"Molten Egg 2"},{"floor":10,"key":"Peace Pipe"},{"floor":20,"key":"Nilry\u0027s Codex"}],"event_choices":[{"event_name":"The Cleric","player_choice":"Card Removal","floor":2,"damage_taken":0},{"event_name":"Cursed Tome","player_choice":"Obtained Book","floor":20,"damage_taken":0},{"event_name":"Drug Dealer","player_choice":"Ignored","floor":21,"damage_taken":0}],"is_beta":false,"boss_relics":[{"not_picked":["Eternal Feather","Runic Cube"],"picked":"Pandora\u0027s Box"}],"items_purged_floors":[11,19],"is_endless":false,"potions_floor_spawned":[1,7,13,16],"killed_by":"Slavers","ascension_level":9}