{"path_per_floor":["M","M","M","M","$","R","E","R","T","?","M","?","R","$","R","B",null,"M","M","?","T","$","R","?","?","T","R","M","M","R","M","R","B",null,"M","M","$","T","$","R","M","R","T","R","?","T","M","M","R","B"],"character_chosen":"DEFECT","items_purchased":["Glacier","Weak Potion","Leap","Blizzard","Regen Potion"],"gold_per_floor":[117,132,148,158,15,15,46,46,46,46,57,57,57,8,8,112,112,129,145,145,196,73,73,73,0,56,56,75,89,89,101,101,197,197,216,235,201,248,71,71,91,91,115,115,115,115,132,147,147,147],"floor_reached":51,"campfire_rested":0,"playtime":2619,"current_hp_per_floor":[68,59,58,55,55,55,41,41,41,41,46,51,51,51,51,52,73,80,76,76,76,76,76,61,61,61,61,77,85,85,85,85,62,79,85,85,85,85,85,85,85,85,85,85,74,74,70,85,85,30],"items_purged":["Defend_B","Defend_B","Defend_B"],"gold":147,"score":794,"play_id":"61b2021f-7860-4b08-8a4a-5d1920d6f53c","local_time":"20180428184602","is_prod":false,"is_daily":false,"chose_seed":false,"is_ascension_mode":true,"campfire_upgraded":12,"timestamp":1524959162,"path_taken":["M","M","M","M","$","R","E","R","T","?","?","?","R","$","R","BOSS","M","M","?","?","$","R","?","?","T","R","M","M","R","?","R","BOSS","M","M","$","?","$","R","M","R","T","R","?","?","?","M","R","BOSS"],"build_version":"2018-04-27v3","seed_source_timestamp":109705464258638,"purchased_purges":4,"victory":true,"master_deck":["Defend_B+1","Zap+1","Dualcast+1","Sweeping Beam+1","FTL+1","Self Repair","Glacier+1","Ball Lightning+1","Ball Lightning+1","Self Repair+1","Undo+1","Meteor Strike+1","Static Discharge+1","Leap+1","Chill","Reinforced Body+1","Echo Form+1","Double Energy+1","Blizzard+1","Madness+1","Madness"],"max_hp_per_floor":[75,75,75,75,75,75,75,75,75,75,75,80,80,80,80,80,80,80,80,80,80,80,80,85,85,85,85,85,85,85,85,85,85,85,85,85,85,85,85,85,85,85,85,85,85,85,85,85,85,85],"relics":["Cracked Core","Art of War","Anchor","Meat on the Bone","Astrolabe","Oddly Smooth Stone","Tiny Chest","Runic Dome","Whetstone","Bronze Scales","Symbiotic Virus"],"card_choices":[{"not_picked":["Turbo","Beam Cell"],"picked":"Sweeping Beam","floor":1},{"not_picked":["Skim","Axe Kick"],"picked":"FTL","floor":3},{"not_picked":["Blizzard","Heatsinks"],"picked":"Self Repair","floor":4},{"not_picked":["Turbo","Reprogram"],"picked":"Ball Lightning","floor":7},{"not_picked":["Barrage","Capacitor"],"picked":"Ball Lightning","floor":11},{"not_picked":["Scrape","Stack"],"picked":"Static Discharge","floor":19},{"not_picked":["Ball Lightning","Sweeping Beam"],"picked":"Chill","floor":28},{"not_picked":["Sweeping Beam","Doom and Gloom"],"picked":"Reinforced Body","floor":29},{"not_picked":["Fission","Reboot"],"picked":"Echo Form","floor":33},{"not_picked":["Auto Shields","Stack"],"picked":"Double Energy","floor":36}],"player_experience":84298,"potions_floor_usage":[7,7,16,29,33,36,48,50],"damage_taken":[{"damage":7,"enemies":"Small Slimes","floor":1,"turns":3},{"damage":9,"enemies":"Jaw Worm","floor":2,"turns":4},{"damage":1,"enemies":"Cultist","floor":3,"turns":3},{"damage":3,"enemies":"Blue Slaver","floor":4,"turns":3},{"damage":14,"enemies":"Lagavulin","floor":7,"turns":5},{"damage":2,"enemies":"Looter","floor":11,"turns":3},{"damage":6,"enemies":"The Guardian","floor":16,"turns":12},{"damage":8,"enemies":"Chosen","floor":18,"turns":5},{"damage":11,"enemies":"Spheric Guardian","floor":19,"turns":4},{"damage":1,"enemies":"Chosen and Byrds","floor":28,"turns":5},{"damage":7,"enemies":"Centurion and Healer","floor":29,"turns":6},{"damage":36,"enemies":"Slaver and Parasite","floor":31,"turns":10},{"damage":45,"enemies":"Automaton","floor":33,"turns":11},{"damage":6,"enemies":"3 Shapes","floor":35,"turns":7},{"damage":14,"enemies":"3 Darklings","floor":36,"turns":8},{"damage":56,"enemies":"Flame Bruiser 2 Orb","floor":41,"turns":4},{"damage":10,"enemies":"4 Shapes","floor":47,"turns":3},{"damage":3,"enemies":"3 Darklings","floor":48,"turns":5},{"damage":109,"enemies":"Donu and Deca","floor":50,"turns":11}],"event_choices":[{"event_name":"Liars Game","player_choice":"disagreed","floor":10,"damage_taken":0},{"event_name":"Big Fish","player_choice":"Donut","floor":12,"damage_taken":0},{"event_name":"Bonfire Elementals","player_choice":"BASIC","floor":20,"damage_taken":0},{"event_name":"Forgotten Altar","player_choice":"Shed Blood","floor":24,"damage_taken":0},{"event_name":"Masked Bandits","player_choice":"Paid Bandits 73 gold","floor":25,"damage_taken":0},{"event_name":"Winding Halls","player_choice":"Embrace Madness","floor":45,"damage_taken":0}],"boss_relics":[{"not_picked":["Pandora\u0027s Box","Cursed Key"],"picked":"Astrolabe"},{"not_picked":["Eternal Feather","Philosopher\u0027s Stone"],"picked":"Runic Dome"}],"potions_floor_spawned":[2,4,7,11,16,19,29,31,36,41],"seed_played":"13304885589693986","ascension_level":5,"is_trial":false}