{"gold_per_floor":[113,15,15,28,45,45,74,74,74,21,21,1,1,18,18,118,118,128,128,144,158,158,158,191,191,191,211,229,229,247,258,258,258],"floor_reached":33,"playtime":1683,"items_purged":["Strike_R"],"score":427,"play_id":"58622a07-d271-42c8-bbf4-43b715531cdf","local_time":"20181217134322","is_ascension_mode":true,"campfire_choices":[{"data":"Flame Barrier","floor":8,"key":"SMITH"},{"data":"Uppercut","floor":11,"key":"SMITH"},{"data":"Cleave","floor":13,"key":"SMITH"},{"data":"Cleave","floor":15,"key":"SMITH"},{"data":"Bash","floor":23,"key":"SMITH"},{"data":"Dropkick","floor":25,"key":"SMITH"},{"floor":29,"key":"REST"},{"data":"Mind Blast","floor":32,"key":"SMITH"}],"neow_cost":"NONE","seed_source_timestamp":414149018492377,"circlet_count":0,"master_deck":["AscendersBane","Strike_R","Strike_R+1","Strike_R+1","Strike_R","Defend_R","Defend_R","Defend_R","Defend_R","Bash+1","Flame Barrier+1","Clash+1","Cleave+1","Cleave+1","Uppercut+1","True Grit+1","Armaments+1","Double Tap+1","Flex+1","Exhume+1","Mind Blast+1","Bloodletting+1","Pommel Strike+1","Dropkick+1","Sentinel+1","Flame Barrier+1","Clash"],"relics":["Burning Blood","Gremlin Horn","Toxic Egg 2","Velvet Choker","Bag of Marbles","Smiling Mask"],"potions_floor_usage":[16],"damage_taken":[{"damage":6,"enemies":"Cultist","floor":1,"turns":4},{"damage":2,"enemies":"Jaw Worm","floor":4,"turns":3},{"damage":3,"enemies":"Small Slimes","floor":5,"turns":4},{"damage":8,"enemies":"3 Sentries","floor":7,"turns":6},{"damage":0,"enemies":"3 Louse","floor":14,"turns":2},{"damage":39,"enemies":"The Guardian","floor":16,"turns":12},{"damage":0,"enemies":"Spheric Guardian","floor":18,"turns":3},{"damage":24,"enemies":"3 Byrds","floor":20,"turns":5},{"damage":33,"enemies":"Centurion and Healer","floor":21,"turns":5},{"damage":20,"enemies":"Slavers","floor":24,"turns":5},{"damage":10,"enemies":"3 Cultists","floor":27,"turns":6},{"damage":3,"enemies":"Snake Plant","floor":28,"turns":1},{"damage":0,"enemies":"Snecko","floor":30,"turns":2},{"damage":13,"enemies":"Chosen and Byrds","floor":31,"turns":3},{"damage":40,"enemies":"Automaton","floor":33,"turns":4}],"seed_played":"8210944061385193961","potions_obtained":[{"floor":1,"key":"Block Potion"},{"floor":7,"key":"FearPotion"},{"floor":16,"key":"Ancient Potion"}],"is_trial":false,"path_per_floor":["M","$","?","M","M","$","E","R","T","$","R","?","R","M","R","B",null,"M","?","M","M","?","R","E","R","T","M","M","R","M","M","R","B"],"character_chosen":"IRONCLAD","items_purchased":["Clash","True Grit+1"],"campfire_rested":1,"item_purchase_floors":[2,10],"current_hp_per_floor":[72,72,56,60,63,63,61,61,61,61,61,61,61,67,67,34,69,75,75,57,30,30,30,16,16,16,12,15,39,45,38,38,0],"gold":258,"neow_bonus":"UPGRADE_CARD","is_prod":false,"is_daily":false,"chose_seed":false,"campfire_upgraded":7,"win_rate":0,"timestamp":1545025402,"path_taken":["M","$","?","M","M","?","E","R","T","$","R","?","R","M","R","BOSS","M","?","M","?","?","R","E","R","T","?","M","R","M","M","R","BOSS"],"build_version":"2018-12-13","purchased_purges":1,"victory":false,"max_hp_per_floor":[80,80,80,80,80,80,80,80,80,80,80,80,80,80,80,80,80,80,80,80,80,80,80,80,80,80,80,80,80,80,80,80,80],"card_choices":[{"not_picked":["Sever Soul","Warcry"],"picked":"Flame Barrier","floor":1},{"not_picked":["Hemokinesis","Pommel Strike"],"picked":"Cleave","floor":4},{"not_picked":["Pummel","Clothesline"],"picked":"Cleave","floor":5},{"not_picked":["Combust","Iron Wave"],"picked":"Uppercut","floor":7},{"not_picked":["Searing Blow","Thunderclap"],"picked":"Armaments+1","floor":14},{"not_picked":["Fiend Fire","Bludgeon"],"picked":"Double Tap+1","floor":16},{"not_picked":["Wild Strike","Burning Pact+1"],"picked":"Flex+1","floor":18},{"not_picked":["Armaments+1","Thunderclap+1"],"picked":"Pommel Strike+1","floor":20},{"not_picked":["Clothesline","True Grit+1","Iron Wave"],"picked":"SKIP","floor":21},{"not_picked":["Carnage","Entrench+1"],"picked":"Dropkick","floor":24},{"not_picked":["Iron Wave","Body Slam+1"],"picked":"Sentinel+1","floor":27},{"not_picked":["Pommel Strike","Corruption","Inflame+1"],"picked":"SKIP","floor":28},{"not_picked":["Infernal Blade+1","Carnage"],"picked":"Flame Barrier+1","floor":30},{"not_picked":["Anger+1","Brutality"],"picked":"Clash","floor":31}],"player_experience":583853,"relics_obtained":[{"floor":7,"key":"Gremlin Horn"},{"floor":9,"key":"Toxic Egg 2"},{"floor":24,"key":"Bag of Marbles"},{"floor":26,"key":"Smiling Mask"}],"event_choices":[{"damage_healed":0,"gold_gain":0,"player_choice":"Entered Light","damage_taken":16,"max_hp_gain":0,"max_hp_loss":0,"event_name":"Shining Light","floor":3,"gold_loss":0,"cards_upgraded":["Strike_R","Clash"]},{"damage_healed":0,"gold_gain":0,"player_choice":"Left Gold","damage_taken":0,"max_hp_gain":0,"max_hp_loss":0,"event_name":"World of Goop","floor":12,"gold_loss":20},{"damage_healed":0,"gold_gain":0,"player_choice":"3 cards matched","damage_taken":0,"max_hp_gain":0,"max_hp_loss":0,"event_name":"Match and Keep!","floor":19,"gold_loss":0,"cards_obtained":["Exhume","Mind Blast","Bloodletting"]},{"damage_healed":0,"gold_gain":0,"player_choice":"Relic","damage_taken":0,"max_hp_gain":0,"max_hp_loss":0,"event_name":"Wheel of Change","floor":22,"gold_loss":0}],"is_beta":false,"boss_relics":[{"not_picked":["Coffee Dripper","Philosopher\u0027s Stone"],"picked":"Velvet Choker"}],"items_purged_floors":[2],"is_endless":false,"potions_floor_spawned":[1,7,16,21,28,31],"killed_by":"Automaton","ascension_level":12}