{"path_per_floor":["M","?","M","?","?","E","R","M","T","M","$","M","R","M","R","B",null,"M","?","$","M","M","R","M","R","T","M","M","?","R","M","R"],"character_chosen":"THE_SILENT","items_purchased":["Dagger Spray","Deadly Poison"],"gold_per_floor":[112,112,126,126,126,151,151,165,165,182,60,71,71,86,86,187,187,173,73,27,39,52,52,70,70,119,139,158,83,83,94,94],"floor_reached":33,"campfire_rested":3,"playtime":2230,"current_hp_per_floor":[59,59,58,44,44,43,43,41,41,41,41,41,41,32,32,22,58,38,38,38,35,10,31,5,26,26,17,33,33,54,43,43],"items_purged":["Strike_G"],"gold":94,"score":364,"play_id":"50b08ccc-6863-40cb-a5e9-3cee4c2021bb","is_prod":false,"is_daily":false,"is_ascension_mode":true,"campfire_upgraded":4,"path_taken":["M","?","?","?","?","E","R","M","T","?","?","M","R","M","R","BOSS","M","?","$","?","?","R","M","R","T","M","M","?","R","M","R","BOSS"],"build_version":"2018-02-22-PROD2","purchased_purges":1,"victory":false,"master_deck":["Defend_G","Defend_G","Defend_G","Defend_G","Strike_G","Strike_G","Strike_G","Survivor+1","Neutralize+1","Blade Dance+1","Blur+1","Dagger Spray","Backflip+1","J.A.X.+1","Deadly Poison","Deadly Poison","Concentrate+1","Expertise"],"max_hp_per_floor":[70,70,70,70,70,70,70,70,70,70,70,70,70,70,70,70,70,70,70,70,70,70,70,70,70,70,70,70,70,70,70,70],"relics":["Ring of the Snake","Pen Nib","Ancient Tea Set","Sundial","Lizard Tail","Bag of Marbles"],"card_choices":[{"not_picked":["Riddle With Holes","Slice"],"picked":"Blur"},{"not_picked":["Crippling Poison","Dagger Throw"],"picked":"Backflip"},{"not_picked":["Quick Slash","PiercingWail"],"picked":"Deadly Poison"},{"not_picked":["Backstab","Quick Slash"],"picked":"Concentrate"},{"not_picked":["Die Die Die","Sucker Punch"],"picked":"Expertise"}],"player_experience":188006,"potions_floor_usage":[6,6,16,16,22,22,28,33],"damage_taken":[{"damage":4,"enemies":"Cultist","floor":1,"turns":4},{"damage":1,"enemies":"2 Louse","floor":3,"turns":4},{"damage":1,"enemies":"Gremlin Nob","floor":6,"turns":3},{"damage":2,"enemies":"Jaw Worm","floor":8,"turns":3},{"damage":0,"enemies":"Large Slime","floor":10,"turns":6},{"damage":0,"enemies":"3 Louse","floor":12,"turns":2},{"damage":9,"enemies":"Exordium Thugs","floor":14,"turns":4},{"damage":10,"enemies":"The Guardian","floor":16,"turns":19},{"damage":20,"enemies":"2 Thieves","floor":18,"turns":4},{"damage":3,"enemies":"3 Byrds","floor":21,"turns":5},{"damage":25,"enemies":"Slaver and Parasite","floor":22,"turns":8},{"damage":26,"enemies":"Centurion and Healer","floor":24,"turns":11},{"damage":9,"enemies":"Chosen and Byrds","floor":27,"turns":6},{"damage":34,"enemies":"Sentry and Sphere","floor":28,"turns":7},{"damage":11,"enemies":"Slaver and Parasite","floor":31,"turns":6},{"damage":48,"enemies":"Champ","floor":33,"turns":10}],"event_choices":[{"event_name":"Transmorgrifier","player_choice":"Transform","floor":2,"damage_taken":0},{"event_name":"Shining Light","player_choice":"Entered Light","floor":4,"damage_taken":0},{"event_name":"The Lab","player_choice":"Got Potions","floor":5,"damage_taken":0},{"event_name":"Drug Dealer","player_choice":"Got JAXXED","floor":19,"damage_taken":0},{"event_name":"Beggar","player_choice":"Gave Gold","floor":29,"damage_taken":0}],"boss_relics":[{"not_picked":["Tiny House","Philosopher\u0027s Stone"],"picked":"Lizard Tail"}],"potions_floor_spawned":[1,8,12,18,27,28,31],"seed_played":"7212573687205682071","killed_by":"Champ","ascension_level":9,"is_trial":false}