{"gold_per_floor":[213,288,303,321,69,97,97,125,200,165,165,199,216,248,248,353,353,366,281,79,89,39,73,73,85,110,110,140,140],"floor_reached":29,"playtime":1624,"items_purged":["Strike_R","Strike_R"],"score":323,"play_id":"3eb078bf-762a-4e2b-8ad5-8ad54b5ac53b","local_time":"20190613213025","is_ascension_mode":true,"campfire_choices":[{"floor":7,"key":"REST"},{"floor":11,"key":"REST"},{"floor":15,"key":"REST"}],"neow_cost":"NONE","seed_source_timestamp":95216185929625,"circlet_count":0,"master_deck":["Strike_R","Strike_R","Strike_R","Defend_R","Defend_R","Defend_R","Defend_R","Bash","Ghostly Armor","Pommel Strike","Body Slam","Power Through","Second Wind","Evolve","Body Slam","Armaments"],"relics":["Burning Blood","Mummified Hand","Torii","Smiling Mask","Question Card","Shuriken","Matryoshka","Fusion Hammer","Kunai","Lantern","PreservedInsect","Darkstone Periapt","Orichalcum","Enchiridion","Red Mask"],"potions_floor_usage":[6,12,16,23,28],"damage_taken":[{"damage":1,"enemies":"2 Louse","floor":1,"turns":2},{"damage":0,"enemies":"Small Slimes","floor":3,"turns":4},{"damage":4,"enemies":"Jaw Worm","floor":4,"turns":3},{"damage":54,"enemies":"Lagavulin","floor":6,"turns":6},{"damage":37,"enemies":"Gremlin Nob","floor":8,"turns":6},{"damage":3,"enemies":"3 Sentries","floor":12,"turns":12},{"damage":1,"enemies":"3 Louse","floor":13,"turns":5},{"damage":37,"enemies":"Lagavulin","floor":14,"turns":9},{"damage":62,"enemies":"Slime Boss","floor":16,"turns":14},{"damage":34,"enemies":"Spheric Guardian","floor":18,"turns":6},{"damage":22,"enemies":"Shell Parasite","floor":21,"turns":7},{"damage":0,"enemies":"Gremlin Leader","floor":23,"turns":11},{"damage":0,"enemies":"Cultist and Chosen","floor":25,"turns":7},{"damage":22,"enemies":"Masked Bandits","floor":28,"turns":6},{"damage":43,"enemies":"Centurion and Healer","floor":29,"turns":6}],"seed_played":"-7663833171023740295","potions_obtained":[{"floor":1,"key":"Ancient Potion"},{"floor":8,"key":"Poison Potion"},{"floor":14,"key":"Ancient Potion"},{"floor":21,"key":"Swift Potion"},{"floor":25,"key":"Regen Potion"},{"floor":28,"key":"Dexterity Potion"}],"is_trial":false,"path_per_floor":["M","?","M","M","$","E","R","E","T","?","R","E","M","E","R","B",null,"M","?","$","M","$","E","?","M","T","?","?","M"],"character_chosen":"IRONCLAD","items_purchased":["Mummified Hand","Lantern"],"campfire_rested":3,"item_purchase_floors":[5,20],"current_hp_per_floor":[80,69,75,77,77,29,53,22,22,42,66,69,74,43,67,11,80,52,52,52,36,36,42,42,48,48,32,31,0],"gold":140,"neow_bonus":"HUNDRED_GOLD","is_prod":false,"is_daily":false,"chose_seed":false,"campfire_upgraded":0,"win_rate":0,"timestamp":1560429025,"path_taken":["M","?","M","M","$","E","R","E","T","?","R","E","M","E","R","BOSS","M","?","$","M","$","E","?","M","T","?","?","?"],"build_version":"2019-01-23","purchased_purges":2,"victory":false,"max_hp_per_floor":[80,80,80,80,80,80,80,80,80,80,80,80,80,80,80,80,80,80,80,80,80,80,80,80,80,80,80,80,80],"card_choices":[{"not_picked":["Sentinel","Headbutt"],"picked":"Ghostly Armor","floor":1},{"not_picked":["Heavy Blade","Cleave"],"picked":"Pommel Strike","floor":3},{"not_picked":["Blood for Blood","Twin Strike"],"picked":"Body Slam","floor":4},{"not_picked":["Carnage","Uppercut"],"picked":"Power Through","floor":6},{"not_picked":["Perfected Strike","Blood for Blood"],"picked":"Second Wind","floor":8},{"not_picked":["Warcry","Dropkick","True Grit"],"picked":"Evolve","floor":12},{"not_picked":["Thunderclap","Headbutt","Heavy Blade","Immolate"],"picked":"SKIP","floor":13},{"not_picked":["Uppercut","Iron Wave","Brutality","Carnage"],"picked":"SKIP","floor":14},{"not_picked":["Headbutt","Clash","Entrench+1","Heavy Blade"],"picked":"SKIP","floor":18},{"not_picked":["Cleave","True Grit","Sword Boomerang"],"picked":"Body Slam","floor":21},{"not_picked":["Clash","Wild Strike","Spot Weakness","Cleave+1"],"picked":"SKIP","floor":23},{"not_picked":["Wild Strike","Clothesline+1","Body Slam","Iron Wave"],"picked":"SKIP","floor":25},{"not_picked":["Searing Blow+1","Reaper","Whirlwind"],"picked":"Armaments","floor":28}],"player_experience":417992,"relics_obtained":[{"floor":6,"key":"Torii"},{"floor":8,"key":"Smiling Mask"},{"floor":9,"key":"Question Card"},{"floor":12,"key":"Shuriken"},{"floor":14,"key":"Matryoshka"},{"floor":23,"key":"PreservedInsect"},{"floor":26,"key":"Darkstone Periapt"},{"floor":26,"key":"Orichalcum"},{"floor":27,"key":"Enchiridion"},{"floor":28,"key":"Red Mask"}],"event_choices":[{"damage_healed":0,"gold_gain":75,"player_choice":"Gather Gold","damage_taken":11,"max_hp_gain":0,"max_hp_loss":0,"event_name":"World of Goop","floor":2,"gold_loss":0},{"damage_healed":20,"gold_gain":0,"player_choice":"Healed","damage_taken":0,"max_hp_gain":0,"max_hp_loss":0,"event_name":"The Cleric","floor":10,"gold_loss":35},{"damage_healed":0,"gold_gain":0,"player_choice":"Obtained Relic","damage_taken":0,"relics_obtained":["Kunai"],"max_hp_gain":0,"max_hp_loss":0,"event_name":"Addict","floor":19,"gold_loss":85},{"damage_healed":0,"gold_gain":0,"player_choice":"Ignored","damage_taken":0,"max_hp_gain":0,"max_hp_loss":0,"event_name":"Vampires","floor":24,"gold_loss":0},{"damage_healed":0,"gold_gain":0,"player_choice":"Obtained Book","damage_taken":16,"max_hp_gain":0,"max_hp_loss":0,"event_name":"Cursed Tome","floor":27,"gold_loss":0},{"damage_healed":0,"gold_gain":0,"player_choice":"Fought Bandits","damage_taken":0,"max_hp_gain":0,"max_hp_loss":0,"event_name":"Masked Bandits","floor":28,"gold_loss":0}],"is_beta":false,"boss_relics":[{"not_picked":["Eternal Feather","Black Blood"],"picked":"Fusion Hammer"}],"items_purged_floors":[20,22],"is_endless":false,"potions_floor_spawned":[1,8,14,21,25,28],"killed_by":"Centurion and Healer","ascension_level":2}