{"path_per_floor":["M","?","?","M","M","R","M","?","T","M","$","R","M","M","R","B",null,"M","M","M","?","$","?","R","?","T","M","M","R","M","M","R"],"character_chosen":"THE_SILENT","items_purchased":["Blade Dance","Regal Pillow"],"gold_per_floor":[118,193,193,204,223,223,242,242,292,307,197,197,210,223,223,325,325,337,352,362,362,114,39,39,39,339,358,368,368,384,404,404],"floor_reached":33,"campfire_rested":6,"playtime":2340,"current_hp_per_floor":[55,44,37,37,27,48,48,34,34,17,17,38,25,16,37,20,70,43,17,27,27,27,27,63,63,63,40,25,61,30,11,47],"items_purged":["Strike_G","Defend_G"],"gold":404,"play_id":"38c69a76-ecd9-4d5f-81f2-74849acd6b9f","is_prod":false,"is_daily":false,"is_ascension_mode":false,"campfire_upgraded":0,"path_taken":["M","?","?","M","M","R","?","?","T","?","$","R","M","M","R","BOSS","M","M","M","?","$","?","R","?","T","M","M","R","M","?","R","BOSS"],"build_version":"2018-02-01-PROD3","purchased_purges":2,"victory":false,"master_deck":["Defend_G+1","Defend_G+1","Strike_G","Strike_G","Strike_G","Survivor+1","Neutralize","Slice","Dagger Spray","Blade Dance+1","Finisher","Blade Dance","Terror","Prepared","Burst","Finisher","Finisher+1","Poisoned Stab+1","Flying Knee","Finisher+1"],"max_hp_per_floor":[70,70,70,70,70,70,70,70,70,70,70,70,70,70,70,70,70,70,70,70,70,70,70,70,70,70,70,70,70,70,70,70],"relics":["Ring of the Snake","War Paint","Lizard Tail","Regal Pillow","Old Coin"],"card_choices":[{"not_picked":["Sucker Punch","Quick Slash"],"picked":"Slice"},{"not_picked":["Deadly Poison","Dash"],"picked":"Dagger Spray"},{"not_picked":["Dagger Spray","Slice"],"picked":"Blade Dance"},{"not_picked":["Poisoned Stab","Blur"],"picked":"Finisher"},{"not_picked":["Bouncing Flask","Prepared"],"picked":"Terror"},{"not_picked":["Dagger Throw","Quick Slash"],"picked":"Prepared"},{"not_picked":["Night Terror","Phantasmal Killer"],"picked":"Burst"},{"not_picked":["Sucker Punch","Dagger Throw"],"picked":"Finisher"},{"not_picked":["Footwork","Flechettes"],"picked":"Finisher"},{"not_picked":["Well Laid Plans","Dagger Spray"],"picked":"Poisoned Stab"},{"not_picked":["Dagger Throw","Acrobatics"],"picked":"Flying Knee"},{"not_picked":["Outmaneuver","Slice"],"picked":"Finisher"}],"player_experience":28647,"potions_floor_usage":[16,27,27,28,33,33],"damage_taken":[{"damage":15,"enemies":"Small Slimes","floor":1,"turns":5},{"damage":0,"enemies":"Cultist","floor":4,"turns":4},{"damage":10,"enemies":"Jaw Worm","floor":5,"turns":3},{"damage":0,"enemies":"Exordium Wildlife","floor":7,"turns":3},{"damage":17,"enemies":"Exordium Thugs","floor":10,"turns":4},{"damage":13,"enemies":"Red Slaver","floor":13,"turns":5},{"damage":9,"enemies":"2 Fungi Beasts","floor":14,"turns":2},{"damage":17,"enemies":"Slime Boss","floor":16,"turns":10},{"damage":27,"enemies":"2 Thieves","floor":18,"turns":3},{"damage":26,"enemies":"Spheric Guardian","floor":19,"turns":5},{"damage":30,"enemies":"3 Cultists","floor":20,"turns":6},{"damage":29,"enemies":"Slaver and Parasite","floor":27,"turns":4},{"damage":15,"enemies":"Snecko","floor":28,"turns":5},{"damage":31,"enemies":"Snake Plant","floor":30,"turns":4},{"damage":19,"enemies":"3 Cultists","floor":31,"turns":4},{"damage":56,"enemies":"Collector","floor":33,"turns":3}],"event_choices":[{"event_name":"World of Goop","player_choice":"Gather Gold","floor":2,"damage_taken":0},{"event_name":"Golden Wing","player_choice":"Card Removal","floor":3,"damage_taken":0},{"event_name":"Shining Light","player_choice":"Entered Light","floor":8,"damage_taken":0},{"event_name":"Drug Dealer","player_choice":"Ignored","floor":21,"damage_taken":0},{"event_name":"Beggar","player_choice":"Gave Gold","floor":23,"damage_taken":0},{"event_name":"Back to Basics","player_choice":"Elegance","floor":25,"damage_taken":0}],"boss_relics":[{"not_picked":["Cursed Key","Snecko Eye"],"picked":"Lizard Tail"}],"potions_floor_spawned":[4,14,18,20,30,31],"seed_played":"-8448327360794177241","killed_by":"Collector","ascension_level":0,"is_trial":false}