{"gold_per_floor":[113,129,53,66,66,98,111,35,35,35,35,35],"floor_reached":12,"playtime":499,"items_purged":[],"score":94,"play_id":"b7dde58d-f8df-4c70-bd96-7a12299600ec","local_time":"20190615023753","is_ascension_mode":true,"campfire_choices":[{"data":"Blood for Blood","floor":10,"key":"SMITH"}],"neow_cost":"NONE","seed_source_timestamp":377096566643700,"circlet_count":0,"master_deck":["Strike_R","Strike_R+1","Strike_R","Strike_R+1","Strike_R","Defend_R","Defend_R","Defend_R","Defend_R","Bash","Armaments","Blood for Blood+1","Combust","Bloodletting","Rupture","Infernal Blade","Spot Weakness"],"special_seed":0,"relics":["Burning Blood","Omamori","Kunai","Toxic Egg 2","Golden Idol"],"potions_floor_usage":[],"damage_taken":[{"damage":0.0,"enemies":"Small Slimes","floor":1.0,"turns":3.0},{"damage":10.0,"enemies":"2 Louse","floor":2.0,"turns":2.0},{"damage":3.0,"enemies":"Cultist","floor":4.0,"turns":5.0},{"damage":31,"enemies":"Gremlin Nob","floor":6,"turns":4},{"damage":25,"enemies":"Gremlin Gang","floor":7,"turns":3},{"damage":26,"enemies":"3 Sentries","floor":12,"turns":3}],"seed_played":"2814684321285773168","potions_obtained":[{"floor":1.0,"key":"Block Potion"}],"is_trial":false,"path_per_floor":["M","M","$","M","?","E","M","$","T","R","?","E"],"character_chosen":"IRONCLAD","items_purchased":["Combust","Spot Weakness"],"campfire_rested":0,"item_purchase_floors":[3,8],"current_hp_per_floor":[80,76,76,79,63,38,19,19,19,19,19,0],"gold":35,"neow_bonus":"RANDOM_COMMON_RELIC","is_prod":false,"is_daily":false,"chose_seed":false,"campfire_upgraded":1,"win_rate":0,"timestamp":1560559073,"path_taken":["M","M","$","M","?","E","M","$","T","R","?","E"],"build_version":"2019-01-23","purchased_purges":0,"victory":false,"max_hp_per_floor":[80,80,80,80,80,80,80,80,80,80,74,74],"card_choices":[{"not_picked":["Sever Soul","Infernal Blade"],"picked":"Armaments","floor":1.0},{"not_picked":["Pommel Strike","Fire Breathing"],"picked":"Blood for Blood","floor":2.0},{"not_picked":["Uppercut","Havoc"],"picked":"Bloodletting","floor":4},{"not_picked":["Uppercut","Burning Pact"],"picked":"Rupture","floor":6},{"not_picked":["Rage","Ghostly Armor"],"picked":"Infernal Blade","floor":7}],"player_experience":236972,"relics_obtained":[{"floor":6,"key":"Kunai"},{"floor":9,"key":"Toxic Egg 2"}],"event_choices":[{"damage_healed":0,"gold_gain":0,"player_choice":"Entered Light","damage_taken":16,"max_hp_gain":0,"max_hp_loss":0,"event_name":"Shining Light","floor":5,"gold_loss":0,"cards_upgraded":["Strike_R","Strike_R"]},{"damage_healed":0,"gold_gain":0,"player_choice":"Lose Max HP","damage_taken":0,"relics_obtained":["Golden Idol"],"max_hp_gain":0,"max_hp_loss":6,"event_name":"Golden Idol","floor":11,"gold_loss":0}],"is_beta":false,"boss_relics":[],"items_purged_floors":[],"is_endless":false,"potions_floor_spawned":[1],"killed_by":"3 Sentries","ascension_level":4}