{"gold_per_floor":[112,129,142,142,156,184,184,26,26,26,45,58,58,69,69,69],"floor_reached":16,"playtime":549,"items_purged":[],"score":187,"play_id":"5c2769ae-7233-43ff-a0a3-cfad8e388a8e","local_time":"20190109215020","is_ascension_mode":true,"campfire_choices":[{"data":"Demon Form","floor":7,"key":"SMITH"},{"data":"Bash","floor":10,"key":"SMITH"},{"floor":15,"key":"REST"}],"neow_cost":"NONE","seed_source_timestamp":194583510079828,"circlet_count":0,"master_deck":["AscendersBane","Strike_R","Strike_R","Strike_R","Defend_R","Defend_R","Defend_R","Defend_R","Bash+1","Sword Boomerang","Pommel Strike","Ghostly Armor","Clothesline","Demon Form+1","Twin Strike"],"relics":["Burning Blood","Happy Flower","Blood Vial","Gremlin Horn"],"potions_floor_usage":[6,16,16],"damage_taken":[{"damage":5,"enemies":"Cultist","floor":1,"turns":4},{"damage":7,"enemies":"Small Slimes","floor":2,"turns":4},{"damage":8,"enemies":"Jaw Worm","floor":3,"turns":4},{"damage":11,"enemies":"Looter","floor":5,"turns":3},{"damage":15,"enemies":"Lagavulin","floor":6,"turns":6},{"damage":33,"enemies":"Lots of Slimes","floor":11,"turns":4},{"damage":10,"enemies":"2 Fungi Beasts","floor":12,"turns":4},{"damage":20,"enemies":"3 Louse","floor":14,"turns":2},{"damage":66,"enemies":"Slime Boss","floor":16,"turns":9}],"seed_played":"-337068400462213557","potions_obtained":[{"floor":3,"key":"Regen Potion"},{"floor":11,"key":"GamblersBrew"},{"floor":12,"key":"FearPotion"},{"floor":14,"key":"Energy Potion"}],"is_trial":false,"path_per_floor":["M","M","M","?","M","E","R","$","T","R","M","M","$","M","R","B"],"character_chosen":"IRONCLAD","items_purchased":["Blood Vial"],"campfire_rested":1,"item_purchase_floors":[8],"current_hp_per_floor":[69,68,66,66,61,67,67,67,67,67,42,40,40,28,50,0],"gold":69,"neow_bonus":"REMOVE_CARD","is_prod":false,"is_daily":false,"chose_seed":false,"campfire_upgraded":2,"win_rate":0,"timestamp":1547041820,"path_taken":["M","M","M","?","?","E","R","?","T","R","M","M","$","M","R","BOSS"],"build_version":"2019-01-03v4","purchased_purges":0,"victory":false,"max_hp_per_floor":[75,75,75,75,75,75,75,75,75,75,75,75,75,75,75,75],"card_choices":[{"not_picked":["Wild Strike","Armaments"],"picked":"Sword Boomerang","floor":1},{"not_picked":["Power Through","Perfected Strike"],"picked":"Pommel Strike","floor":2},{"not_picked":["Body Slam","Rage"],"picked":"Ghostly Armor","floor":3},{"not_picked":["Body Slam","Warcry"],"picked":"Demon Form","floor":5},{"not_picked":["Wild Strike","Corruption","Searing Blow"],"picked":"SKIP","floor":6},{"not_picked":["Flex","Fire Breathing"],"picked":"Twin Strike","floor":11},{"not_picked":["Pommel Strike","Anger","Rupture"],"picked":"SKIP","floor":12},{"not_picked":["Wild Strike","Sever Soul","Thunderclap"],"picked":"SKIP","floor":14}],"player_experience":654345,"relics_obtained":[{"floor":6,"key":"Happy Flower"},{"floor":9,"key":"Gremlin Horn"}],"event_choices":[{"damage_healed":0,"gold_gain":0,"cards_transformed":["Strike_R"],"player_choice":"Transformed","damage_taken":0,"max_hp_gain":0,"max_hp_loss":0,"event_name":"Transmorgrifier","floor":4,"gold_loss":0,"cards_obtained":["Clothesline"]}],"is_beta":false,"boss_relics":[],"items_purged_floors":[],"is_endless":false,"potions_floor_spawned":[3,11,12,14],"killed_by":"Slime Boss","ascension_level":16}