{"gold_per_floor":[111,71,87,16,31,31,62,40,40,67,242,254,254,224,224,224],"floor_reached":16,"playtime":901,"items_purged":[],"score":124,"play_id":"135df572-741d-46a6-be0a-a51a15572342","local_time":"20190320174257","is_ascension_mode":true,"campfire_choices":[{"data":"Cloak And Dagger","floor":6,"key":"SMITH"},{"data":"Blade Dance","floor":15,"key":"SMITH"}],"neow_cost":"NONE","seed_source_timestamp":106313192000321,"circlet_count":0,"master_deck":["Defend_G","Defend_G","Defend_G","Defend_G","Defend_G","Strike_G","Strike_G","Strike_G","Strike_G","Strike_G","Survivor","Neutralize","Grand Finale","Cloak And Dagger","Leg Sweep","Corpse Explosion","Cloak And Dagger+1","Slice","Prepared","Blur","Doubt","Blade Dance+1","Skewer"],"relics":["Ring of the Snake","Question Card","Kunai","Lantern"],"potions_floor_usage":[7,14,16,16],"damage_taken":[{"damage":4,"enemies":"Small Slimes","floor":1,"turns":6},{"damage":5,"enemies":"Cultist","floor":3,"turns":4},{"damage":0,"enemies":"Jaw Worm","floor":5,"turns":5},{"damage":4,"enemies":"Lagavulin","floor":7,"turns":4},{"damage":25,"enemies":"3 Sentries","floor":10,"turns":8},{"damage":0,"enemies":"Large Slime","floor":12,"turns":7},{"damage":1,"enemies":"Looter","floor":14,"turns":4},{"damage":31,"enemies":"Slime Boss","floor":16,"turns":9}],"seed_played":"4186912947279376673","potions_obtained":[{"floor":2,"key":"SteroidPotion"},{"floor":2,"key":"Ancient Potion"},{"floor":2,"key":"Ancient Potion"},{"floor":10,"key":"PowerPotion"}],"is_trial":false,"path_per_floor":["M","?","M","$","M","R","E","$","T","E","?","M","?","M","R","B"],"character_chosen":"THE_SILENT","items_purchased":["Corpse Explosion","Prepared"],"campfire_rested":0,"item_purchase_floors":[4,8],"current_hp_per_floor":[66,66,61,61,61,61,57,57,57,32,32,32,32,31,31,0],"gold":224,"neow_bonus":"ONE_RANDOM_RARE_CARD","is_prod":false,"is_daily":false,"chose_seed":false,"campfire_upgraded":2,"win_rate":0,"timestamp":1553118177,"path_taken":["M","?","M","?","?","R","E","$","T","E","?","M","?","M","R","BOSS"],"build_version":"2019-01-23","purchased_purges":0,"victory":false,"max_hp_per_floor":[70,70,70,70,70,70,70,70,70,70,70,70,70,70,70,70],"card_choices":[{"not_picked":["Slice","Outmaneuver"],"picked":"Cloak And Dagger","floor":1},{"not_picked":["Poisoned Stab","Heel Hook"],"picked":"Leg Sweep","floor":3},{"not_picked":["Heel Hook","Flying Knee"],"picked":"Cloak And Dagger","floor":5},{"not_picked":["Bane","Dagger Throw"],"picked":"Slice","floor":7},{"not_picked":["Burst","Riddle With Holes","Flying Knee"],"picked":"Blur","floor":10},{"not_picked":["Deadly Poison","Setup","Bane"],"picked":"Blade Dance","floor":12},{"not_picked":["Underhanded Strike","Masterful Stab","Finisher"],"picked":"Skewer","floor":14}],"player_experience":146834,"relics_obtained":[{"floor":7,"key":"Question Card"},{"floor":9,"key":"Kunai"},{"floor":10,"key":"Lantern"}],"event_choices":[{"damage_healed":0,"gold_gain":0,"player_choice":"Bought 3 Potions","damage_taken":0,"max_hp_gain":0,"max_hp_loss":0,"event_name":"The Woman in Blue","floor":2,"gold_loss":0},{"damage_healed":0,"gold_gain":175,"player_choice":"AGREE","damage_taken":0,"max_hp_gain":0,"max_hp_loss":0,"event_name":"Liars Game","floor":11,"gold_loss":0,"cards_obtained":["Doubt"]},{"damage_healed":0,"gold_gain":0,"player_choice":"Ignored","damage_taken":0,"max_hp_gain":0,"max_hp_loss":0,"event_name":"Golden Idol","floor":13,"gold_loss":0}],"is_beta":false,"boss_relics":[],"items_purged_floors":[],"is_endless":false,"potions_floor_spawned":[10,12],"killed_by":"Slime Boss","ascension_level":3}