{"gold_per_floor":[118,74,39,114,129,160,160,179,179,195,195,225,225,242,242,313,313,329,329,329,345,361,361,361],"floor_reached":24,"playtime":1029,"items_purged":[],"score":439,"play_id":"3fcc6416-9d3b-4a06-950b-7ac0d33ff03c","local_time":"20190708054641","is_ascension_mode":true,"campfire_choices":[{"data":"Streamline","floor":7,"key":"SMITH"},{"data":"Glacier","floor":13,"key":"SMITH"},{"data":"Defragment","floor":15,"key":"SMITH"},{"floor":23,"key":"REST"}],"neow_cost":"NONE","seed_source_timestamp":276325126357777,"circlet_count":0,"master_deck":["AscendersBane","Strike_B","Defend_B","Defend_B","Defend_B+1","Defend_B","Zap","Dualcast+1","Streamline+1","Defragment+1","Self Repair","Defragment","Glacier+1","Heatsinks","Hyperbeam","Melter","FTL","Undo+1"],"relics":["Cracked Core","NeowsBlessing","Bottled Flame","War Paint","Blood Vial","Nloth\u0027s Gift"],"potions_floor_usage":[12,16],"damage_taken":[{"damage":0,"enemies":"2 Louse","floor":1,"turns":1},{"damage":0,"enemies":"Jaw Worm","floor":5,"turns":1},{"damage":0,"enemies":"3 Sentries","floor":6,"turns":1},{"damage":5,"enemies":"Small Slimes","floor":8,"turns":3},{"damage":3,"enemies":"2 Fungi Beasts","floor":10,"turns":3},{"damage":6,"enemies":"Gremlin Nob","floor":12,"turns":3},{"damage":5,"enemies":"Blue Slaver","floor":14,"turns":3},{"damage":43,"enemies":"Slime Boss","floor":16,"turns":10},{"damage":13,"enemies":"Spheric Guardian","floor":18,"turns":4},{"damage":0,"enemies":"Chosen","floor":21,"turns":7},{"damage":36,"enemies":"Snake Plant","floor":22,"turns":4},{"damage":56,"enemies":"Cultist and Chosen","floor":24,"turns":7}],"seed_played":"-9150847951693725731","potions_obtained":[{"floor":5,"key":"SkillPotion"},{"floor":6,"key":"Explosive Potion"},{"floor":12,"key":"SmokeBomb"},{"floor":21,"key":"Ancient Potion"}],"is_trial":false,"path_per_floor":["M","$","?","?","M","E","R","M","T","M","?","E","R","M","R","B",null,"M","?","?","M","M","R","M"],"character_chosen":"DEFECT","items_purchased":["Defragment"],"campfire_rested":1,"item_purchase_floors":[2],"current_hp_per_floor":[64,64,71,60,60,60,60,62,62,66,59,60,60,64,64,30,61,50,50,50,59,32,53,0],"gold":361,"neow_bonus":"THREE_ENEMY_KILL","is_prod":false,"is_daily":false,"chose_seed":false,"campfire_upgraded":3,"win_rate":0,"timestamp":1562579201,"path_taken":["M","$","?","?","M","E","R","M","T","M","?","E","R","M","R","BOSS","M","?","?","M","M","R","M"],"build_version":"2019-07-03","purchased_purges":0,"victory":false,"max_hp_per_floor":[71,71,71,71,71,71,71,71,71,71,71,71,71,71,71,71,71,71,71,71,71,71,71,71],"card_choices":[{"not_picked":["Reprogram","BootSequence"],"picked":"Streamline","floor":1},{"not_picked":["Barrage","Double Energy"],"picked":"Self Repair","floor":5},{"not_picked":["Redo","Beam Cell"],"picked":"Defragment","floor":6},{"not_picked":["Redo","Ball Lightning","Defragment"],"picked":"SKIP","floor":8},{"not_picked":["Steam","Rebound","Compile Driver"],"picked":"SKIP","floor":10},{"not_picked":["Barrage","Multi-Cast"],"picked":"Glacier","floor":12},{"not_picked":["Reinforced Body","Streamline"],"picked":"Heatsinks","floor":14},{"not_picked":["Multi-Cast","Creative AI"],"picked":"Hyperbeam","floor":16},{"not_picked":["Storm","Stack"],"picked":"Melter","floor":18},{"not_picked":["Steam","Go for the Eyes"],"picked":"FTL","floor":21},{"not_picked":["Stack","Conserve Battery"],"picked":"Undo+1","floor":22}],"player_experience":695296,"relics_obtained":[{"floor":6,"key":"Bottled Flame"},{"floor":9,"key":"War Paint"},{"floor":12,"key":"Blood Vial"}],"event_choices":[{"damage_healed":17,"gold_gain":0,"player_choice":"Healed","damage_taken":0,"max_hp_gain":0,"max_hp_loss":0,"event_name":"The Cleric","floor":3,"gold_loss":35},{"damage_healed":0,"gold_gain":75,"player_choice":"Gather Gold","damage_taken":11,"max_hp_gain":0,"max_hp_loss":0,"event_name":"World of Goop","floor":4,"gold_loss":0},{"cards_removed":["Strike_B"],"damage_healed":0,"gold_gain":0,"player_choice":"Card Removal","damage_taken":7,"max_hp_gain":0,"max_hp_loss":0,"event_name":"Golden Wing","floor":11,"gold_loss":0},{"damage_healed":0,"gold_gain":0,"player_choice":"Ignored","damage_taken":0,"max_hp_gain":0,"max_hp_loss":0,"event_name":"Cursed Tome","floor":19,"gold_loss":0},{"damage_healed":0,"gold_gain":0,"player_choice":"Traded Relic","damage_taken":0,"relics_obtained":["Nloth\u0027s Gift"],"max_hp_gain":0,"max_hp_loss":0,"event_name":"N\u0027loth","floor":20,"relics_lost":["Empty Cage"],"gold_loss":0}],"is_beta":true,"boss_relics":[{"not_picked":["Pandora\u0027s Box","Inserter"],"picked":"Empty Cage"}],"items_purged_floors":[],"is_endless":false,"potions_floor_spawned":[5,6,12,21],"killed_by":"Cultist and Chosen","ascension_level":18}