{"gold_per_floor":[109,129,149,168,168,168,186,58,81,112,12,12,28,59,59,155,155,165,213,213,57,45,73,73,104,104,104,116,116,76,109,109,109],"floor_reached":33,"playtime":1393,"items_purged":["Strike_R","Strike_R"],"score":360,"play_id":"afa6855b-0b06-47bb-a3b9-443385164197","local_time":"20190708124847","is_ascension_mode":true,"campfire_choices":[{"data":"Rupture","floor":6,"key":"SMITH"},{"data":"Pummel","floor":12,"key":"SMITH"},{"floor":15,"key":"REST"},{"data":"Armaments","floor":24,"key":"SMITH"},{"floor":29,"key":"REST"},{"data":"True Grit","floor":32,"key":"SMITH"}],"neow_cost":"NONE","seed_source_timestamp":843519264110500,"circlet_count":0,"master_deck":["Strike_R","Strike_R","Strike_R+1","Defend_R","Defend_R","Defend_R","Defend_R","Bash+1","Combust","Rupture+1","Battle Trance","Rupture","True Grit+1","Pummel+1","Shrug It Off","Impervious","Brutality","Armaments+1","Impervious","Havoc","Heavy Blade","Body Slam","Corruption","Headbutt"],"relics":["Burning Blood","Anchor","Lantern","Regal Pillow","Shuriken","Runic Cube","Strawberry","Art of War","Meat on the Bone","Matryoshka","Centennial Puzzle","Nunchaku","FossilizedHelix"],"potions_floor_usage":[4,16,18,28,31],"damage_taken":[{"damage":0,"enemies":"Small Slimes","floor":1,"turns":4},{"damage":8,"enemies":"Cultist","floor":2,"turns":4},{"damage":10,"enemies":"Jaw Worm","floor":3,"turns":4},{"damage":21,"enemies":"Lots of Slimes","floor":4,"turns":4},{"damage":3,"enemies":"Red Slaver","floor":7,"turns":4},{"damage":26,"enemies":"Gremlin Nob","floor":10,"turns":4},{"damage":3,"enemies":"2 Fungi Beasts","floor":13,"turns":4},{"damage":26,"enemies":"3 Sentries","floor":14,"turns":7},{"damage":51,"enemies":"Hexaghost","floor":16,"turns":10},{"damage":20,"enemies":"Spheric Guardian","floor":18,"turns":5},{"damage":7,"enemies":"2 Thieves","floor":22,"turns":4},{"damage":40,"enemies":"Slavers","floor":23,"turns":7},{"damage":25,"enemies":"Book of Stabbing","floor":25,"turns":5},{"damage":24,"enemies":"Snecko","floor":28,"turns":5},{"damage":25,"enemies":"Gremlin Leader","floor":31,"turns":7},{"damage":60,"enemies":"Automaton","floor":33,"turns":6}],"seed_played":"-4293860029700333181","potions_obtained":[{"floor":2,"key":"Weak Potion"},{"floor":4,"key":"SpeedPotion"},{"floor":13,"key":"FearPotion"},{"floor":16,"key":"Block Potion"},{"floor":25,"key":"Swift Potion"},{"floor":28,"key":"LiquidBronze"}],"is_trial":false,"path_per_floor":["M","M","M","M","?","R","M","$","T","E","$","R","M","E","R","B",null,"M","T","?","$","M","E","R","E","T","$","M","R","?","E","R","B"],"character_chosen":"IRONCLAD","items_purchased":["True Grit","Art of War"],"campfire_rested":2,"item_purchase_floors":[8,21],"current_hp_per_floor":[80,78,74,59,59,59,62,62,62,42,42,42,45,25,64,19,80,66,73,73,73,72,38,38,31,31,31,25,66,66,59,59,0],"gold":109,"neow_bonus":"UPGRADE_CARD","is_prod":false,"is_daily":false,"chose_seed":false,"campfire_upgraded":4,"win_rate":0,"timestamp":1562604527,"path_taken":["M","M","M","M","?","R","M","$","T","E","?","R","M","E","R","BOSS","M","?","?","$","?","E","R","E","T","$","M","R","?","E","R","BOSS"],"build_version":"2019-01-23","purchased_purges":2,"victory":false,"max_hp_per_floor":[80,80,80,80,80,80,80,80,80,80,80,80,80,80,80,80,80,80,87,87,87,87,87,87,87,87,87,87,87,87,87,87,87],"card_choices":[{"not_picked":["Body Slam","Anger"],"picked":"Combust","floor":1},{"not_picked":["Iron Wave","Twin Strike","Hemokinesis"],"picked":"SKIP","floor":2},{"not_picked":["Clash","Pommel Strike"],"picked":"Rupture","floor":3},{"not_picked":["Headbutt","Pommel Strike"],"picked":"Battle Trance","floor":4},{"not_picked":["Inflame","Cleave"],"picked":"Rupture","floor":7},{"not_picked":["Clothesline","Thunderclap"],"picked":"Pummel","floor":10},{"not_picked":["Heavy Blade","Iron Wave"],"picked":"Shrug It Off","floor":13},{"not_picked":["Uppercut","Warcry"],"picked":"Impervious","floor":14},{"not_picked":["Barricade","Fiend Fire"],"picked":"Brutality","floor":16},{"not_picked":["Whirlwind","Thunderclap"],"picked":"Armaments","floor":18},{"not_picked":["Thunderclap+1","Sword Boomerang"],"picked":"Havoc","floor":22},{"not_picked":["Wild Strike","Feel No Pain"],"picked":"Heavy Blade","floor":23},{"not_picked":["Seeing Red","Barricade"],"picked":"Body Slam","floor":25},{"not_picked":["Flex","Pummel"],"picked":"Corruption","floor":28},{"not_picked":["Wild Strike+1","Berserk"],"picked":"Headbutt","floor":31}],"player_experience":173443,"relics_obtained":[{"floor":9,"key":"Lantern"},{"floor":10,"key":"Regal Pillow"},{"floor":14,"key":"Shuriken"},{"floor":19,"key":"Strawberry"},{"floor":23,"key":"Meat on the Bone"},{"floor":25,"key":"Matryoshka"},{"floor":26,"key":"Centennial Puzzle"},{"floor":26,"key":"Nunchaku"},{"floor":31,"key":"FossilizedHelix"}],"event_choices":[{"damage_healed":0,"gold_gain":0,"player_choice":"Gave Potion","damage_taken":0,"relics_obtained":["Anchor"],"max_hp_gain":0,"max_hp_loss":0,"event_name":"WeMeetAgain","floor":5,"gold_loss":0},{"damage_healed":0,"gold_gain":0,"player_choice":"1 cards matched","damage_taken":0,"max_hp_gain":0,"max_hp_loss":0,"event_name":"Match and Keep!","floor":20,"gold_loss":0,"cards_obtained":["Impervious"]},{"damage_healed":0,"gold_gain":0,"player_choice":"Upgrade","damage_taken":0,"max_hp_gain":0,"max_hp_loss":0,"event_name":"Designer","floor":30,"gold_loss":40,"cards_upgraded":["Strike_R"]}],"is_beta":false,"boss_relics":[{"not_picked":["Calling Bell","Orrery"],"picked":"Runic Cube"}],"items_purged_floors":[8,11],"is_endless":false,"potions_floor_spawned":[2,4,13,16,25,28],"killed_by":"Automaton","ascension_level":3}