{"gold_per_floor":[114,114,131,131,102,120,132,160,160,170,170,170,170,186,186,186],"floor_reached":16,"playtime":633,"items_purged":[],"score":184,"play_id":"9b9b131e-04fe-4fcf-8e41-2cb35a3a175b","local_time":"20190707204210","is_ascension_mode":true,"campfire_choices":[{"floor":11.0,"key":"DIG"},{"floor":13.0,"key":"REST"},{"floor":15.0,"key":"DIG"}],"neow_cost":"TEN_PERCENT_HP_LOSS","seed_source_timestamp":1099264892939399,"circlet_count":0,"master_deck":["AscendersBane","Strike_G","Strike_G","Strike_G","Strike_G","Strike_G","Defend_G","Defend_G","Defend_G","Survivor","Neutralize","Backflip+1","Calculated Gamble","PiercingWail","Crippling Poison","Escape Plan","Leg Sweep"],"special_seed":0,"relics":["Ring of the Snake","Shovel","Odd Mushroom","Ancient Tea Set","Ninja Scroll","Juzu Bracelet"],"potions_floor_usage":[16],"damage_taken":[{"damage":2.0,"enemies":"Small Slimes","floor":1.0,"turns":5.0},{"damage":1.0,"enemies":"Cultist","floor":3.0,"turns":4.0},{"damage":8.0,"enemies":"Jaw Worm","floor":6.0,"turns":7.0},{"damage":4.0,"enemies":"3 Louse","floor":7.0,"turns":6.0},{"damage":9.0,"enemies":"The Mushroom Lair","floor":8.0,"turns":5.0},{"damage":11.0,"enemies":"Large Slime","floor":10.0,"turns":14.0},{"damage":0.0,"enemies":"Looter","floor":14.0,"turns":4.0},{"damage":42,"enemies":"Hexaghost","floor":16,"turns":11}],"seed_played":"2060959721452812683","potions_obtained":[{"floor":3.0,"key":"FairyPotion"},{"floor":14.0,"key":"AttackPotion"}],"is_trial":false,"path_per_floor":["M","?","M","?","$","M","M","?","T","M","R","?","R","M","R","B"],"character_chosen":"THE_SILENT","items_purchased":["PiercingWail"],"campfire_rested":1,"item_purchase_floors":[5],"current_hp_per_floor":[57,57,56,56,56,48,44,35,35,24,24,17,35,35,35,0],"gold":186,"neow_bonus":"ONE_RARE_RELIC","is_prod":false,"is_daily":false,"chose_seed":false,"campfire_upgraded":0,"win_rate":0,"timestamp":1562503330,"path_taken":["M","?","?","?","$","M","M","?","T","M","R","?","R","M","R","BOSS"],"build_version":"2019-07-05","purchased_purges":0,"victory":false,"max_hp_per_floor":[60,60,60,60,60,60,60,60,60,60,60,60,60,60,60,60],"card_choices":[{"not_picked":["Slice","Tactician"],"picked":"Backflip","floor":1.0},{"not_picked":["Accuracy","Bane"],"picked":"Calculated Gamble","floor":3.0},{"not_picked":["Prepared","Quick Slash"],"picked":"Crippling Poison","floor":6.0},{"not_picked":["Expertise","Concentrate","Quick Slash"],"picked":"SKIP","floor":7.0},{"not_picked":["Reflex","Tools of the Trade"],"picked":"Escape Plan","floor":8.0},{"not_picked":["Poisoned Stab","Deadly Poison","Heel Hook"],"picked":"SKIP","floor":10.0},{"not_picked":["Quick Slash","Finisher"],"picked":"Leg Sweep","floor":14.0}],"player_experience":756019,"relics_obtained":[{"floor":8.0,"key":"Odd Mushroom"},{"floor":9.0,"key":"Ancient Tea Set"},{"floor":11.0,"key":"Ninja Scroll"},{"floor":15.0,"key":"Juzu Bracelet"}],"event_choices":[{"damage_healed":0.0,"max_hp_gain":0.0,"max_hp_loss":0.0,"gold_gain":0.0,"event_name":"Upgrade Shrine","player_choice":"Upgraded","floor":2.0,"gold_loss":0.0,"damage_taken":0.0,"cards_upgraded":["Backflip"]},{"cards_removed":["Defend_G"],"damage_healed":0.0,"max_hp_gain":0.0,"max_hp_loss":0.0,"gold_gain":0.0,"event_name":"Living Wall","player_choice":"Forget","floor":4.0,"gold_loss":0.0,"damage_taken":0.0},{"damage_healed":0.0,"max_hp_gain":0.0,"max_hp_loss":0.0,"gold_gain":0.0,"event_name":"Mushrooms","player_choice":"Fought Mushrooms","floor":8.0,"gold_loss":0.0,"damage_taken":0.0},{"cards_removed":["Defend_G"],"damage_healed":0.0,"max_hp_gain":0.0,"max_hp_loss":0.0,"gold_gain":0.0,"event_name":"Golden Wing","player_choice":"Card Removal","floor":12.0,"gold_loss":0.0,"damage_taken":7.0}],"is_beta":false,"boss_relics":[],"items_purged_floors":[],"is_endless":false,"potions_floor_spawned":[3,14],"killed_by":"Hexaghost","ascension_level":20}