{"gold_per_floor":[116,127,146,121,135,135,153,165,165,165,165,45,55,330,330,435,435,448,461,461],"floor_reached":20,"playtime":3599,"items_purged":["Strike_G"],"score":168,"play_id":"93183955-ce5b-4a51-a97a-88b7b1e96315","local_time":"20190627002207","is_ascension_mode":false,"campfire_choices":[{"floor":6,"key":"REST"},{"data":"Terror","floor":10,"key":"SMITH"},{"floor":15,"key":"REST"}],"neow_cost":"NONE","seed_source_timestamp":1217701016806600,"circlet_count":0,"master_deck":["Defend_G","Defend_G","Defend_G","Defend_G","Defend_G","Strike_G","Strike_G","Strike_G","Strike_G","Survivor","Neutralize","Terror+1","Blur","Deadly Poison","Underhanded Strike","Dagger Spray+1","All Out Attack","Backflip","Dodge and Roll","Regret","Venomology","Choke","Leg Sweep+1"],"relics":["Ring of the Serpent","Letter Opener"],"potions_floor_usage":[16,16,16,18,19,20],"damage_taken":[{"damage":4,"enemies":"Cultist","floor":1,"turns":5},{"damage":12,"enemies":"Small Slimes","floor":2,"turns":5},{"damage":0,"enemies":"Jaw Worm","floor":3,"turns":7},{"damage":16,"enemies":"Gremlin Gang","floor":5,"turns":12},{"damage":7,"enemies":"3 Louse","floor":7,"turns":7},{"damage":13,"enemies":"Large Slime","floor":8,"turns":6},{"damage":0,"enemies":"Blue Slaver","floor":13,"turns":3},{"damage":36,"enemies":"Hexaghost","floor":16,"turns":14},{"damage":6,"enemies":"Shell Parasite","floor":18,"turns":8},{"damage":36,"enemies":"Spheric Guardian","floor":19,"turns":8},{"damage":38,"enemies":"Chosen and Byrds","floor":20,"turns":4}],"seed_played":"7379527309203641374","potions_obtained":[{"floor":1,"key":"SkillPotion"},{"floor":5,"key":"Block Potion"},{"floor":7,"key":"PowerPotion"},{"floor":16,"key":"Explosive Potion"},{"floor":19,"key":"SteroidPotion"}],"is_trial":false,"path_per_floor":["M","M","M","?","M","R","M","M","T","R","?","$","M","?","R","B",null,"M","M","M"],"character_chosen":"THE_SILENT","items_purchased":["Backflip"],"campfire_rested":2,"item_purchase_floors":[12],"current_hp_per_floor":[73,61,61,61,45,68,61,48,48,48,48,48,48,48,71,35,77,71,35,0],"gold":461,"neow_bonus":"TEN_PERCENT_HP_BONUS","is_prod":false,"is_daily":false,"chose_seed":false,"campfire_upgraded":1,"win_rate":0.0,"timestamp":1561609327,"path_taken":["M","M","M","?","M","R","M","M","T","R","?","$","?","?","R","BOSS","M","?","M"],"build_version":"2019-01-23","purchased_purges":1,"victory":false,"max_hp_per_floor":[77,77,77,77,77,77,77,77,77,77,77,77,77,77,77,77,77,77,77,77],"card_choices":[{"not_picked":["Dash","Distraction"],"picked":"Terror","floor":1},{"not_picked":["Dodge and Roll","Dagger Throw"],"picked":"Blur","floor":2},{"not_picked":["Terror","Backflip"],"picked":"Deadly Poison","floor":3},{"not_picked":["Blur","Dagger Spray"],"picked":"Underhanded Strike","floor":5},{"not_picked":["Calculated Gamble","Prepared"],"picked":"Dagger Spray","floor":7},{"not_picked":["Slice","Acrobatics"],"picked":"All Out Attack","floor":8},{"not_picked":["Dagger Throw","Choke"],"picked":"Dodge and Roll","floor":13},{"not_picked":["Wraith Form v2","Unload"],"picked":"Venomology","floor":16},{"not_picked":["Slice","Poisoned Stab"],"picked":"Choke","floor":18},{"not_picked":["Eviscerate","Quick Slash"],"picked":"Leg Sweep+1","floor":19}],"player_experience":2494,"relics_obtained":[{"floor":9,"key":"Letter Opener"}],"event_choices":[{"damage_healed":0,"gold_gain":0,"player_choice":"Left Gold","damage_taken":0,"max_hp_gain":0,"max_hp_loss":0,"event_name":"World of Goop","floor":4,"gold_loss":25},{"damage_healed":0,"gold_gain":0,"player_choice":"Forge","damage_taken":0,"max_hp_gain":0,"max_hp_loss":0,"event_name":"Accursed Blacksmith","floor":11,"gold_loss":0,"cards_upgraded":["Dagger Spray"]},{"damage_healed":0,"gold_gain":275,"player_choice":"Desecrate","damage_taken":0,"max_hp_gain":0,"max_hp_loss":0,"event_name":"Golden Shrine","floor":14,"gold_loss":0,"cards_obtained":["Regret"]}],"is_beta":false,"boss_relics":[{"not_picked":["Lizard Tail","Coffee Dripper"],"picked":"Ring of the Serpent"}],"items_purged_floors":[12],"is_endless":false,"potions_floor_spawned":[1,5,7,13,16,19],"killed_by":"Chosen and Byrds","ascension_level":0}