{"gold_per_floor":[111,130,130,148,168,196,196,228,228,228,247,263,263,273,273,370,370,390,406,418,418,429,429,429,429,454,479,479,479,511,531,531,632,632,642,548,568,583,597,597,616,260,312,345,345,364,9,9,9,9],"floor_reached":51,"playtime":4083,"items_purged":["Defend_G","Defend_G"],"score":1210,"play_id":"28872e14-7777-4032-8467-ff441b893501","local_time":"20190709233414","is_ascension_mode":true,"campfire_choices":[{"data":"Noxious Fumes","floor":7,"key":"SMITH"},{"data":"Cloak And Dagger","floor":10,"key":"SMITH"},{"floor":15,"key":"REST"},{"data":"After Image","floor":23,"key":"SMITH"},{"floor":25,"key":"REST"},{"floor":28,"key":"REST"},{"floor":32,"key":"REST"},{"floor":40,"key":"REST"},{"floor":49,"key":"REST"}],"neow_cost":"NONE","seed_source_timestamp":403818182423087,"circlet_count":0,"master_deck":["AscendersBane","Strike_G+1","Defend_G+1","Defend_G","Survivor","Neutralize+1","Noxious Fumes","Cloak And Dagger+1","Noxious Fumes+1","Footwork","After Image+1","Deadly Poison","Night Terror","Glass Knife+1","Crippling Poison+1","Burst+1","Noxious Fumes+1","Footwork","Catalyst","Bullet Time","Corpse Explosion","Dodge and Roll","Acrobatics+1","Dodge and Roll","Prepared+1","Catalyst+1","Thinking Ahead"],"relics":["Ring of the Snake","NeowsBlessing","Question Card","Lantern","Whetstone","Ninja Scroll","Astrolabe","Smiling Mask","Frozen Egg 2","The Courier","Lizard Tail","Pen Nib","Happy Flower","Centennial Puzzle","War Paint","Shuriken"],"potions_floor_usage":[5,16,27,30,31,46,46,50,50],"damage_taken":[{"damage":0,"enemies":"Small Slimes","floor":1,"turns":1},{"damage":0,"enemies":"Jaw Worm","floor":2,"turns":1},{"damage":0,"enemies":"Cultist","floor":4,"turns":1},{"damage":0,"enemies":"3 Louse","floor":5,"turns":1},{"damage":10,"enemies":"Lagavulin","floor":6,"turns":7},{"damage":9,"enemies":"3 Sentries","floor":8,"turns":6},{"damage":3,"enemies":"2 Fungi Beasts","floor":11,"turns":3},{"damage":0,"enemies":"Exordium Thugs","floor":12,"turns":5},{"damage":7,"enemies":"Large Slime","floor":14,"turns":5},{"damage":0,"enemies":"The Guardian","floor":16,"turns":8},{"damage":6,"enemies":"Shell Parasite","floor":18,"turns":5},{"damage":7,"enemies":"Spheric Guardian","floor":19,"turns":4},{"damage":0,"enemies":"Chosen and Byrds","floor":20,"turns":5},{"damage":13,"enemies":"Snecko","floor":22,"turns":6},{"damage":29,"enemies":"Slavers","floor":27,"turns":5},{"damage":6,"enemies":"Gremlin Leader","floor":30,"turns":4},{"damage":9,"enemies":"Snake Plant","floor":31,"turns":4},{"damage":21,"enemies":"Automaton","floor":33,"turns":6},{"damage":4,"enemies":"Orb Walker","floor":35,"turns":4},{"damage":7,"enemies":"3 Darklings","floor":37,"turns":3},{"damage":7,"enemies":"Spire Growth","floor":38,"turns":7},{"damage":6,"enemies":"Jaw Worm Horde","floor":39,"turns":3},{"damage":10,"enemies":"3 Darklings","floor":41,"turns":3},{"damage":10,"enemies":"Nemesis","floor":44,"turns":3},{"damage":13,"enemies":"Spire Growth","floor":46,"turns":5},{"damage":86,"enemies":"Awakened One","floor":50,"turns":12}],"seed_played":"-1998216569200867839","potions_obtained":[{"floor":2,"key":"Explosive Potion"},{"floor":4,"key":"SpeedPotion"},{"floor":8,"key":"GamblersBrew"},{"floor":12,"key":"Poison Potion"},{"floor":16,"key":"SpeedPotion"},{"floor":27,"key":"GhostInAJar"},{"floor":30,"key":"SteroidPotion"},{"floor":46,"key":"Ancient Potion"}],"is_trial":false,"path_per_floor":["M","M","?","M","M","E","R","E","T","R","M","M","T","M","R","B",null,"M","M","M","?","M","R","?","R","T","E","R","?","E","M","R","B",null,"M","$","M","M","M","R","M","$","T","E","?","M","$","?","R","B",null],"character_chosen":"THE_SILENT","items_purchased":["Dodge and Roll","GhostInAJar","Pen Nib","Happy Flower","Catalyst","Shuriken","Regen Potion","Block Potion"],"campfire_rested":6,"item_purchase_floors":[36,36,42,42,42,47,47,47],"current_hp_per_floor":[63,63,63,63,63,53,53,44,44,44,41,41,41,34,55,55,66,60,53,53,53,40,40,27,49,49,20,42,42,36,27,49,28,63,59,59,52,45,39,61,51,51,51,41,41,28,28,28,50,20],"gold":9,"neow_bonus":"THREE_ENEMY_KILL","is_prod":false,"is_daily":false,"chose_seed":false,"campfire_upgraded":3,"win_rate":0,"timestamp":1562729654,"path_taken":["M","M","?","M","M","E","R","E","T","R","M","M","?","M","R","BOSS","M","M","M","?","?","R","?","R","T","E","R","?","E","M","R","BOSS","M","$","M","M","M","R","M","$","T","E","?","M","$","?","R","BOSS"],"build_version":"2019-07-03","purchased_purges":2,"victory":true,"max_hp_per_floor":[70,70,70,70,70,70,70,70,70,70,70,70,70,70,70,70,70,70,70,70,70,70,70,75,75,75,75,75,75,75,75,75,75,75,75,75,75,75,75,75,75,75,75,75,75,75,75,75,75,75],"card_choices":[{"not_picked":["Prepared","Dagger Spray"],"picked":"Noxious Fumes","floor":1},{"not_picked":["Blade Dance","Dodge and Roll"],"picked":"Cloak And Dagger","floor":2},{"not_picked":["Backstab","Quick Slash","Skewer"],"picked":"SKIP","floor":4},{"not_picked":["Sucker Punch","Deflect"],"picked":"Noxious Fumes","floor":5},{"not_picked":["Underhanded Strike","Reflex"],"picked":"Footwork","floor":6},{"not_picked":["Bane","Footwork","Deflect"],"picked":"After Image","floor":8},{"not_picked":["Outmaneuver","PiercingWail","Endless Agony","Flying Knee"],"picked":"SKIP","floor":11},{"not_picked":["Quick Slash","Acrobatics","Bane"],"picked":"Deadly Poison","floor":12},{"not_picked":["Blade Dance","Sucker Punch","PiercingWail","Dagger Throw"],"picked":"SKIP","floor":14},{"not_picked":["Adrenaline","A Thousand Cuts","Phantasmal Killer"],"picked":"Night Terror","floor":16},{"not_picked":["Prepared","Poisoned Stab","Choke"],"picked":"Noxious Fumes+1","floor":18},{"not_picked":["Reflex","Dagger Throw","Blade Dance"],"picked":"Footwork","floor":19},{"not_picked":["Outmaneuver","Dagger Spray","Crippling Poison","All Out Attack"],"picked":"SKIP","floor":20},{"not_picked":["Noxious Fumes","Expertise","Endless Agony","Backstab"],"picked":"SKIP","floor":22},{"not_picked":["Distraction","Expertise","Glass Knife","Slice"],"picked":"SKIP","floor":27},{"not_picked":["Quick Slash","Underhanded Strike+1","PiercingWail"],"picked":"Bullet Time","floor":30},{"not_picked":["Distraction","Terror","Underhanded Strike+1","Endless Agony"],"picked":"SKIP","floor":31},{"not_picked":["Storm of Steel","Tools of the Trade+1","Envenom+1"],"picked":"Corpse Explosion","floor":33},{"not_picked":["Poisoned Stab+1","Dagger Throw","Prepared","Dagger Spray"],"picked":"SKIP","floor":35},{"not_picked":["Cloak And Dagger","Dagger Spray","Blade Dance"],"picked":"Acrobatics+1","floor":37},{"not_picked":["Quick Slash","Slice","Prepared"],"picked":"Dodge and Roll","floor":38},{"not_picked":["Dagger Spray+1","Slice","Unload","Prepared"],"picked":"SKIP","floor":39},{"not_picked":["Poisoned Stab+1","Deflect","Predator+1"],"picked":"Prepared+1","floor":41},{"not_picked":["Noxious Fumes+1","Distraction","Catalyst","Skewer"],"picked":"SKIP","floor":44},{"not_picked":["Outmaneuver","Sucker Punch","Prepared","Dagger Spray+1"],"picked":"SKIP","floor":46},{"not_picked":["Panacea","Blind","Dramatic Entrance"],"picked":"Thinking Ahead","floor":48}],"player_experience":741813,"relics_obtained":[{"floor":6,"key":"Question Card"},{"floor":8,"key":"Lantern"},{"floor":9,"key":"Whetstone"},{"floor":13,"key":"Ninja Scroll"},{"floor":26,"key":"Smiling Mask"},{"floor":27,"key":"Frozen Egg 2"},{"floor":30,"key":"The Courier"},{"floor":43,"key":"Centennial Puzzle"},{"floor":44,"key":"War Paint"}],"event_choices":[{"damage_healed":0,"gold_gain":0,"cards_transformed":["Strike_G"],"player_choice":"Change","damage_taken":0,"max_hp_gain":0,"max_hp_loss":0,"event_name":"Living Wall","floor":3,"gold_loss":0,"cards_obtained":["Glass Knife"]},{"cards_removed":["Strike_G"],"damage_healed":0,"gold_gain":0,"player_choice":"Purged","damage_taken":0,"max_hp_gain":0,"max_hp_loss":0,"event_name":"Purifier","floor":21,"gold_loss":0},{"damage_healed":0,"gold_gain":0,"player_choice":"Shed Blood","damage_taken":18,"max_hp_gain":5,"max_hp_loss":0,"event_name":"Forgotten Altar","floor":24,"gold_loss":0},{"damage_healed":0,"gold_gain":0,"player_choice":"Read","damage_taken":0,"max_hp_gain":0,"max_hp_loss":0,"event_name":"The Library","floor":29,"gold_loss":0,"cards_obtained":["Catalyst"]},{"cards_removed":["Glass Knife"],"damage_healed":0,"gold_gain":0,"player_choice":"Removed Attack","damage_taken":0,"max_hp_gain":0,"max_hp_loss":0,"event_name":"Falling","floor":45,"gold_loss":0},{"damage_healed":0,"gold_gain":0,"player_choice":"Memory 1","damage_taken":0,"max_hp_gain":0,"max_hp_loss":0,"event_name":"SensoryStone","floor":48,"gold_loss":0}],"is_beta":true,"boss_relics":[{"not_picked":["Orrery","Calling Bell"],"picked":"Astrolabe"},{"not_picked":["Coffee Dripper","Tiny House"],"picked":"Lizard Tail"}],"items_purged_floors":[42,47],"is_endless":false,"potions_floor_spawned":[2,4,8,12,16,18,20,27,30,38,39,46],"ascension_level":12}