{"gold_per_floor":[119,194,69,79,79,79,115,115,115,136,136,149,185,208,208,208],"floor_reached":16,"playtime":451,"items_purged":["Strike_R"],"score":127,"play_id":"f420b983-1c49-4df6-ac6f-dbc8998616c1","local_time":"20190708125734","is_ascension_mode":true,"campfire_choices":[{"data":"Shrug It Off","floor":6,"key":"SMITH"},{"data":"Bludgeon","floor":11,"key":"SMITH"},{"data":"Fiend Fire","floor":15,"key":"SMITH"}],"neow_cost":"PERCENT_DAMAGE","seed_source_timestamp":844988831881400,"circlet_count":0,"master_deck":["Strike_R","Strike_R","Strike_R","Strike_R","Defend_R","Defend_R","Defend_R","Defend_R","Bash","Bludgeon+1","Pommel Strike","Shrug It Off+1","Fiend Fire+1","Pummel","Battle Trance"],"relics":["Burning Blood","Golden Idol","Boot","Bottled Lightning","Blue Candle"],"potions_floor_usage":[13,16,16],"damage_taken":[{"damage":0,"enemies":"Small Slimes","floor":1,"turns":2},{"damage":6,"enemies":"2 Louse","floor":4,"turns":3},{"damage":24,"enemies":"Gremlin Nob","floor":7,"turns":4},{"damage":0,"enemies":"Jaw Worm","floor":10,"turns":3},{"damage":4,"enemies":"3 Louse","floor":12,"turns":4},{"damage":24,"enemies":"Lagavulin","floor":13,"turns":6},{"damage":8,"enemies":"Exordium Wildlife","floor":14,"turns":3},{"damage":47,"enemies":"Hexaghost","floor":16,"turns":9}],"seed_played":"-7698040779594703834","potions_obtained":[{"floor":1,"key":"SpeedPotion"},{"floor":10,"key":"Ancient Potion"},{"floor":13,"key":"SpeedPotion"}],"is_trial":false,"path_per_floor":["M","?","$","M","?","R","E","?","T","M","R","M","E","M","R","B"],"character_chosen":"IRONCLAD","items_purchased":["Shrug It Off"],"campfire_rested":0,"item_purchase_floors":[3],"current_hp_per_floor":[62,51,51,51,51,51,33,57,57,63,63,65,47,45,45,0],"gold":208,"neow_bonus":"THREE_RARE_CARDS","is_prod":false,"is_daily":false,"chose_seed":false,"campfire_upgraded":3,"win_rate":0,"timestamp":1562605054,"path_taken":["M","?","$","M","?","R","E","?","T","?","R","M","E","M","R","BOSS"],"build_version":"2019-01-23","purchased_purges":1,"victory":false,"max_hp_per_floor":[80,80,80,80,74,74,74,74,74,74,74,74,74,74,74,74],"card_choices":[{"not_picked":["Berserk","Impervious"],"picked":"Bludgeon","floor":0},{"not_picked":["Sentinel","Heavy Blade"],"picked":"Pommel Strike","floor":1},{"not_picked":["Intimidate","Anger","Burning Pact"],"picked":"SKIP","floor":4},{"not_picked":["Thunderclap","Wild Strike","Pommel Strike"],"picked":"SKIP","floor":7},{"not_picked":["Anger","Clash","Flex"],"picked":"SKIP","floor":10},{"not_picked":["Clash","Blood for Blood"],"picked":"Fiend Fire","floor":12},{"not_picked":["Searing Blow","Corruption"],"picked":"Pummel","floor":13},{"not_picked":["Blood for Blood","Twin Strike"],"picked":"Battle Trance","floor":14}],"player_experience":174836,"relics_obtained":[{"floor":7,"key":"Boot"},{"floor":9,"key":"Bottled Lightning"},{"floor":13,"key":"Blue Candle"}],"event_choices":[{"damage_healed":0,"gold_gain":75,"player_choice":"Gather Gold","damage_taken":11,"max_hp_gain":0,"max_hp_loss":0,"event_name":"World of Goop","floor":2,"gold_loss":0},{"damage_healed":0,"gold_gain":0,"player_choice":"Lose Max HP","damage_taken":0,"relics_obtained":["Golden Idol"],"max_hp_gain":0,"max_hp_loss":6,"event_name":"Golden Idol","floor":5,"gold_loss":0},{"damage_healed":24,"gold_gain":0,"player_choice":"Banana","damage_taken":0,"max_hp_gain":0,"max_hp_loss":0,"event_name":"Big Fish","floor":8,"gold_loss":0}],"is_beta":false,"boss_relics":[],"items_purged_floors":[3],"is_endless":false,"potions_floor_spawned":[1,10,13],"killed_by":"Hexaghost","ascension_level":3}