{"gold_per_floor":[415,415,428,428,228,228,243,243,323,335,335],"floor_reached":11,"playtime":354,"items_purged":["Pain"],"score":123,"play_id":"01846e52-baaf-435e-a806-35b72a519541","local_time":"20190703074359","is_ascension_mode":true,"campfire_choices":[{"floor":6,"key":"REST"},{"floor":8,"key":"REST"}],"neow_cost":"CURSE","seed_source_timestamp":97611146155447,"circlet_count":0,"master_deck":["AscendersBane","Strike_R","Strike_R","Strike_R+1","Strike_R","Strike_R+1","Defend_R","Defend_R","Defend_R","Defend_R","Bash","Havoc","Entrench","Burning Pact","Carnage","Shrug It Off"],"relics":["Burning Blood","Old Coin","Oddly Smooth Stone","Tiny Chest"],"potions_floor_usage":[],"damage_taken":[{"damage":28,"enemies":"Jaw Worm","floor":1,"turns":4},{"damage":13,"enemies":"Cultist","floor":3,"turns":4},{"damage":14,"enemies":"2 Louse","floor":7,"turns":2},{"damage":5,"enemies":"Looter","floor":10,"turns":3},{"damage":46,"enemies":"3 Sentries","floor":11,"turns":8}],"seed_played":"-9168623593038815515","potions_obtained":[{"floor":3,"key":"FearPotion"},{"floor":10,"key":"Dexterity Potion"}],"is_trial":false,"path_per_floor":["M","?","M","?","$","R","M","R","T","M","E"],"character_chosen":"IRONCLAD","items_purchased":["Entrench","Burning Pact"],"campfire_rested":2,"item_purchase_floors":[5,5],"current_hp_per_floor":[46,46,39,16,16,38,30,52,52,53,7],"gold":335,"neow_bonus":"ONE_RARE_RELIC","is_prod":false,"is_daily":false,"chose_seed":false,"campfire_upgraded":0,"win_rate":0,"timestamp":1562154239,"path_taken":["M","?","?","?","$","R","M","R","T","M","E"],"build_version":"2019-06-30","purchased_purges":1,"victory":false,"max_hp_per_floor":[75,75,75,75,75,75,75,75,75,75,75],"card_choices":[{"not_picked":["Warcry","Iron Wave"],"picked":"Disarm","floor":1},{"not_picked":["Perfected Strike","True Grit"],"picked":"Havoc","floor":3},{"not_picked":["Anger","Sword Boomerang"],"picked":"Carnage","floor":7},{"not_picked":["Cleave","Iron Wave"],"picked":"Shrug It Off","floor":10}],"player_experience":677309,"relics_obtained":[{"floor":9,"key":"Tiny Chest"}],"event_choices":[{"cards_removed":["Disarm"],"damage_healed":0,"gold_gain":0,"player_choice":"Gave Card","damage_taken":0,"relics_obtained":["Oddly Smooth Stone"],"max_hp_gain":0,"max_hp_loss":0,"event_name":"WeMeetAgain","floor":2,"gold_loss":0},{"damage_healed":0,"gold_gain":0,"player_choice":"Entered Light","damage_taken":23,"max_hp_gain":0,"max_hp_loss":0,"event_name":"Shining Light","floor":4,"gold_loss":0,"cards_upgraded":["Strike_R","Strike_R"]}],"is_beta":true,"boss_relics":[],"items_purged_floors":[5],"is_endless":false,"potions_floor_spawned":[3,10],"killed_by":"3 Sentries","ascension_level":19}