{"gold_per_floor":[367,378,378,394,1,1,21,55,55,71,71,71,71,29,29,29],"floor_reached":16,"playtime":593,"items_purged":["Normality"],"score":191,"play_id":"d3fe6b8b-c0fa-481a-9677-633b740b4e28","local_time":"20190708040645","is_ascension_mode":true,"campfire_choices":[{"floor":6,"key":"REST"},{"data":"Offering","floor":11,"key":"SMITH"},{"floor":15,"key":"REST"}],"neow_cost":"CURSE","seed_source_timestamp":270765065130232,"circlet_count":0,"master_deck":["AscendersBane","Strike_R","Strike_R","Strike_R","Strike_R","Defend_R","Defend_R","Defend_R","Defend_R","Bash","Rampage","Offering+1","Ghostly Armor","Headbutt","Corruption","Sentinel","Metallicize"],"relics":["Burning Blood","Shuriken","Odd Mushroom","Potion Belt","Darkstone Periapt"],"potions_floor_usage":[7,8,10,16],"damage_taken":[{"damage":9,"enemies":"2 Louse","floor":1,"turns":3},{"damage":7,"enemies":"Small Slimes","floor":2,"turns":3},{"damage":18,"enemies":"Jaw Worm","floor":4,"turns":2},{"damage":7,"enemies":"The Mushroom Lair","floor":7,"turns":3},{"damage":16,"enemies":"Lagavulin","floor":8,"turns":5},{"damage":16,"enemies":"Gremlin Gang","floor":10,"turns":7},{"damage":40,"enemies":"Slime Boss","floor":16,"turns":7}],"seed_played":"-3502131854664400984","potions_obtained":[{"floor":2,"key":"PowerPotion"},{"floor":7,"key":"Block Potion"},{"floor":8,"key":"Weak Potion"}],"is_trial":false,"path_per_floor":["M","M","?","M","$","R","?","E","T","M","R","?","$","$","R","B"],"character_chosen":"IRONCLAD","items_purchased":["Shuriken","Fire Potion","Metallicize"],"campfire_rested":2,"item_purchase_floors":[5,5,14],"current_hp_per_floor":[65,64,64,52,52,74,73,63,63,53,53,46,46,46,68,28],"gold":29,"neow_bonus":"TWO_FIFTY_GOLD","is_prod":false,"is_daily":false,"chose_seed":false,"campfire_upgraded":1,"win_rate":0,"timestamp":1562573205,"path_taken":["M","M","?","M","$","R","?","E","T","M","R","?","?","$","R","BOSS"],"build_version":"2019-07-03","purchased_purges":1,"victory":false,"max_hp_per_floor":[75,75,75,75,75,75,75,75,75,75,75,75,75,75,75,75],"card_choices":[{"not_picked":["Wild Strike","True Grit"],"picked":"Rampage","floor":1},{"not_picked":["Twin Strike","Shrug It Off"],"picked":"Offering","floor":2},{"not_picked":["Cleave","Headbutt"],"picked":"Ghostly Armor","floor":4},{"not_picked":["Anger","Second Wind"],"picked":"Headbutt","floor":7},{"not_picked":["Warcry","Clash"],"picked":"Corruption","floor":8},{"not_picked":["Flex","Rampage"],"picked":"Sentinel","floor":10}],"player_experience":689896,"relics_obtained":[{"floor":7,"key":"Odd Mushroom"},{"floor":8,"key":"Potion Belt"},{"floor":9,"key":"Darkstone Periapt"}],"event_choices":[{"damage_healed":0,"gold_gain":0,"player_choice":"Ignored","damage_taken":0,"max_hp_gain":0,"max_hp_loss":0,"event_name":"Liars Game","floor":3,"gold_loss":0},{"damage_healed":0,"gold_gain":0,"player_choice":"Fought Mushrooms","damage_taken":0,"max_hp_gain":0,"max_hp_loss":0,"event_name":"Mushrooms","floor":7,"gold_loss":0},{"cards_removed":["Strike_R"],"damage_healed":0,"gold_gain":0,"player_choice":"Card Removal","damage_taken":7,"max_hp_gain":0,"max_hp_loss":0,"event_name":"Golden Wing","floor":12,"gold_loss":0}],"is_beta":true,"boss_relics":[],"items_purged_floors":[5],"is_endless":false,"potions_floor_spawned":[2,7,8],"killed_by":"Slime Boss","ascension_level":19}