{"gold_per_floor":[109,109,109,127,179,179,195,195,247,274,23,40,40,40,40,144,144,154,69,87,100,13,13,27,27,27,47,47,47,63,63,63,158,158,171,190,190,0,11,11,27,27,73,86,86,86,19,29,29,29],"floor_reached":51,"playtime":6619,"items_purged":[],"score":622,"play_id":"a35f88f5-2046-42ee-bc7b-c9e621b85392","local_time":"20190629053944","is_ascension_mode":false,"campfire_choices":[{"data":"FTL","floor":6,"key":"SMITH"},{"data":"Zap","floor":8,"key":"SMITH"},{"data":"Doom and Gloom","floor":13,"key":"SMITH"},{"floor":15,"key":"REST"},{"data":"Multi-Cast","floor":23,"key":"SMITH"},{"floor":25,"key":"REST"},{"data":"Defragment","floor":28,"key":"SMITH"},{"floor":32,"key":"REST"},{"floor":40,"key":"REST"},{"floor":45,"key":"REST"},{"data":"Defragment","floor":49,"key":"SMITH"}],"neow_cost":"NONE","seed_source_timestamp":158350199544642,"circlet_count":0,"master_deck":["Strike_B+1","Strike_B+1","Strike_B+1","Strike_B+1","Defend_B+1","Defend_B+1","Defend_B+1","Zap+1","Dualcast+1","Gash+1","FTL+1","Conserve Battery+1","Doom and Gloom+1","Machine Learning+1","Flash of Steel+1","Redo+1","Multi-Cast+1","Streamline+1","Streamline+1","Loop+1","Beam Cell+1","Force Field+1","Ball Lightning+1","Defragment+1","Static Discharge+1","All For One+1","Go for the Eyes+1","Sweeping Beam+1","Madness+1","Madness+1","White Noise+1","Chill+1","Barrage+1","Stack+1","Heatsinks","Defragment+1"],"relics":["Cracked Core","Regal Pillow","Orichalcum","Whetstone","Inserter","Pantograph","Ice Cream","Black Star","Red Mask","Pen Nib","Mark of the Bloom"],"potions_floor_usage":[16,16,33,33,39],"damage_taken":[{"damage":2,"enemies":"2 Louse","floor":1,"turns":3},{"damage":2,"enemies":"Small Slimes","floor":4,"turns":3},{"damage":0,"enemies":"Cultist","floor":7,"turns":3},{"damage":14,"enemies":"3 Sentries","floor":10,"turns":8},{"damage":14,"enemies":"Exordium Thugs","floor":12,"turns":3},{"damage":31,"enemies":"Hexaghost","floor":16,"turns":8},{"damage":0,"enemies":"Chosen","floor":18,"turns":4},{"damage":13,"enemies":"Shell Parasite","floor":20,"turns":4},{"damage":18,"enemies":"Snecko","floor":21,"turns":4},{"damage":19,"enemies":"Sentry and Sphere","floor":24,"turns":5},{"damage":8,"enemies":"Cultist and Chosen","floor":27,"turns":4},{"damage":39,"enemies":"Colosseum Slavers","floor":29,"turns":4},{"damage":18,"enemies":"3 Cultists","floor":30,"turns":5},{"damage":48,"enemies":"Collector","floor":33,"turns":7},{"damage":32,"enemies":"3 Darklings","floor":35,"turns":3},{"damage":17,"enemies":"3 Shapes","floor":36,"turns":3},{"damage":14,"enemies":"Spire Growth","floor":39,"turns":4},{"damage":0,"enemies":"Transient","floor":41,"turns":5},{"damage":14,"enemies":"3 Darklings","floor":44,"turns":5},{"damage":13,"enemies":"Maw","floor":48,"turns":6},{"damage":20,"enemies":"Donu and Deca","floor":50,"turns":8}],"seed_played":"6657068103607078716","potions_obtained":[{"floor":3,"key":"Ancient Potion"},{"floor":3,"key":"EssenceOfSteel"},{"floor":3,"key":"Weak Potion"},{"floor":7,"key":"Explosive Potion"},{"floor":18,"key":"AttackPotion"},{"floor":24,"key":"SteroidPotion"},{"floor":36,"key":"Energy Potion"},{"floor":44,"key":"Fire Potion"},{"floor":48,"key":"SteroidPotion"}],"is_trial":false,"path_per_floor":["M","?","?","M","T","R","M","R","T","E","$","M","R","?","R","B",null,"M","?","M","M","$","R","M","R","T","M","R","?","M","$","R","B",null,"M","M","?","?","M","R","M","?","T","M","R","?","$","M","R","B",null],"character_chosen":"DEFECT","items_purchased":["Machine Learning","Flash of Steel","Beam Cell","Force Field","Heatsinks"],"campfire_rested":5,"item_purchase_floors":[11,11,22,22,47],"current_hp_per_floor":[80,64,64,62,62,62,62,62,62,48,48,34,34,34,73,42,82,82,82,69,51,51,51,32,71,71,63,63,24,6,6,45,22,82,50,33,23,23,9,48,48,48,48,34,73,73,73,60,60,40],"gold":29,"neow_bonus":"TEN_PERCENT_HP_BONUS","is_prod":false,"is_daily":false,"chose_seed":false,"campfire_upgraded":6,"win_rate":0.0,"timestamp":1561801184,"path_taken":["M","?","?","?","?","R","M","R","T","E","$","M","R","?","R","BOSS","M","?","M","M","$","R","M","R","T","M","R","?","M","?","R","BOSS","M","M","?","?","M","R","M","?","T","?","R","?","?","M","R","BOSS"],"build_version":"2019-01-23","purchased_purges":0,"victory":true,"max_hp_per_floor":[82,82,82,82,82,82,82,82,82,82,82,82,82,82,82,82,82,82,82,82,82,82,82,82,82,82,82,82,82,82,82,82,82,82,82,82,82,82,82,82,82,82,82,82,82,82,82,82,82,82],"card_choices":[{"not_picked":["Barrage","Coolheaded"],"picked":"Gash","floor":1},{"not_picked":["Barrage","Streamline"],"picked":"FTL","floor":4},{"not_picked":["Barrage","Skim"],"picked":"Conserve Battery","floor":7},{"not_picked":["Rip and Tear","Melter"],"picked":"Doom and Gloom","floor":10},{"not_picked":["Lockon","Steam"],"picked":"Redo","floor":12},{"not_picked":["Thunder Strike","Buffer"],"picked":"Multi-Cast","floor":16},{"not_picked":["Scrape","Force Field"],"picked":"Streamline+1","floor":18},{"not_picked":["Steam+1","Leap"],"picked":"Streamline+1","floor":20},{"not_picked":["FTL+1","Go for the Eyes+1"],"picked":"Loop+1","floor":21},{"not_picked":["Doom and Gloom+1","Glacier"],"picked":"Ball Lightning+1","floor":24},{"not_picked":["Biased Cognition","Coolheaded"],"picked":"Defragment","floor":27},{"not_picked":["Gash","Hologram"],"picked":"Static Discharge","floor":30},{"not_picked":["Machine Learning","Reboot"],"picked":"All For One","floor":33},{"not_picked":["Reinforced Body+1","Reprogram+1"],"picked":"Go for the Eyes+1","floor":35},{"not_picked":["Consume","Genetic Algorithm+1"],"picked":"Sweeping Beam+1","floor":36},{"not_picked":["Steam","Scrape"],"picked":"White Noise+1","floor":39},{"not_picked":["Compile Driver","Barrage"],"picked":"Chill+1","floor":41},{"not_picked":["Ball Lightning","Conserve Battery"],"picked":"Stack+1","floor":44},{"not_picked":["Fission","Beam Cell"],"picked":"Defragment","floor":48}],"player_experience":15983,"relics_obtained":[{"floor":5,"key":"Regal Pillow"},{"floor":9,"key":"Orichalcum"},{"floor":10,"key":"Whetstone"},{"floor":26,"key":"Ice Cream"},{"floor":43,"key":"Pen Nib"}],"event_choices":[{"damage_healed":0,"gold_gain":0,"player_choice":"Entered Light","damage_taken":16,"max_hp_gain":0,"max_hp_loss":0,"event_name":"Shining Light","floor":2,"gold_loss":0,"cards_upgraded":["Defend_B","Gash"]},{"damage_healed":0,"gold_gain":0,"player_choice":"Got Potions","damage_taken":0,"max_hp_gain":0,"max_hp_loss":0,"event_name":"Lab","floor":3,"gold_loss":0},{"damage_healed":0,"gold_gain":0,"player_choice":"Ignored","damage_taken":0,"max_hp_gain":0,"max_hp_loss":0,"event_name":"Liars Game","floor":14,"gold_loss":0},{"damage_healed":0,"gold_gain":0,"player_choice":"Obtained Relic","damage_taken":0,"relics_obtained":["Pantograph"],"max_hp_gain":0,"max_hp_loss":0,"event_name":"Addict","floor":19,"gold_loss":85},{"damage_healed":0,"gold_gain":0,"player_choice":"Fight","damage_taken":0,"max_hp_gain":0,"max_hp_loss":0,"event_name":"Colosseum","floor":29,"gold_loss":0},{"damage_healed":0,"gold_gain":0,"player_choice":"Fled From Nobs","damage_taken":0,"max_hp_gain":0,"max_hp_loss":0,"event_name":"Colosseum","floor":29,"gold_loss":0},{"damage_healed":0,"gold_gain":0,"player_choice":"Embrace Madness","damage_taken":10,"max_hp_gain":0,"max_hp_loss":0,"event_name":"Winding Halls","floor":37,"gold_loss":0,"cards_obtained":["Madness","Madness"]},{"damage_healed":0,"gold_gain":0,"player_choice":"Paid","damage_taken":0,"relics_obtained":["Red Mask"],"max_hp_gain":0,"max_hp_loss":0,"event_name":"Tomb of Lord Red Mask","floor":38,"gold_loss":190},{"damage_healed":0,"gold_gain":0,"cards_transformed":["Defend_B"],"player_choice":"Transformed","damage_taken":0,"max_hp_gain":0,"max_hp_loss":0,"event_name":"Transmorgrifier","floor":42,"gold_loss":0,"cards_obtained":["Barrage"]},{"damage_healed":0,"gold_gain":0,"player_choice":"Upgrade","damage_taken":0,"relics_obtained":["Mark of the Bloom"],"max_hp_gain":0,"max_hp_loss":0,"event_name":"MindBloom","floor":46,"gold_loss":0,"cards_upgraded":["Strike_B","Strike_B","Defend_B","Defend_B","Dualcast","Conserve Battery","Machine Learning","Flash of Steel","Redo","Beam Cell","Force Field","Static Discharge","All For One","Madness","Madness","Barrage"]}],"is_beta":false,"boss_relics":[{"not_picked":["Lizard Tail","Empty Cage"],"picked":"Inserter"},{"not_picked":["Runic Pyramid","Coffee Dripper"],"picked":"Black Star"}],"items_purged_floors":[],"is_endless":false,"potions_floor_spawned":[7,12,18,24,29,36,44,48],"ascension_level":0}