{"gold_per_floor":[111,111,130,142,142,142,154,169,169,155,185,185],"floor_reached":12,"playtime":551,"items_purged":[],"score":131,"play_id":"30782fbd-e7c3-4df5-a1fb-ac4835c08eeb","local_time":"20190709214722","is_ascension_mode":true,"campfire_choices":[{"data":"Catalyst","floor":6,"key":"SMITH"}],"neow_cost":"NONE","seed_source_timestamp":400948255628166,"circlet_count":0,"master_deck":["AscendersBane","Strike_G","Strike_G","Strike_G","Strike_G","Strike_G","Defend_G","Defend_G","Defend_G","Defend_G","Defend_G","Survivor+1","Neutralize","Escape Plan","Catalyst+1","Pain","Cloak And Dagger","Noxious Fumes","Noxious Fumes"],"relics":["Ring of the Snake","NeowsBlessing","WarpedTongs","Toxic Egg 2","Mummified Hand"],"potions_floor_usage":[8,10],"damage_taken":[{"damage":0,"enemies":"2 Louse","floor":1,"turns":1},{"damage":0,"enemies":"Cultist","floor":3,"turns":1},{"damage":0,"enemies":"Jaw Worm","floor":4,"turns":1},{"damage":5,"enemies":"Red Slaver","floor":7,"turns":4},{"damage":5,"enemies":"Large Slime","floor":8,"turns":7},{"damage":12,"enemies":"Exordium Thugs","floor":10,"turns":5},{"damage":37,"enemies":"Gremlin Nob","floor":11,"turns":5},{"damage":3,"enemies":"Red Slaver","floor":12,"turns":5}],"seed_played":"-2629518602099745837","potions_obtained":[{"floor":3,"key":"SteroidPotion"},{"floor":4,"key":"Ancient Potion"}],"is_trial":false,"path_per_floor":["M","?","M","M","?","R","M","M","T","M","E","M"],"character_chosen":"THE_SILENT","items_purchased":[],"campfire_rested":0,"item_purchase_floors":[],"current_hp_per_floor":[63,63,63,63,63,63,58,53,53,41,4,1],"gold":185,"neow_bonus":"THREE_ENEMY_KILL","is_prod":false,"is_daily":false,"chose_seed":false,"campfire_upgraded":1,"win_rate":0,"timestamp":1562723242,"path_taken":["M","?","M","?","?","R","M","M","T","?","E","M"],"build_version":"2019-07-03","purchased_purges":0,"victory":false,"max_hp_per_floor":[70,70,70,70,70,70,70,70,70,70,70,70],"card_choices":[{"not_picked":["Quick Slash","Expertise"],"picked":"Escape Plan","floor":1},{"not_picked":["Quick Slash","Slice","Sucker Punch"],"picked":"SKIP","floor":3},{"not_picked":["Finisher","Expertise"],"picked":"Catalyst","floor":4},{"not_picked":["Blade Dance","Concentrate"],"picked":"Cloak And Dagger","floor":7},{"not_picked":["Backflip","Deadly Poison"],"picked":"Noxious Fumes","floor":8},{"not_picked":["Masterful Stab","PiercingWail+1"],"picked":"Noxious Fumes","floor":10},{"not_picked":["Storm of Steel+1","Infinite Blades","Bane"],"picked":"SKIP","floor":11}],"player_experience":741262,"relics_obtained":[{"floor":9,"key":"Toxic Egg 2"},{"floor":11,"key":"Mummified Hand"}],"event_choices":[{"damage_healed":0,"gold_gain":0,"player_choice":"Upgraded","damage_taken":0,"max_hp_gain":0,"max_hp_loss":0,"event_name":"Upgrade Shrine","floor":2,"gold_loss":0,"cards_upgraded":["Survivor"]},{"damage_healed":0,"gold_gain":0,"player_choice":"Rummage","damage_taken":0,"relics_obtained":["WarpedTongs"],"max_hp_gain":0,"max_hp_loss":0,"event_name":"Accursed Blacksmith","floor":5,"gold_loss":0,"cards_obtained":["Pain"]}],"is_beta":true,"boss_relics":[],"items_purged_floors":[],"is_endless":false,"potions_floor_spawned":[3,4],"killed_by":"Red Slaver","ascension_level":12}