{"gold_per_floor":[13,28,28,28,40,40,57,76,102,118,118,118,118,118,118,215,215,233,233,233,260,110,110,142,142,169,184,195,222,270,270,270,371,371,387,33,49,61,61,61,61,88,88,117,17,37,37,53,53,53],"floor_reached":51,"playtime":3651,"items_purged":["Defend_G","Defend_G"],"score":1200,"play_id":"eee503d8-0d76-425c-836b-1a6cec07f701","local_time":"20190708083521","is_ascension_mode":true,"campfire_choices":[{"data":"Adrenaline","floor":6,"key":"SMITH"},{"floor":11,"key":"REST"},{"data":"Crippling Poison","floor":13,"key":"SMITH"},{"floor":15,"key":"REST"},{"floor":23,"key":"REST"},{"data":"Night Terror","floor":32,"key":"SMITH"},{"floor":40,"key":"RECALL"},{"data":"Bite+1","floor":49,"key":"PURGE"}],"neow_cost":"NO_GOLD","seed_source_timestamp":283771683370502,"circlet_count":0,"master_deck":["AscendersBane","Defend_G+1","Defend_G+1","Survivor+1","Neutralize+1","Blur+1","Catalyst+1","Infinite Blades+1","Adrenaline+1","Backflip+1","Crippling Poison+1","Night Terror+1","Backflip+1","RitualDagger+1","Bouncing Flask+1","Dagger Throw+1","Bite+1","Bite+1","Bite+1","Footwork+1","Noxious Fumes+1","Night Terror+1","Cloak And Dagger+1","Escape Plan+1","A Thousand Cuts+1"],"relics":["Ring of the Snake","Gambling Chip","Lantern","Kunai","Runic Pyramid","Red Mask","Orichalcum","Boot","Smiling Mask","Whetstone","Philosopher\u0027s Stone","Snake Skull","Blood Vial","Mark of the Bloom","Ancient Tea Set","Frozen Egg 2","Peace Pipe"],"potions_floor_usage":[16,16,21,21,24,27,45,50,50],"damage_taken":[{"damage":1,"enemies":"Jaw Worm","floor":1,"turns":4},{"damage":1,"enemies":"Small Slimes","floor":2,"turns":4},{"damage":8,"enemies":"2 Louse","floor":5,"turns":3},{"damage":4,"enemies":"Looter","floor":7,"turns":4},{"damage":23,"enemies":"Exordium Thugs","floor":8,"turns":9},{"damage":10,"enemies":"3 Louse","floor":10,"turns":3},{"damage":18,"enemies":"Hexaghost","floor":16,"turns":11},{"damage":12,"enemies":"2 Thieves","floor":18,"turns":4},{"damage":0,"enemies":"Masked Bandits","floor":21,"turns":2},{"damage":25,"enemies":"Slavers","floor":24,"turns":7},{"damage":3,"enemies":"Shell Parasite","floor":27,"turns":4},{"damage":1,"enemies":"Snecko","floor":28,"turns":3},{"damage":12,"enemies":"Gremlin Leader","floor":29,"turns":5},{"damage":42,"enemies":"Automaton","floor":33,"turns":11},{"damage":4,"enemies":"Orb Walker","floor":35,"turns":2},{"damage":0,"enemies":"3 Shapes","floor":37,"turns":4},{"damage":6,"enemies":"Sphere and 2 Shapes","floor":38,"turns":4},{"damage":0,"enemies":"Reptomancer","floor":42,"turns":4},{"damage":12,"enemies":"Nemesis","floor":44,"turns":7},{"damage":0,"enemies":"Maw","floor":46,"turns":5},{"damage":5,"enemies":"4 Shapes","floor":48,"turns":3},{"damage":0,"enemies":"Donu and Deca","floor":50,"turns":6}],"seed_played":"-7123853167876656864","potions_obtained":[{"floor":2,"key":"SkillPotion"},{"floor":7,"key":"Ancient Potion"},{"floor":10,"key":"SkillPotion"},{"floor":16,"key":"Fire Potion"},{"floor":18,"key":"SkillPotion"},{"floor":21,"key":"Weak Potion"},{"floor":24,"key":"Regen Potion"},{"floor":28,"key":"EssenceOfSteel"},{"floor":31,"key":"FearPotion"},{"floor":35,"key":"SkillPotion"},{"floor":42,"key":"LiquidBronze"}],"is_trial":false,"path_per_floor":["M","M","?","?","M","R","M","M","T","M","R","?","R","T","R","B",null,"M","?","?","?","$","R","E","?","T","M","M","E","T","?","R","B",null,"M","$","M","M","?","R","?","E","T","E","$","M","?","M","R","B",null],"character_chosen":"THE_SILENT","items_purchased":["Bouncing Flask","Snake Skull","Blood Vial","Fruit Juice"],"campfire_rested":3,"item_purchase_floors":[22,36,36,45],"current_hp_per_floor":[62,61,61,54,46,46,42,19,19,9,30,35,35,35,57,39,66,54,48,34,34,34,58,33,33,33,48,56,54,54,54,54,43,53,49,49,56,55,55,55,55,55,55,43,43,43,43,38,38,38],"gold":53,"neow_bonus":"ONE_RARE_RELIC","is_prod":false,"is_daily":false,"chose_seed":false,"campfire_upgraded":3,"win_rate":0,"timestamp":1562589321,"path_taken":["M","M","?","?","M","R","M","M","T","M","R","?","R","?","R","BOSS","M","?","?","?","$","R","E","?","T","M","?","E","?","?","R","BOSS","M","$","?","M","?","R","?","E","T","E","?","M","?","M","R","BOSS"],"build_version":"2019-07-03","purchased_purges":2,"victory":true,"max_hp_per_floor":[70,70,70,70,70,70,70,70,70,70,70,75,75,75,75,75,75,75,75,80,80,80,80,80,56,56,56,56,56,56,56,56,56,56,56,56,56,56,56,56,56,56,56,56,61,61,61,61,61,61],"card_choices":[{"not_picked":["Quick Slash","Poisoned Stab"],"picked":"Blur","floor":1},{"not_picked":["Deadly Poison","Poisoned Stab"],"picked":"Catalyst","floor":2},{"not_picked":["Underhanded Strike","Accuracy"],"picked":"Adrenaline","floor":5},{"not_picked":["Quick Slash","Poisoned Stab","Calculated Gamble"],"picked":"SKIP","floor":7},{"not_picked":["Terror","Deflect"],"picked":"Backflip","floor":8},{"not_picked":["Backflip","Outmaneuver"],"picked":"Crippling Poison","floor":10},{"not_picked":["Corpse Explosion","Die Die Die"],"picked":"Night Terror","floor":16},{"not_picked":["Dagger Throw+1","Flying Knee+1"],"picked":"Backflip","floor":18},{"not_picked":["Acrobatics","Poisoned Stab"],"picked":"Dagger Throw+1","floor":24},{"not_picked":["All Out Attack","Deflect","Eviscerate"],"picked":"SKIP","floor":27},{"not_picked":["PiercingWail+1","Setup"],"picked":"Footwork","floor":28},{"not_picked":["Accuracy","Skewer"],"picked":"Noxious Fumes","floor":29},{"not_picked":["Phantasmal Killer","Venomology"],"picked":"Night Terror","floor":33},{"not_picked":["Backflip","Acrobatics+1"],"picked":"Cloak And Dagger+1","floor":35},{"not_picked":["Infinite Blades","Dagger Spray","All Out Attack+1"],"picked":"SKIP","floor":37},{"not_picked":["Backflip+1","Sucker Punch+1","Dagger Throw+1"],"picked":"SKIP","floor":38},{"not_picked":["Backflip","Cloak And Dagger+1"],"picked":"Escape Plan+1","floor":42},{"not_picked":["Skewer+1","Reflex"],"picked":"A Thousand Cuts+1","floor":44},{"not_picked":["Quick Slash","PiercingWail","Backstab+1"],"picked":"SKIP","floor":46},{"not_picked":["Quick Slash","PiercingWail","Backstab+1"],"picked":"SKIP","floor":46},{"not_picked":["Quick Slash","Poisoned Stab","Outmaneuver"],"picked":"SKIP","floor":48}],"player_experience":700812,"relics_obtained":[{"floor":9,"key":"Lantern"},{"floor":14,"key":"Kunai"},{"floor":21,"key":"Red Mask"},{"floor":24,"key":"Orichalcum"},{"floor":26,"key":"Boot"},{"floor":29,"key":"Smiling Mask"},{"floor":30,"key":"Whetstone"},{"floor":42,"key":"Ancient Tea Set"},{"floor":43,"key":"Frozen Egg 2"},{"floor":44,"key":"Peace Pipe"}],"event_choices":[{"damage_healed":0,"gold_gain":0,"cards_transformed":["Strike_G"],"player_choice":"Change","damage_taken":0,"max_hp_gain":0,"max_hp_loss":0,"event_name":"Living Wall","floor":3,"gold_loss":0,"cards_obtained":["Infinite Blades"]},{"cards_removed":["Defend_G"],"damage_healed":0,"gold_gain":0,"player_choice":"Card Removal","damage_taken":7,"max_hp_gain":0,"max_hp_loss":0,"event_name":"Golden Wing","floor":4,"gold_loss":0},{"damage_healed":0,"gold_gain":0,"player_choice":"Donut","damage_taken":0,"max_hp_gain":5,"max_hp_loss":0,"event_name":"Big Fish","floor":12,"gold_loss":0},{"damage_healed":0,"gold_gain":0,"player_choice":"Joined the Cult","damage_taken":6,"max_hp_gain":0,"max_hp_loss":0,"event_name":"Nest","floor":19,"gold_loss":0,"cards_obtained":["RitualDagger"]},{"damage_healed":0,"gold_gain":0,"player_choice":"Shed Blood","damage_taken":19,"max_hp_gain":5,"max_hp_loss":0,"event_name":"Forgotten Altar","floor":20,"gold_loss":0},{"damage_healed":0,"gold_gain":0,"player_choice":"Fought Bandits","damage_taken":0,"max_hp_gain":0,"max_hp_loss":0,"event_name":"Masked Bandits","floor":21,"gold_loss":0},{"damage_healed":0,"gold_gain":0,"player_choice":"Became a vampire","damage_taken":0,"max_hp_gain":0,"max_hp_loss":24,"event_name":"Vampires","floor":25,"gold_loss":0,"cards_obtained":["Bite","Bite","Bite","Bite","Bite"]},{"damage_healed":0,"gold_gain":0,"player_choice":"Got Potions","damage_taken":0,"max_hp_gain":0,"max_hp_loss":0,"event_name":"Lab","floor":31,"gold_loss":0},{"damage_healed":0,"gold_gain":0,"player_choice":"Upgrade","damage_taken":0,"relics_obtained":["Mark of the Bloom"],"max_hp_gain":0,"max_hp_loss":0,"event_name":"MindBloom","floor":39,"gold_loss":0,"cards_upgraded":["Defend_G","Defend_G","Survivor","Neutralize","Blur","Catalyst","Infinite Blades","Backflip","Backflip","Bouncing Flask","Bite","Bite","Bite","Bite","Footwork","Noxious Fumes","Night Terror"]},{"cards_removed":["Bite"],"damage_healed":0,"gold_gain":0,"player_choice":"Removed Attack","damage_taken":0,"max_hp_gain":0,"max_hp_loss":0,"event_name":"Falling","floor":41,"gold_loss":0},{"damage_healed":0,"gold_gain":0,"player_choice":"Ignored","damage_taken":0,"max_hp_gain":0,"max_hp_loss":0,"event_name":"Tomb of Lord Red Mask","floor":47,"gold_loss":0}],"is_beta":true,"boss_relics":[{"not_picked":["Sozu","Ectoplasm"],"picked":"Runic Pyramid"},{"not_picked":["Tiny House","Orrery"],"picked":"Philosopher\u0027s Stone"}],"items_purged_floors":[22,36],"is_endless":false,"potions_floor_spawned":[2,7,10,16,18,21,24,28,35,42,44],"ascension_level":10}