{"gold_per_floor":[115,128,128,47,47,47,79,4,29,29,60,60,79,95,95,95],"floor_reached":16,"playtime":1436,"items_purged":["Defend_G"],"score":108,"play_id":"bd4e9800-7ede-4ef5-8001-63ffdbc308e5","local_time":"20190701015546","is_ascension_mode":false,"campfire_choices":[{"data":"Footwork","floor":6,"key":"SMITH"},{"floor":10,"key":"REST"},{"floor":12,"key":"REST"},{"data":"Quick Slash","floor":15,"key":"SMITH"}],"neow_cost":"NONE","seed_source_timestamp":1571089940286500,"circlet_count":0,"master_deck":["Defend_G","Defend_G","Defend_G+1","Defend_G","Strike_G","Strike_G+1","Strike_G","Strike_G","Strike_G","Survivor+1","Neutralize","Deflect","Footwork+1","Escape Plan","Well Laid Plans","Backflip","Quick Slash+1","Burst"],"relics":["Ring of the Snake","Pear","Anchor","Torii"],"potions_floor_usage":[16],"damage_taken":[{"damage":3,"enemies":"Jaw Worm","floor":1,"turns":4},{"damage":0,"enemies":"Small Slimes","floor":2,"turns":4},{"damage":7,"enemies":"3 Sentries","floor":7,"turns":16},{"damage":13,"enemies":"Gremlin Nob","floor":11,"turns":6},{"damage":0,"enemies":"2 Louse","floor":13,"turns":4},{"damage":1,"enemies":"Exordium Wildlife","floor":14,"turns":4},{"damage":48,"enemies":"Slime Boss","floor":16,"turns":16}],"seed_played":"-6752490539775874090","potions_obtained":[{"floor":1,"key":"SpeedPotion"},{"floor":2,"key":"Poison Potion"}],"is_trial":false,"path_per_floor":["M","M","?","$","?","R","E","$","T","R","E","R","M","M","R","B"],"character_chosen":"THE_SILENT","items_purchased":["Escape Plan"],"campfire_rested":2,"item_purchase_floors":[4],"current_hp_per_floor":[67,67,53,53,53,53,56,56,56,80,67,80,80,79,79,31],"gold":95,"neow_bonus":"UPGRADE_CARD","is_prod":false,"is_daily":false,"chose_seed":false,"campfire_upgraded":2,"win_rate":0.0,"timestamp":1561960546,"path_taken":["M","M","?","$","?","R","E","$","T","R","E","R","M","M","R","BOSS"],"build_version":"2019-01-23","purchased_purges":1,"victory":false,"max_hp_per_floor":[70,70,70,70,70,70,80,80,80,80,80,80,80,80,80,80],"card_choices":[{"not_picked":["Tactician","Endless Agony"],"picked":"Deflect","floor":1},{"not_picked":["Terror","Caltrops"],"picked":"Footwork","floor":2},{"not_picked":["Expertise","Underhanded Strike"],"picked":"Well Laid Plans","floor":7},{"not_picked":["Acrobatics","Infinite Blades"],"picked":"Backflip","floor":11},{"not_picked":["Backflip","Caltrops"],"picked":"Quick Slash","floor":13},{"not_picked":["Terror","Underhanded Strike"],"picked":"Burst","floor":14}],"player_experience":111585,"relics_obtained":[{"floor":7,"key":"Pear"},{"floor":9,"key":"Anchor"},{"floor":11,"key":"Torii"}],"event_choices":[{"damage_healed":0,"gold_gain":0,"player_choice":"Entered Light","damage_taken":14,"max_hp_gain":0,"max_hp_loss":0,"event_name":"Shining Light","floor":3,"gold_loss":0,"cards_upgraded":["Strike_G","Defend_G"]},{"damage_healed":0,"gold_gain":0,"player_choice":"Ignored","damage_taken":0,"max_hp_gain":0,"max_hp_loss":0,"event_name":"Golden Idol","floor":5,"gold_loss":0}],"is_beta":false,"boss_relics":[],"items_purged_floors":[8],"is_endless":false,"potions_floor_spawned":[1,2],"killed_by":"Slime Boss","ascension_level":0}