{"gold_per_floor":[118,3,3,3,18,18,33,67,67,87,104,104,104,119,119,119],"floor_reached":16,"playtime":685,"items_purged":["Strike_B"],"score":194,"play_id":"cd2ab261-7060-4f2b-949f-39d0598f5ecd","local_time":"20190708055850","is_ascension_mode":true,"campfire_choices":[{"data":"Dualcast","floor":6,"key":"SMITH"},{"data":"Glacier","floor":12,"key":"SMITH"},{"floor":15,"key":"REST"}],"neow_cost":"NONE","seed_source_timestamp":277398068104436,"circlet_count":0,"master_deck":["AscendersBane","Strike_B","Strike_B","Strike_B","Defend_B","Defend_B","Defend_B","Defend_B","Zap","Dualcast+1","Chill+1","Self Repair","Loop+1","Glacier+1","Thunder Strike","Cold Snap","Cold Snap"],"relics":["Cracked Core","NeowsBlessing","Question Card","Regal Pillow"],"potions_floor_usage":[16],"damage_taken":[{"damage":0,"enemies":"Small Slimes","floor":1,"turns":1},{"damage":0,"enemies":"2 Louse","floor":5,"turns":1},{"damage":0,"enemies":"Cultist","floor":7,"turns":1},{"damage":32,"enemies":"Lagavulin","floor":8,"turns":9},{"damage":6,"enemies":"Blue Slaver","floor":10,"turns":6},{"damage":0,"enemies":"3 Louse","floor":11,"turns":4},{"damage":16,"enemies":"Exordium Wildlife","floor":14,"turns":7},{"damage":58,"enemies":"Hexaghost","floor":16,"turns":16}],"seed_played":"-5353466323381275080","potions_obtained":[{"floor":7,"key":"Dexterity Potion"},{"floor":10,"key":"Dexterity Potion"},{"floor":11,"key":"EssenceOfSteel"}],"is_trial":false,"path_per_floor":["M","$","?","?","M","R","M","E","T","M","M","R","?","M","R","B"],"character_chosen":"DEFECT","items_purchased":["Self Repair"],"campfire_rested":1,"item_purchase_floors":[2],"current_hp_per_floor":[64,64,64,64,64,64,64,39,39,40,47,47,47,38,71,13],"gold":119,"neow_bonus":"THREE_ENEMY_KILL","is_prod":false,"is_daily":false,"chose_seed":false,"campfire_upgraded":2,"win_rate":0,"timestamp":1562579930,"path_taken":["M","$","?","?","M","R","M","E","T","M","M","R","?","?","R","BOSS"],"build_version":"2019-07-03","purchased_purges":1,"victory":false,"max_hp_per_floor":[71,71,71,71,71,71,71,71,71,71,71,71,71,71,71,71],"card_choices":[{"not_picked":["Leap","Beam Cell"],"picked":"Chill","floor":1},{"not_picked":["Rebound","Beam Cell","Turbo"],"picked":"SKIP","floor":5},{"not_picked":["Coolheaded","Cold Snap"],"picked":"Loop","floor":7},{"not_picked":["Barrage","Leap"],"picked":"Glacier","floor":8},{"not_picked":["Sweeping Beam","Steam","Beam Cell"],"picked":"Thunder Strike","floor":10},{"not_picked":["Rebound","Tempest","Go for the Eyes"],"picked":"Cold Snap","floor":11},{"not_picked":["Steam Power","Conserve Battery","Barrage"],"picked":"Cold Snap","floor":14}],"player_experience":696350,"relics_obtained":[{"floor":8,"key":"Question Card"},{"floor":9,"key":"Regal Pillow"}],"event_choices":[{"damage_healed":0,"gold_gain":0,"player_choice":"Ignored","damage_taken":0,"max_hp_gain":0,"max_hp_loss":0,"event_name":"Liars Game","floor":3,"gold_loss":0},{"damage_healed":0,"gold_gain":0,"player_choice":"Grow","damage_taken":0,"max_hp_gain":0,"max_hp_loss":0,"event_name":"Living Wall","floor":4,"gold_loss":0,"cards_upgraded":["Chill"]},{"damage_healed":0,"gold_gain":0,"player_choice":"Upgraded","damage_taken":0,"max_hp_gain":0,"max_hp_loss":0,"event_name":"Upgrade Shrine","floor":13,"gold_loss":0,"cards_upgraded":["Loop"]}],"is_beta":true,"boss_relics":[],"items_purged_floors":[2],"is_endless":false,"potions_floor_spawned":[7,10,11],"killed_by":"Hexaghost","ascension_level":18}