{"gold_per_floor":[110,110,122,72,72,105,105,118,118,118,192,216,15,15,15,144,144,165,165,8,29,29,29,67,91,91,91],"floor_reached":27,"playtime":722,"items_purged":[],"score":304,"play_id":"c7aa9f0b-7742-474a-a279-e5a71d005bec","local_time":"20190409161354","is_ascension_mode":true,"campfire_choices":[{"data":"Ghostly Armor","floor":7.0,"key":"SMITH"},{"data":"Metallicize","floor":15.0,"key":"SMITH"},{"data":"Barricade","floor":23,"key":"SMITH"}],"neow_cost":"NONE","seed_source_timestamp":431023498082873,"circlet_count":0,"master_deck":["Strike_R+1","Strike_R+1","Strike_R+1","Defend_R","Defend_R","Defend_R+1","Defend_R","Bash","Infernal Blade","Ghostly Armor+1","Metallicize+1","Power Through","Infernal Blade+1","Barricade+1","Shrug It Off","Cleave+1","Combust"],"special_seed":0,"relics":["Burning Blood","NeowsBlessing","Golden Idol","Bottled Lightning","Whetstone","Tiny Chest","Brimstone","Mark of Pain","Pear","Happy Flower","Mummified Hand","The Courier"],"potions_floor_usage":[16,21,27],"damage_taken":[{"damage":0.0,"enemies":"Small Slimes","floor":1.0,"turns":1.0},{"damage":0.0,"enemies":"Cultist","floor":3.0,"turns":1.0},{"damage":0.0,"enemies":"Lagavulin","floor":6.0,"turns":1.0},{"damage":0.0,"enemies":"Jaw Worm","floor":8.0,"turns":3.0},{"damage":22.0,"enemies":"Gremlin Nob","floor":11.0,"turns":5.0},{"damage":3.0,"enemies":"Red Slaver","floor":12.0,"turns":1.0},{"damage":50,"enemies":"The Guardian","floor":16,"turns":8},{"damage":26,"enemies":"2 Thieves","floor":18,"turns":4},{"damage":13,"enemies":"Chosen","floor":21,"turns":5},{"damage":39,"enemies":"Gremlin Leader","floor":24,"turns":5},{"damage":4,"enemies":"Snecko","floor":25,"turns":6},{"damage":28,"enemies":"Slavers","floor":27,"turns":2}],"seed_played":"2862621573599616361","potions_obtained":[{"floor":1.0,"key":"Dexterity Potion"},{"floor":3.0,"key":"Strength Potion"},{"floor":6.0,"key":"Regen Potion"},{"floor":16,"key":"SteroidPotion"},{"floor":25,"key":"Weak Potion"}],"is_trial":false,"path_per_floor":["M","?","M","?","?","E","R","M","T","?","E","M","$","?","R","B",null,"M","T","$","M","?","R","E","M","T","E"],"character_chosen":"IRONCLAD","items_purchased":["Brimstone","Happy Flower"],"campfire_rested":0,"item_purchase_floors":[13,20],"current_hp_per_floor":[80,64,70,70,70,74,74,74,74,74,58,61,61,61,61,31,74,54,64,64,57,57,57,24,26,26,0],"gold":91,"neow_bonus":"THREE_ENEMY_KILL","is_prod":false,"is_daily":false,"chose_seed":false,"campfire_upgraded":3,"win_rate":0,"timestamp":1554840834,"path_taken":["M","?","M","?","?","E","R","M","T","?","E","?","$","?","R","BOSS","M","?","$","M","?","R","E","M","T","E"],"build_version":"2019-01-23","purchased_purges":0,"victory":false,"max_hp_per_floor":[80,80,80,80,74,74,74,74,74,74,74,74,74,74,74,74,74,74,84,84,84,84,84,84,84,84,84],"card_choices":[{"not_picked":["Thunderclap","Power Through"],"picked":"Infernal Blade","floor":1.0},{"not_picked":["Whirlwind","Perfected Strike"],"picked":"Ghostly Armor","floor":3.0},{"not_picked":["Heavy Blade","Second Wind","Uppercut"],"picked":"SKIP","floor":6.0},{"not_picked":["Anger","Disarm"],"picked":"Metallicize","floor":8.0},{"not_picked":["Twin Strike","Clash"],"picked":"Infernal Blade","floor":11.0},{"not_picked":["Wild Strike","Uppercut"],"picked":"Clash","floor":12.0},{"not_picked":["Impervious","Dark Embrace"],"picked":"Barricade","floor":16},{"not_picked":["Flex","True Grit"],"picked":"Shrug It Off","floor":18},{"not_picked":["Headbutt","Sentinel"],"picked":"Cleave+1","floor":21},{"not_picked":["Cleave","Wild Strike+1"],"picked":"Combust","floor":24},{"not_picked":["Bloodletting","Clothesline","Wild Strike"],"picked":"SKIP","floor":25}],"player_experience":155731,"relics_obtained":[{"floor":6.0,"key":"Bottled Lightning"},{"floor":9.0,"key":"Whetstone"},{"floor":11.0,"key":"Tiny Chest"},{"floor":19,"key":"Pear"},{"floor":24,"key":"Mummified Hand"},{"floor":26,"key":"The Courier"}],"event_choices":[{"damage_healed":0.0,"max_hp_gain":0.0,"max_hp_loss":0.0,"gold_gain":0.0,"event_name":"Shining Light","player_choice":"Entered Light","floor":2.0,"gold_loss":0.0,"damage_taken":16.0,"cards_upgraded":["Strike_R","Defend_R"]},{"cards_removed":["Strike_R"],"damage_healed":0.0,"max_hp_gain":0.0,"max_hp_loss":0.0,"gold_gain":0.0,"event_name":"The Cleric","player_choice":"Card Removal","floor":4.0,"gold_loss":50.0,"damage_taken":0.0},{"damage_healed":0.0,"max_hp_gain":0.0,"max_hp_loss":6.0,"gold_gain":0.0,"event_name":"Golden Idol","player_choice":"Lose Max HP","floor":5.0,"gold_loss":0.0,"damage_taken":0.0,"relics_obtained":["Golden Idol"]},{"damage_healed":0.0,"max_hp_gain":0.0,"max_hp_loss":0.0,"gold_gain":0.0,"cards_transformed":["Strike_R"],"event_name":"Transmorgrifier","player_choice":"Transformed","floor":10.0,"gold_loss":0.0,"damage_taken":0.0,"cards_obtained":["Power Through"]},{"damage_healed":0.0,"max_hp_gain":0.0,"max_hp_loss":0.0,"gold_gain":0.0,"event_name":"Accursed Blacksmith","player_choice":"Forge","floor":14.0,"gold_loss":0.0,"damage_taken":0.0,"cards_upgraded":["Infernal Blade"]},{"cards_removed":["Clash"],"damage_healed":0,"gold_gain":0,"player_choice":"Purged","damage_taken":0,"max_hp_gain":0,"max_hp_loss":0,"event_name":"Purifier","floor":22,"gold_loss":0}],"is_beta":false,"boss_relics":[{"not_picked":["Velvet Choker","Runic Dome"],"picked":"Mark of Pain"}],"items_purged_floors":[],"is_endless":false,"potions_floor_spawned":[1,3,6,16,25],"killed_by":"Slavers","ascension_level":3}