{"gold_per_floor":[213,213,488,509,167,167,182,207,253,253,273,273,288,82,82,206,206,225,90,90],"floor_reached":20,"playtime":1329,"items_purged":["Regret","Injury","Barricade"],"score":164,"play_id":"bdd35afd-1d9a-4e57-84b3-002b5152ebc3","local_time":"20181230231519","is_ascension_mode":false,"campfire_choices":[{"data":"Armaments","floor":6,"key":"SMITH"},{"data":"Body Slam","floor":12,"key":"SMITH"},{"data":"True Grit","floor":15,"key":"SMITH"}],"neow_cost":"NONE","seed_source_timestamp":20161385350604,"circlet_count":0,"master_deck":["Strike_R","Strike_R","Strike_R","Strike_R","Strike_R","Defend_R","Defend_R","Defend_R","Defend_R","Bash","Thunderclap","Shrug It Off","Secret Technique","Armaments+1","True Grit+1","Body Slam+1","Juggernaut"],"relics":["Burning Blood","Golden Idol","Membership Card","Happy Flower","Incense Burner","Black Star","Oddly Smooth Stone"],"potions_floor_usage":[18],"damage_taken":[{"damage":6,"enemies":"Jaw Worm","floor":1,"turns":3},{"damage":4,"enemies":"2 Louse","floor":4,"turns":3},{"damage":4,"enemies":"Cultist","floor":7,"turns":5},{"damage":0,"enemies":"Blue Slaver","floor":8,"turns":5},{"damage":3,"enemies":"Red Slaver","floor":11,"turns":5},{"damage":0,"enemies":"Lots of Slimes","floor":13,"turns":4},{"damage":57,"enemies":"The Guardian","floor":16,"turns":12},{"damage":20,"enemies":"Spheric Guardian","floor":18,"turns":8},{"damage":0,"enemies":"3 Byrds","floor":20,"turns":2}],"seed_played":"1571713923325991551","potions_obtained":[{"floor":4,"key":"Ancient Potion"},{"floor":11,"key":"Strength Potion"},{"floor":16,"key":"Fruit Juice"}],"is_trial":false,"path_per_floor":["M","?","?","M","$","R","M","M","T","?","M","R","M","$","R","B",null,"M","$","M"],"character_chosen":"IRONCLAD","items_purchased":["Membership Card","Secret Technique","Armaments","Incense Burner","Oddly Smooth Stone"],"campfire_rested":0,"item_purchase_floors":[5,5,5,14,19],"current_hp_per_floor":[80,80,80,80,80,80,80,80,80,80,80,80,80,80,80,29,80,71,71,71],"gold":90,"neow_bonus":"HUNDRED_GOLD","is_prod":false,"is_daily":false,"chose_seed":false,"campfire_upgraded":3,"win_rate":0.0,"timestamp":1546229719,"path_taken":["M","?","?","M","$","R","M","?","T","?","?","R","?","$","R","BOSS","M","$","M"],"build_version":"2018-12-20","purchased_purges":3,"victory":false,"max_hp_per_floor":[80,80,80,80,80,80,80,80,80,80,80,80,80,80,80,80,80,85,85,85],"card_choices":[{"not_picked":["Warcry","Cleave"],"picked":"Thunderclap","floor":1},{"not_picked":["Pommel Strike","Rupture"],"picked":"Shrug It Off","floor":4},{"not_picked":["Infernal Blade","Armaments"],"picked":"True Grit","floor":7},{"not_picked":["Iron Wave","Clothesline"],"picked":"Body Slam","floor":8},{"not_picked":["Clothesline","Rupture"],"picked":"Juggernaut","floor":11},{"not_picked":["Flex","Perfected Strike","Inflame"],"picked":"SKIP","floor":13},{"not_picked":["Impervious","Limit Break"],"picked":"Barricade","floor":16},{"not_picked":["Flame Barrier","Clash+1","Twin Strike"],"picked":"SKIP","floor":18}],"player_experience":49517,"relics_obtained":[{"floor":9,"key":"Happy Flower"}],"event_choices":[{"damage_healed":0,"gold_gain":0,"player_choice":"Take Wound","damage_taken":0,"relics_obtained":["Golden Idol"],"max_hp_gain":0,"max_hp_loss":0,"event_name":"Golden Idol","floor":2,"gold_loss":0,"cards_obtained":["Injury"]},{"damage_healed":0,"gold_gain":275,"player_choice":"Desecrate","damage_taken":0,"max_hp_gain":0,"max_hp_loss":0,"event_name":"Golden Shrine","floor":3,"gold_loss":0,"cards_obtained":["Regret"]},{"damage_healed":0,"gold_gain":0,"player_choice":"Ignored","damage_taken":0,"max_hp_gain":0,"max_hp_loss":0,"event_name":"NoteForYourself","floor":10,"gold_loss":0}],"is_beta":false,"boss_relics":[{"not_picked":["Philosopher\u0027s Stone","Runic Cube"],"picked":"Black Star"}],"items_purged_floors":[5,14,19],"is_endless":false,"potions_floor_spawned":[4,11,16],"killed_by":"3 Byrds","ascension_level":0}