{"gold_per_floor":[109,109,59,73,73,73,92,127,127,52,52],"floor_reached":11,"playtime":1685,"items_purged":["Strike_R"],"score":78,"play_id":"10335263-ab15-40b9-b86f-08b57858536b","local_time":"20190404160530","is_ascension_mode":true,"campfire_choices":[{"data":"True Grit","floor":6,"key":"SMITH"}],"neow_cost":"NONE","seed_source_timestamp":5596563367941,"circlet_count":0,"master_deck":["Strike_R","Strike_R","Strike_R","Defend_R","Defend_R","Defend_R","Defend_R","Feel No Pain","Havoc","True Grit+1","Wild Strike","Whirlwind"],"relics":["Burning Blood","Gremlin Horn","Gambling Chip","Frozen Egg 2","Matryoshka"],"potions_floor_usage":[],"damage_taken":[{"damage":1,"enemies":"Cultist","floor":1,"turns":4},{"damage":0,"enemies":"2 Louse","floor":4,"turns":4},{"damage":9,"enemies":"Jaw Worm","floor":7,"turns":10},{"damage":14,"enemies":"3 Sentries","floor":8,"turns":14},{"damage":43,"enemies":"Lagavulin","floor":11,"turns":10}],"seed_played":"-6606946806802923397","potions_obtained":[{"floor":7,"key":"Regen Potion"}],"is_trial":false,"path_per_floor":["M","T","?","M","?","R","M","E","T","$","E"],"character_chosen":"IRONCLAD","items_purchased":[],"campfire_rested":0,"item_purchase_floors":[],"current_hp_per_floor":[80,80,80,80,68,68,65,57,57,57,14],"gold":52,"neow_bonus":"TRANSFORM_CARD","is_prod":false,"is_daily":false,"chose_seed":false,"campfire_upgraded":1,"win_rate":0,"timestamp":1554408330,"path_taken":["M","?","?","M","?","R","M","E","T","$","E"],"build_version":"2019-01-23","purchased_purges":1,"victory":false,"max_hp_per_floor":[80,80,80,80,80,80,80,80,80,80,80],"card_choices":[{"not_picked":["Clothesline","Sword Boomerang"],"picked":"Havoc","floor":1},{"not_picked":["Thunderclap","Heavy Blade"],"picked":"True Grit","floor":4},{"not_picked":["Perfected Strike","Iron Wave"],"picked":"Wild Strike","floor":7},{"not_picked":["Second Wind","Feed"],"picked":"Whirlwind","floor":8}],"player_experience":127834,"relics_obtained":[{"floor":2,"key":"Gremlin Horn"},{"floor":8,"key":"Frozen Egg 2"},{"floor":9,"key":"Matryoshka"}],"event_choices":[{"cards_removed":["Bash"],"damage_healed":0,"gold_gain":0,"player_choice":"Card Removal","damage_taken":0,"max_hp_gain":0,"max_hp_loss":0,"event_name":"The Cleric","floor":3,"gold_loss":50},{"damage_healed":0,"gold_gain":0,"player_choice":"Success","damage_taken":12,"relics_obtained":["Gambling Chip"],"max_hp_gain":0,"max_hp_loss":0,"event_name":"Scrap Ooze","floor":5,"gold_loss":0}],"is_beta":false,"boss_relics":[],"items_purged_floors":[10],"is_endless":false,"potions_floor_spawned":[7],"killed_by":"Lagavulin","ascension_level":2}