{"gold_per_floor":[131,143,155,182,194,225,270,64,116,131,131,131],"floor_reached":12,"playtime":597,"items_purged":[],"score":78,"play_id":"c9bb90ee-4296-4aea-96b6-0b2541eee710","local_time":"20190706163517","is_ascension_mode":false,"campfire_choices":[{"floor":11,"key":"REST"}],"neow_cost":"NONE","seed_source_timestamp":502179081937495,"circlet_count":0,"master_deck":["Strike_B","Strike_B","Strike_B","Strike_B","Defend_B","Defend_B","Defend_B","Defend_B","Zap","Dualcast","Rebound","Deep Breath","Zap","Hologram","Glacier","Machine Learning","Sweeping Beam","Leap","Undo"],"relics":["Cracked Core","MawBank","GremlinMask","Pen Nib","Juzu Bracelet"],"potions_floor_usage":[10],"damage_taken":[{"damage":6,"enemies":"Jaw Worm","floor":1,"turns":4},{"damage":0,"enemies":"Cultist","floor":4,"turns":3},{"damage":0,"enemies":"2 Louse","floor":6,"turns":3},{"damage":58,"enemies":"Gremlin Nob","floor":7,"turns":6},{"damage":10,"enemies":"Large Slime","floor":10,"turns":8},{"damage":23,"enemies":"Lagavulin","floor":12,"turns":6}],"seed_played":"-3195533612075121309","potions_obtained":[{"floor":4,"key":"PowerPotion"},{"floor":7,"key":"Block Potion"},{"floor":10,"key":"Weak Potion"}],"is_trial":false,"path_per_floor":["M","?","?","M","?","M","E","$","T","M","R","E"],"character_chosen":"DEFECT","items_purchased":["Sweeping Beam","Leap","Juzu Bracelet"],"campfire_rested":1,"item_purchase_floors":[8,8,8],"current_hp_per_floor":[69,69,69,69,69,69,11,11,11,1,23,0],"gold":131,"neow_bonus":"RANDOM_COMMON_RELIC","is_prod":false,"is_daily":false,"chose_seed":false,"campfire_upgraded":0,"win_rate":0.0,"timestamp":1562441717,"path_taken":["M","?","?","?","?","M","E","?","T","M","R","E"],"build_version":"2019-07-05","purchased_purges":0,"victory":false,"max_hp_per_floor":[75,75,75,75,75,75,75,75,75,75,75,75],"card_choices":[{"not_picked":["Go for the Eyes","Undo"],"picked":"Rebound","floor":1},{"not_picked":["Leap","Reprogram"],"picked":"Hologram","floor":4},{"not_picked":["Auto Shields","Reprogram"],"picked":"Glacier","floor":6},{"not_picked":["Turbo","Compile Driver"],"picked":"Machine Learning","floor":7},{"not_picked":["Leap","Redo"],"picked":"Undo","floor":10}],"player_experience":73120,"relics_obtained":[{"floor":7,"key":"Pen Nib"}],"event_choices":[{"damage_healed":0,"gold_gain":0,"player_choice":"Ignored","damage_taken":0,"max_hp_gain":0,"max_hp_loss":0,"event_name":"Golden Wing","floor":2,"gold_loss":0},{"damage_healed":0,"gold_gain":0,"player_choice":"2 cards matched","damage_taken":0,"max_hp_gain":0,"max_hp_loss":0,"event_name":"Match and Keep!","floor":3,"gold_loss":0,"cards_obtained":["Deep Breath","Zap"]},{"damage_healed":0,"gold_gain":0,"player_choice":"Trade","damage_taken":0,"relics_obtained":["GremlinMask"],"max_hp_gain":0,"max_hp_loss":0,"event_name":"FaceTrader","floor":5,"gold_loss":0}],"is_beta":false,"boss_relics":[],"items_purged_floors":[],"is_endless":false,"potions_floor_spawned":[4,7,10],"killed_by":"Lagavulin","ascension_level":0}