{"gold_per_floor":[111,36,46,60,60,124,140,175,175,194,194,220,220,220],"floor_reached":14,"playtime":348,"items_purged":[],"score":220,"play_id":"6fd76127-576f-4b5f-894a-48e0980b66e2","local_time":"20190707124332","is_ascension_mode":true,"campfire_choices":[{"floor":11,"key":"REST"},{"data":"Armaments","floor":13,"key":"SMITH"}],"neow_cost":"NONE","seed_source_timestamp":2127903612623243,"circlet_count":0,"master_deck":["AscendersBane","Strike_R","Strike_R","Strike_R","Strike_R","Strike_R","Defend_R","Defend_R","Defend_R","Bash","Demon Form","Heavy Blade","Twin Strike","Sword Boomerang","Heavy Blade","True Grit","Power Through","Armaments+1"],"relics":["Burning Blood","Tiny Chest","Red Skull","Art of War","The Courier"],"potions_floor_usage":[8,8],"damage_taken":[{"damage":11,"enemies":"Jaw Worm","floor":1,"turns":5},{"damage":6,"enemies":"Cultist","floor":3,"turns":3},{"damage":0,"enemies":"2 Louse","floor":4,"turns":2},{"damage":32,"enemies":"Gremlin Nob","floor":6,"turns":4},{"damage":12,"enemies":"Looter","floor":7,"turns":3},{"damage":35,"enemies":"Lagavulin","floor":8,"turns":6},{"damage":9,"enemies":"Red Slaver","floor":10,"turns":2},{"damage":33,"enemies":"3 Sentries","floor":12,"turns":7},{"damage":13,"enemies":"Blue Slaver","floor":14,"turns":1}],"seed_played":"-226658323562035946","potions_obtained":[{"floor":5,"key":"PowerPotion"},{"floor":5,"key":"Swift Potion"},{"floor":6,"key":"Weak Potion"},{"floor":7,"key":"Fruit Juice"}],"is_trial":false,"path_per_floor":["M","?","M","M","?","E","M","E","T","M","R","E","R","M"],"character_chosen":"IRONCLAD","items_purchased":[],"campfire_rested":1,"item_purchase_floors":[],"current_hp_per_floor":[63,63,63,69,69,43,37,13,13,10,34,7,7,0],"gold":220,"neow_bonus":"ONE_RANDOM_RARE_CARD","is_prod":false,"is_daily":false,"chose_seed":false,"campfire_upgraded":1,"win_rate":0,"timestamp":1562496212,"path_taken":["M","?","M","M","?","E","M","E","T","?","R","E","R","M"],"build_version":"2019-07-05","purchased_purges":0,"victory":false,"max_hp_per_floor":[75,75,75,75,75,75,75,80,80,80,80,80,80,80],"card_choices":[{"not_picked":["Clothesline","Carnage"],"picked":"Heavy Blade","floor":1},{"not_picked":["Wild Strike","Perfected Strike"],"picked":"Twin Strike","floor":3},{"not_picked":["Pommel Strike","Armaments"],"picked":"Sword Boomerang","floor":4},{"not_picked":["Body Slam","Combust"],"picked":"Heavy Blade","floor":6},{"not_picked":["Rage","Rupture","Blood for Blood"],"picked":"SKIP","floor":7},{"not_picked":["Juggernaut","Pommel Strike"],"picked":"True Grit","floor":8},{"not_picked":["Clothesline","Entrench"],"picked":"Power Through","floor":10},{"not_picked":["Warcry","Heavy Blade"],"picked":"Armaments","floor":12}],"player_experience":611250,"relics_obtained":[{"floor":6,"key":"Tiny Chest"},{"floor":8,"key":"Red Skull"},{"floor":9,"key":"Art of War"},{"floor":12,"key":"The Courier"}],"event_choices":[{"cards_removed":["Defend_R"],"damage_healed":0,"gold_gain":0,"player_choice":"Card Removal","damage_taken":0,"max_hp_gain":0,"max_hp_loss":0,"event_name":"The Cleric","floor":2,"gold_loss":75},{"damage_healed":0,"gold_gain":0,"player_choice":"Got Potions","damage_taken":0,"max_hp_gain":0,"max_hp_loss":0,"event_name":"Lab","floor":5,"gold_loss":0}],"is_beta":false,"boss_relics":[],"items_purged_floors":[],"is_endless":false,"potions_floor_spawned":[6,7],"killed_by":"Blue Slaver","ascension_level":20}