{"gold_per_floor":[109,128,146,119,132,162,162,181,208,224,224,224,224,248,248,378,378,392,491,38,63,25,64,64,80,80,95,95,118,118],"floor_reached":30,"playtime":2328,"items_purged":[],"score":254,"play_id":"20d369d0-87d6-40cb-a5ba-bd4640c42b10","local_time":"20190703141317","is_ascension_mode":false,"campfire_choices":[{"floor":7,"key":"REST"},{"floor":11,"key":"REST"},{"floor":15,"key":"REST"},{"floor":24,"key":"REST"}],"neow_cost":"NONE","seed_source_timestamp":232670423732752,"circlet_count":0,"master_deck":["Strike_B","Strike_B","Strike_B","Strike_B","Defend_B","Defend_B","Defend_B","Defend_B","Zap","Dualcast","Beam Cell","FTL","Leap","Hologram","Coolheaded","Doom and Gloom","Steam","Stack","Echo Form","BootSequence+1","Rebound","Melter","Melter","Thunder Strike","Auto Shields+1","All For One","Ball Lightning","FTL","Gash+1","Ball Lightning","BootSequence","Doom and Gloom","Melter"],"relics":["FrozenCore","Dream Catcher","Boot","Golden Idol","StoneCalendar","Bag of Preparation","Torii","Nilry\u0027s Codex"],"potions_floor_usage":[23,29,29,30],"damage_taken":[{"damage":1,"enemies":"Cultist","floor":1,"turns":3},{"damage":10,"enemies":"Small Slimes","floor":2,"turns":3},{"damage":4,"enemies":"2 Louse","floor":3,"turns":3},{"damage":0,"enemies":"Exordium Wildlife","floor":5,"turns":3},{"damage":23,"enemies":"Lagavulin","floor":6,"turns":5},{"damage":2,"enemies":"Looter","floor":8,"turns":4},{"damage":0,"enemies":"3 Louse","floor":10,"turns":4},{"damage":6,"enemies":"Exordium Thugs","floor":14,"turns":5},{"damage":46,"enemies":"Hexaghost","floor":16,"turns":9},{"damage":0,"enemies":"Spheric Guardian","floor":18,"turns":1},{"damage":1,"enemies":"3 Byrds","floor":21,"turns":6},{"damage":48,"enemies":"Slavers","floor":23,"turns":7},{"damage":9,"enemies":"Centurion and Healer","floor":25,"turns":6},{"damage":15,"enemies":"Snake Plant","floor":27,"turns":7},{"damage":3,"enemies":"Chosen and Byrds","floor":29,"turns":6},{"damage":12,"enemies":"Snecko","floor":30,"turns":5}],"seed_played":"-5346941479060533986","potions_obtained":[{"floor":2,"key":"Poison Potion"},{"floor":6,"key":"SpeedPotion"},{"floor":14,"key":"Regen Potion"},{"floor":18,"key":"GamblersBrew"},{"floor":27,"key":"AttackPotion"},{"floor":29,"key":"Weak Potion"}],"is_trial":false,"path_per_floor":["M","M","M","$","M","E","R","M","T","M","R","?","?","M","R","B",null,"M","?","$","M","$","E","R","M","T","M","?","M","M"],"character_chosen":"DEFECT","items_purchased":["Coolheaded","All For One","StoneCalendar","FTL"],"campfire_rested":4,"item_purchase_floors":[4,20,20,22],"current_hp_per_floor":[74,64,60,60,60,37,59,57,57,57,75,57,57,51,73,27,75,75,75,75,74,74,26,48,39,39,24,8,5,0],"gold":118,"neow_bonus":"THREE_CARDS","is_prod":false,"is_daily":false,"chose_seed":false,"campfire_upgraded":0,"win_rate":0.0,"timestamp":1562173997,"path_taken":["M","M","?","$","M","E","R","M","T","M","R","?","?","M","R","BOSS","M","?","$","M","$","E","R","M","T","M","?","M","M"],"build_version":"2019-07-01","purchased_purges":0,"victory":false,"max_hp_per_floor":[75,75,75,75,75,75,75,75,75,75,75,75,75,75,75,75,75,75,75,75,75,75,75,75,75,75,75,75,75,75],"card_choices":[{"not_picked":["Blizzard","Rebound"],"picked":"Beam Cell","floor":0},{"not_picked":["Coolheaded","White Noise"],"picked":"FTL","floor":1},{"not_picked":["Rebound","Streamline"],"picked":"Leap","floor":2},{"not_picked":["Conserve Battery","Sweeping Beam"],"picked":"Hologram","floor":3},{"not_picked":["Fusion","Defragment"],"picked":"Doom and Gloom","floor":5},{"not_picked":["Stack","Go for the Eyes"],"picked":"Steam","floor":6},{"not_picked":["Sweeping Beam","Aggregate"],"picked":"Stack","floor":7},{"not_picked":["Conserve Battery","Glacier"],"picked":"Echo Form","floor":8},{"not_picked":["Defragment","Redo"],"picked":"BootSequence","floor":10},{"not_picked":["Steam","Machine Learning"],"picked":"Rebound","floor":11},{"not_picked":["Redo","Go for the Eyes"],"picked":"Melter","floor":14},{"not_picked":["Streamline","Barrage"],"picked":"Melter","floor":15},{"not_picked":["Amplify","Buffer"],"picked":"Thunder Strike","floor":16},{"not_picked":["Streamline","Cold Snap"],"picked":"Auto Shields+1","floor":18},{"not_picked":["Reprogram","Barrage+1"],"picked":"Ball Lightning","floor":21},{"not_picked":["Melter","Go for the Eyes"],"picked":"Gash+1","floor":23},{"not_picked":["Go for the Eyes","Compile Driver"],"picked":"Ball Lightning","floor":24},{"not_picked":["Beam Cell+1","Streamline"],"picked":"BootSequence","floor":25},{"not_picked":["Self Repair+1","Barrage+1"],"picked":"Doom and Gloom","floor":27},{"not_picked":["Multi-Cast","Conserve Battery"],"picked":"Melter","floor":29}],"player_experience":28816,"relics_obtained":[{"floor":6,"key":"Dream Catcher"},{"floor":9,"key":"Boot"},{"floor":23,"key":"Bag of Preparation"},{"floor":26,"key":"Torii"},{"floor":28,"key":"Nilry\u0027s Codex"}],"event_choices":[{"damage_healed":0,"gold_gain":0,"player_choice":"Take Damage","damage_taken":18,"relics_obtained":["Golden Idol"],"max_hp_gain":0,"max_hp_loss":0,"event_name":"Golden Idol","floor":12,"gold_loss":0},{"damage_healed":0,"gold_gain":0,"player_choice":"Grow","damage_taken":0,"max_hp_gain":0,"max_hp_loss":0,"event_name":"Living Wall","floor":13,"gold_loss":0,"cards_upgraded":["BootSequence"]},{"damage_healed":0,"gold_gain":99,"player_choice":"Stole From Cult","damage_taken":0,"max_hp_gain":0,"max_hp_loss":0,"event_name":"Nest","floor":19,"gold_loss":0},{"damage_healed":0,"gold_gain":0,"player_choice":"Obtained Book","damage_taken":16,"max_hp_gain":0,"max_hp_loss":0,"event_name":"Cursed Tome","floor":28,"gold_loss":0}],"is_beta":false,"boss_relics":[{"not_picked":["Sozu","Fusion Hammer"],"picked":"FrozenCore"}],"items_purged_floors":[],"is_endless":false,"potions_floor_spawned":[2,6,14,16,18,27,29],"killed_by":"Snecko","ascension_level":0}