{"gold_per_floor":[118,118,132,132,152,77,77,77,77,89,89,105,105,105,105,236,299,323,342,84,84,84,84,109,129,129,144,178,78,78,118,118,118],"floor_reached":33,"playtime":1343,"items_purged":["Defend_R","Sword Boomerang"],"score":255,"play_id":"25dd3b9e-c878-4ccd-b8d8-629cf3a58942","local_time":"20190329102037","is_ascension_mode":false,"campfire_choices":[{"data":"Clothesline","floor":13,"key":"SMITH"},{"floor":15,"key":"REST"},{"data":"Ghostly Armor","floor":23,"key":"SMITH"},{"data":"Flame Barrier","floor":32,"key":"SMITH"}],"neow_cost":"PERCENT_DAMAGE","seed_source_timestamp":1297239187723779,"circlet_count":0,"master_deck":["Strike_R+1","Defend_R","Defend_R","Defend_R","Bash","Sword Boomerang","Clothesline+1","Heavy Blade+1","Whirlwind+1","Clash","Double Tap","Ghostly Armor+1","Shockwave+1","Shrug It Off","Double Tap","Battle Trance+1","Metallicize","Flame Barrier+1","Shame"],"relics":["Burning Blood","Ornamental Fan","Golden Idol","Tiny House","Chemical X","Enchiridion","Darkstone Periapt","Red Mask","Happy Flower","Oddly Smooth Stone"],"potions_floor_usage":[16,16,16,16,16,16,19,19,33,33,33],"damage_taken":[{"damage":6,"enemies":"Jaw Worm","floor":1,"turns":3},{"damage":0,"enemies":"2 Louse","floor":3,"turns":3},{"damage":0,"enemies":"Cultist","floor":5,"turns":2},{"damage":10,"enemies":"Blue Slaver","floor":10,"turns":4},{"damage":0,"enemies":"Exordium Wildlife","floor":12,"turns":2},{"damage":48,"enemies":"The Guardian","floor":16,"turns":14},{"damage":0,"enemies":"3 Byrds","floor":18,"turns":3},{"damage":20,"enemies":"Shell Parasite","floor":19,"turns":6},{"damage":14,"enemies":"Colosseum Slavers","floor":21,"turns":8},{"damage":0,"enemies":"Snake Plant","floor":24,"turns":4},{"damage":12,"enemies":"Centurion and Healer","floor":25,"turns":4},{"damage":18,"enemies":"Shelled Parasite and Fungi","floor":27,"turns":3},{"damage":0,"enemies":"Masked Bandits","floor":28,"turns":1},{"damage":2,"enemies":"Gremlin Leader","floor":31,"turns":4},{"damage":71,"enemies":"Champ","floor":33,"turns":10}],"seed_played":"710813420220408464","potions_obtained":[{"floor":1,"key":"Swift Potion"},{"floor":5,"key":"PowerPotion"},{"floor":8,"key":"GamblersBrew"},{"floor":8,"key":"EntropicBrew"},{"floor":16,"key":"EssenceOfSteel"},{"floor":17,"key":"Regen Potion"},{"floor":19,"key":"Dexterity Potion"},{"floor":24,"key":"FearPotion"},{"floor":25,"key":"PowerPotion"}],"is_trial":false,"path_per_floor":["M","?","M","?","M","$","?","?","T","M","$","M","R","?","R","B",null,"M","M","$","?","?","R","M","M","T","M","?","$","?","E","R","B"],"character_chosen":"IRONCLAD","items_purchased":["Shrug It Off","Chemical X"],"campfire_rested":1,"item_purchase_floors":[20,20],"current_hp_per_floor":[56,56,62,55,61,61,45,45,45,41,41,47,47,47,69,27,79,79,74,74,66,50,50,56,50,50,38,44,44,50,54,54,0],"gold":118,"neow_bonus":"REMOVE_TWO","is_prod":false,"is_daily":false,"chose_seed":false,"campfire_upgraded":3,"win_rate":0.0,"timestamp":1553869237,"path_taken":["M","?","M","?","M","$","?","?","T","?","$","M","R","?","R","BOSS","M","M","$","?","?","R","M","M","T","M","?","$","?","E","R","BOSS"],"build_version":"2019-01-23","purchased_purges":2,"victory":false,"max_hp_per_floor":[80,80,80,80,80,80,80,80,80,80,80,80,80,74,74,74,79,79,79,79,79,79,79,79,79,79,79,79,79,85,85,85,85],"card_choices":[{"not_picked":["Rampage","Second Wind"],"picked":"Sword Boomerang","floor":1},{"not_picked":["Shrug It Off","Sword Boomerang"],"picked":"Heavy Blade","floor":3},{"not_picked":["Warcry","Iron Wave"],"picked":"Whirlwind","floor":5},{"not_picked":["Flex","Hemokinesis"],"picked":"Sword Boomerang","floor":10},{"not_picked":["Blood for Blood","Searing Blow"],"picked":"Clash","floor":12},{"not_picked":["Bludgeon","Feed"],"picked":"Double Tap","floor":16},{"not_picked":["Shrug It Off","Clothesline"],"picked":"Ghostly Armor","floor":17},{"not_picked":["Iron Wave","Burning Pact"],"picked":"Shockwave+1","floor":18},{"not_picked":["Heavy Blade","Warcry","Headbutt+1"],"picked":"SKIP","floor":19},{"not_picked":["Iron Wave","Feel No Pain"],"picked":"Double Tap","floor":24},{"not_picked":["Anger","Heavy Blade"],"picked":"Battle Trance+1","floor":25},{"not_picked":["Pommel Strike","Thunderclap+1"],"picked":"Metallicize","floor":27},{"not_picked":["Battle Trance","Reckless Charge"],"picked":"Flame Barrier","floor":28},{"not_picked":["Heavy Blade+1","Cleave","Berserk"],"picked":"SKIP","floor":31}],"player_experience":72772,"relics_obtained":[{"floor":9,"key":"Ornamental Fan"},{"floor":22,"key":"Enchiridion"},{"floor":26,"key":"Darkstone Periapt"},{"floor":28,"key":"Red Mask"},{"floor":31,"key":"Oddly Smooth Stone"}],"event_choices":[{"damage_healed":0,"gold_gain":0,"cards_transformed":["Strike_R"],"player_choice":"Change","damage_taken":0,"max_hp_gain":0,"max_hp_loss":0,"event_name":"Living Wall","floor":2,"gold_loss":0,"cards_obtained":["Clothesline"]},{"cards_removed":["Strike_R"],"damage_healed":0,"gold_gain":0,"player_choice":"Card Removal","damage_taken":7,"max_hp_gain":0,"max_hp_loss":0,"event_name":"Golden Wing","floor":4,"gold_loss":0},{"damage_healed":0,"gold_gain":0,"player_choice":"Entered Light","damage_taken":16,"max_hp_gain":0,"max_hp_loss":0,"event_name":"Shining Light","floor":7,"gold_loss":0,"cards_upgraded":["Whirlwind","Heavy Blade"]},{"damage_healed":0,"gold_gain":0,"player_choice":"Got Potions","damage_taken":0,"max_hp_gain":0,"max_hp_loss":0,"event_name":"Lab","floor":8,"gold_loss":0},{"damage_healed":0,"gold_gain":0,"player_choice":"Lose Max HP","damage_taken":0,"relics_obtained":["Golden Idol"],"max_hp_gain":0,"max_hp_loss":6,"event_name":"Golden Idol","floor":14,"gold_loss":0},{"damage_healed":0,"gold_gain":0,"player_choice":"Fight","damage_taken":0,"max_hp_gain":0,"max_hp_loss":0,"event_name":"Colosseum","floor":21,"gold_loss":0},{"damage_healed":0,"gold_gain":0,"player_choice":"Fled From Nobs","damage_taken":0,"max_hp_gain":0,"max_hp_loss":0,"event_name":"Colosseum","floor":21,"gold_loss":0},{"damage_healed":0,"gold_gain":0,"player_choice":"Obtained Book","damage_taken":16,"max_hp_gain":0,"max_hp_loss":0,"event_name":"Cursed Tome","floor":22,"gold_loss":0},{"damage_healed":0,"gold_gain":0,"player_choice":"Fought Bandits","damage_taken":0,"max_hp_gain":0,"max_hp_loss":0,"event_name":"Masked Bandits","floor":28,"gold_loss":0},{"damage_healed":0,"gold_gain":0,"player_choice":"Stole Relic","damage_taken":0,"relics_obtained":["Happy Flower"],"max_hp_gain":0,"max_hp_loss":0,"event_name":"Addict","floor":30,"gold_loss":0,"cards_obtained":["Shame"]}],"is_beta":false,"boss_relics":[{"not_picked":["White Beast Statue","Coffee Dripper"],"picked":"Tiny House"}],"items_purged_floors":[6,29],"is_endless":false,"potions_floor_spawned":[1,5,10,16,19,24,25,27],"killed_by":"Champ","ascension_level":0}