{"gold_per_floor":[115,115,140,67,32,51,13,28,53,53,71,71,71,81,81,81],"floor_reached":16,"playtime":997,"items_purged":[],"score":90,"play_id":"99b306d4-c128-422f-a631-835bb877805d","local_time":"20190702124834","is_ascension_mode":false,"campfire_choices":[{"data":"Anger","floor":10,"key":"SMITH"},{"data":"Twin Strike","floor":12,"key":"SMITH"},{"data":"Anger","floor":15,"key":"SMITH"}],"neow_cost":"","seed_source_timestamp":142500476489426,"circlet_count":0,"master_deck":["Strike_R","Strike_R","Strike_R","Strike_R","Strike_R+1","Defend_R","Defend_R","Defend_R","Defend_R+1","Bash","Anger+1","Rage","Twin Strike+1","Inflame","Anger+1","True Grit","Headbutt"],"relics":["Burning Blood","Boot","Bag of Marbles"],"potions_floor_usage":[],"damage_taken":[{"damage":0,"enemies":"Small Slimes","floor":1,"turns":3},{"damage":0,"enemies":"Jaw Worm","floor":6,"turns":3},{"damage":3,"enemies":"Cultist","floor":8,"turns":3},{"damage":6,"enemies":"Exordium Wildlife","floor":11,"turns":3},{"damage":5,"enemies":"Lots of Slimes","floor":14,"turns":4},{"damage":83,"enemies":"The Guardian","floor":16,"turns":10}],"seed_played":"-857448466036409316","potions_obtained":[{"floor":6,"key":"Regen Potion"},{"floor":11,"key":"EssenceOfSteel"}],"is_trial":false,"path_per_floor":["M","?","T","$","?","M","$","M","T","R","M","R","$","M","R","B"],"character_chosen":"IRONCLAD","items_purchased":["Rage","Inflame"],"campfire_rested":0,"item_purchase_floors":[4,7],"current_hp_per_floor":[80,64,64,64,80,80,80,80,80,80,80,80,80,80,80,0],"gold":81,"neow_bonus":"","is_prod":false,"is_daily":false,"chose_seed":false,"campfire_upgraded":3,"win_rate":0.0,"timestamp":1562082514,"path_taken":["M","?","?","$","?","M","$","M","T","R","M","R","?","M","R","BOSS"],"build_version":"2019-07-01","purchased_purges":0,"victory":false,"max_hp_per_floor":[80,80,80,80,80,80,80,80,80,80,80,80,80,80,80,80],"card_choices":[{"not_picked":["Hemokinesis","Feel No Pain"],"picked":"Anger","floor":1},{"not_picked":["Disarm","Anger"],"picked":"Twin Strike","floor":6},{"not_picked":["Clothesline","True Grit"],"picked":"Anger","floor":8},{"not_picked":["Perfected Strike","Armaments"],"picked":"True Grit","floor":11},{"not_picked":["True Grit","Uppercut"],"picked":"Headbutt","floor":14}],"player_experience":0,"relics_obtained":[{"floor":3,"key":"Boot"},{"floor":9,"key":"Bag of Marbles"}],"event_choices":[{"damage_healed":0,"gold_gain":0,"player_choice":"Entered Light","damage_taken":16,"max_hp_gain":0,"max_hp_loss":0,"event_name":"Shining Light","floor":2,"gold_loss":0,"cards_upgraded":["Defend_R","Strike_R"]},{"damage_healed":20,"gold_gain":0,"player_choice":"Healed","damage_taken":0,"max_hp_gain":0,"max_hp_loss":0,"event_name":"The Cleric","floor":5,"gold_loss":35}],"is_beta":false,"boss_relics":[],"items_purged_floors":[],"is_endless":false,"potions_floor_spawned":[6,11],"killed_by":"The Guardian","ascension_level":0}