{"gold_per_floor":[118,131,131,44,57,88,98,98,178,353,381,381,411,428,428,532,532,532,532,532,532,280,280,55,55,55,55,55,55,55,55,55,55,55,55,55,55,55,55,55,55,55,55,55,55,55,55,55,55,55],"floor_reached":51,"playtime":2204,"items_purged":["Strike_R"],"score":911,"play_id":"337ef649-41ae-4312-a9e1-36ab4b4cf317","local_time":"20190408174137","is_ascension_mode":true,"campfire_choices":[{"data":"1","floor":12,"key":"LIFT"},{"data":"2","floor":15,"key":"LIFT"},{"data":"3","floor":23,"key":"LIFT"},{"floor":32,"key":"REST"},{"floor":40,"key":"REST"},{"floor":42,"key":"REST"},{"floor":49,"key":"REST"}],"neow_cost":"NONE","seed_source_timestamp":348459303872695,"circlet_count":0,"master_deck":["Strike_R","Strike_R","Strike_R","Defend_R","Defend_R","Defend_R","Defend_R","Bash","Shrug It Off","Flame Barrier","Anger","Battle Trance","Shrug It Off","Dropkick","Inflame","Doubt","Thunderclap","Heavy Blade","Thunderclap","Demon Form","Thunderclap","Ghostly","Ghostly","Ghostly","Ghostly","Ghostly","Sadistic Nature","Inflame","Dropkick","Uppercut","Flame Barrier+1","J.A.X.","Cleave+1","Flex+1","Immolate","Cleave","Flash of Steel","Anger","Flame Barrier+1","Anger","Shrug It Off+1","Dropkick+1","Uppercut","Uppercut","Heavy Blade","Heavy Blade","Dual Wield"],"relics":["Fusion Hammer","Girya","Mummified Hand","Blood Vial","Torii","Ectoplasm","Red Skull","Tiny Chest","The Courier","Bronze Scales","White Beast Statue","Prayer Wheel","Ancient Tea Set","Happy Flower","Mango"],"potions_floor_usage":[7,13,16,16,30,37,38,41,45,47,50,50],"damage_taken":[{"damage":7,"enemies":"Jaw Worm","floor":1,"turns":3},{"damage":0,"enemies":"Cultist","floor":2,"turns":3},{"damage":0,"enemies":"2 Louse","floor":5,"turns":3},{"damage":2,"enemies":"Gremlin Nob","floor":6,"turns":4},{"damage":24,"enemies":"Exordium Wildlife","floor":7,"turns":6},{"damage":1,"enemies":"Lagavulin","floor":11,"turns":6},{"damage":11,"enemies":"3 Sentries","floor":13,"turns":8},{"damage":0,"enemies":"Large Slime","floor":14,"turns":2},{"damage":20,"enemies":"The Guardian","floor":16,"turns":7},{"damage":25,"enemies":"Shell Parasite","floor":18,"turns":4},{"damage":1,"enemies":"Chosen","floor":21,"turns":4},{"damage":0,"enemies":"Book of Stabbing","floor":25,"turns":4},{"damage":0,"enemies":"Snake Plant","floor":27,"turns":3},{"damage":0,"enemies":"Gremlin Leader","floor":28,"turns":4},{"damage":3,"enemies":"Shelled Parasite and Fungi","floor":30,"turns":2},{"damage":14,"enemies":"Sentry and Sphere","floor":31,"turns":3},{"damage":5,"enemies":"Automaton","floor":33,"turns":7},{"damage":3,"enemies":"3 Shapes","floor":35,"turns":2},{"damage":1,"enemies":"Orb Walker","floor":37,"turns":3},{"damage":4,"enemies":"Mind Bloom Boss Battle","floor":38,"turns":4},{"damage":5,"enemies":"Writhing Mass","floor":41,"turns":4},{"damage":31,"enemies":"Nemesis","floor":44,"turns":7},{"damage":0,"enemies":"Jaw Worm Horde","floor":45,"turns":3},{"damage":2,"enemies":"Transient","floor":46,"turns":5},{"damage":0,"enemies":"4 Shapes","floor":47,"turns":2},{"damage":34,"enemies":"Time Eater","floor":50,"turns":10}],"seed_played":"6934622391594541374","potions_obtained":[{"floor":5,"key":"SneckoOil"},{"floor":6,"key":"SteroidPotion"},{"floor":11,"key":"Weak Potion"},{"floor":13,"key":"SteroidPotion"},{"floor":18,"key":"Fire Potion"},{"floor":27,"key":"FearPotion"},{"floor":35,"key":"PowerPotion"},{"floor":37,"key":"Poison Potion"},{"floor":38,"key":"FearPotion"},{"floor":41,"key":"Dexterity Potion"},{"floor":44,"key":"Strength Potion"},{"floor":45,"key":"SpeedPotion"},{"floor":46,"key":"PowerPotion"},{"floor":47,"key":"GamblersBrew"}],"is_trial":false,"path_per_floor":["M","M","?","$","M","E","M","?","T","?","E","R","E","M","R","B",null,"M","?","?","M","$","R","$","E","T","M","E","?","M","M","R","B",null,"M","?","M","?","?","R","M","R","T","E","M","M","M","T","R","B",null],"character_chosen":"IRONCLAD","items_purchased":["Battle Trance","Shrug It Off","Sadistic Nature","Red Skull","Inflame"],"campfire_rested":4,"item_purchase_floors":[4,4,22,24,24],"current_hp_per_floor":[73,73,73,73,73,71,47,73,73,73,72,72,63,65,65,47,80,55,55,40,39,39,39,39,40,40,40,40,40,37,25,37,34,40,37,37,38,36,36,38,33,38,38,7,9,9,11,25,40,8],"gold":55,"neow_bonus":"BOSS_RELIC","is_prod":false,"is_daily":false,"chose_seed":false,"campfire_upgraded":0,"win_rate":0,"timestamp":1554759697,"path_taken":["M","M","?","$","?","E","M","?","T","?","E","R","E","M","R","BOSS","M","?","?","M","$","R","$","E","T","?","E","?","M","M","R","BOSS","M","?","?","?","?","R","M","R","T","E","M","M","M","?","R","BOSS"],"build_version":"2019-01-23","purchased_purges":1,"victory":true,"max_hp_per_floor":[80,80,80,80,80,80,80,80,80,80,80,80,80,80,80,80,80,80,80,40,40,40,40,40,40,40,40,40,40,40,40,40,40,40,40,40,40,40,38,38,38,38,38,38,38,38,38,52,52,52],"card_choices":[{"not_picked":["Havoc","Burning Pact"],"picked":"Shrug It Off","floor":1},{"not_picked":["Flex","True Grit"],"picked":"Flame Barrier","floor":2},{"not_picked":["Twin Strike","Heavy Blade"],"picked":"Dropkick","floor":5},{"not_picked":["Feel No Pain","Anger"],"picked":"Inflame","floor":6},{"not_picked":["Armaments","Havoc","Clash"],"picked":"SKIP","floor":7},{"not_picked":["Fire Breathing","Pommel Strike"],"picked":"Thunderclap","floor":11},{"not_picked":["Twin Strike","True Grit"],"picked":"Heavy Blade","floor":13},{"not_picked":["Impervious","Blood for Blood"],"picked":"Thunderclap","floor":14},{"not_picked":["Impervious","Brutality"],"picked":"Demon Form","floor":16},{"not_picked":["Anger","Body Slam"],"picked":"Thunderclap","floor":18},{"not_picked":["Clash+1","Perfected Strike","Intimidate"],"picked":"SKIP","floor":21},{"not_picked":["Flame Barrier","Juggernaut"],"picked":"Dropkick","floor":25},{"not_picked":["Fire Breathing","Power Through+1"],"picked":"Uppercut","floor":27},{"not_picked":["Thunderclap","Warcry+1"],"picked":"Flame Barrier+1","floor":28},{"not_picked":["Armaments","Havoc"],"picked":"Cleave+1","floor":30},{"not_picked":["Intimidate","True Grit"],"picked":"Flex+1","floor":31},{"not_picked":["Juggernaut","Dark Embrace"],"picked":"Immolate","floor":33},{"not_picked":["Carnage","Wild Strike"],"picked":"Cleave","floor":35},{"not_picked":["Thunderclap+1","Clothesline+1"],"picked":"Anger","floor":37},{"not_picked":["Armaments","Metallicize"],"picked":"Flame Barrier+1","floor":38},{"not_picked":["Cleave","Dark Embrace"],"picked":"Anger","floor":41},{"not_picked":["Cleave+1","Intimidate"],"picked":"Shrug It Off+1","floor":41},{"not_picked":["Heavy Blade","Wild Strike"],"picked":"Dropkick+1","floor":44},{"not_picked":["Sword Boomerang","Anger"],"picked":"Uppercut","floor":45},{"not_picked":["Fiend Fire","Havoc+1","Entrench"],"picked":"SKIP","floor":45},{"not_picked":["Havoc+1","Armaments+1"],"picked":"Uppercut","floor":46},{"not_picked":["Shrug It Off","Headbutt+1"],"picked":"Heavy Blade","floor":46},{"not_picked":["Clothesline","Perfected Strike"],"picked":"Heavy Blade","floor":47},{"not_picked":["Sever Soul+1","Perfected Strike+1"],"picked":"Dual Wield","floor":47}],"player_experience":149799,"relics_obtained":[{"floor":6,"key":"Girya"},{"floor":9,"key":"Mummified Hand"},{"floor":11,"key":"Blood Vial"},{"floor":13,"key":"Torii"},{"floor":25,"key":"Tiny Chest"},{"floor":26,"key":"The Courier"},{"floor":28,"key":"Bronze Scales"},{"floor":38,"key":"Prayer Wheel"},{"floor":43,"key":"Ancient Tea Set"},{"floor":44,"key":"Happy Flower"},{"floor":48,"key":"Mango"}],"event_choices":[{"damage_healed":0,"gold_gain":0,"cards_transformed":["Strike_R"],"player_choice":"Transformed","damage_taken":0,"max_hp_gain":0,"max_hp_loss":0,"event_name":"Transmorgrifier","floor":3,"gold_loss":0,"cards_obtained":["Anger"]},{"damage_healed":26,"gold_gain":0,"player_choice":"Banana","damage_taken":0,"max_hp_gain":0,"max_hp_loss":0,"event_name":"Big Fish","floor":8,"gold_loss":0},{"damage_healed":0,"gold_gain":175,"player_choice":"AGREE","damage_taken":0,"max_hp_gain":0,"max_hp_loss":0,"event_name":"Liars Game","floor":10,"gold_loss":0,"cards_obtained":["Doubt"]},{"damage_healed":0,"gold_gain":99,"player_choice":"Stole From Cult","damage_taken":0,"max_hp_gain":0,"max_hp_loss":0,"event_name":"Nest","floor":19,"gold_loss":0},{"damage_healed":0,"gold_gain":0,"player_choice":"Became a Ghost","damage_taken":0,"max_hp_gain":0,"max_hp_loss":40,"event_name":"Ghosts","floor":20,"gold_loss":0,"cards_obtained":["Ghostly","Ghostly","Ghostly","Ghostly","Ghostly"]},{"damage_healed":0,"gold_gain":0,"player_choice":"Obtain J.A.X.","damage_taken":0,"max_hp_gain":0,"max_hp_loss":0,"event_name":"Drug Dealer","floor":29,"gold_loss":0,"cards_obtained":["J.A.X."]},{"damage_healed":0,"gold_gain":0,"player_choice":"1 cards matched","damage_taken":0,"max_hp_gain":0,"max_hp_loss":0,"event_name":"Match and Keep!","floor":36,"gold_loss":0,"cards_obtained":["Flash of Steel"]},{"damage_healed":0,"gold_gain":0,"player_choice":"Fight","damage_taken":0,"max_hp_gain":0,"max_hp_loss":0,"event_name":"MindBloom","floor":38,"gold_loss":0},{"damage_healed":0,"gold_gain":0,"player_choice":"Max HP","damage_taken":0,"max_hp_gain":0,"max_hp_loss":2,"event_name":"Winding Halls","floor":39,"gold_loss":0}],"is_beta":false,"boss_relics":[{"not_picked":["Busted Crown","Lizard Tail"],"picked":"Ectoplasm"},{"not_picked":["Calling Bell","Eternal Feather"],"picked":"White Beast Statue"}],"items_purged_floors":[22],"is_endless":false,"potions_floor_spawned":[5,6,11,13,18,27,35,37,38,41,44,45,46,47],"ascension_level":2}