{"gold_per_floor":[113,38,38,38,48,76,76,111,157,157,157,16,16,50,50,127,127,141,113,34,34,34,34,51,51,51,70,70,120,120,120],"floor_reached":31,"playtime":1341,"items_purged":["Strike_R","Strike_R"],"score":544,"play_id":"cefb21a1-5fd6-4560-b4f2-2bd34de83d36","local_time":"20190708235855","is_ascension_mode":true,"campfire_choices":[{"data":"Armaments","floor":7,"key":"SMITH"},{"data":"Barricade","floor":10,"key":"SMITH"},{"floor":13,"key":"REST"},{"floor":15,"key":"REST"},{"floor":23,"key":"REST"},{"floor":25,"key":"REST"}],"neow_cost":"NONE","seed_source_timestamp":321653375448670,"circlet_count":0,"master_deck":["AscendersBane","Strike_R","Strike_R","Defend_R","Defend_R","Defend_R","Bash","Dual Wield","Armaments+1","Barricade+1","Carnage","Body Slam","Reaper","Body Slam","Juggernaut"],"relics":["Burning Blood","NeowsBlessing","Potion Belt","Bag of Preparation","Pen Nib","Gremlin Horn","Runic Pyramid","Omamori"],"potions_floor_usage":[8,16,30,31],"damage_taken":[{"damage":0,"enemies":"Cultist","floor":1,"turns":1},{"damage":1,"enemies":"Small Slimes","floor":5,"turns":2},{"damage":0,"enemies":"Lagavulin","floor":6,"turns":1},{"damage":46,"enemies":"Gremlin Nob","floor":8,"turns":6},{"damage":42,"enemies":"3 Sentries","floor":14,"turns":8},{"damage":56,"enemies":"The Guardian","floor":16,"turns":10},{"damage":33,"enemies":"3 Byrds","floor":18,"turns":5},{"damage":39,"enemies":"2 Thieves","floor":19,"turns":4},{"damage":30,"enemies":"Snake Plant","floor":24,"turns":5},{"damage":8,"enemies":"3 Cultists","floor":27,"turns":4},{"damage":62,"enemies":"Colosseum Slavers","floor":30,"turns":5},{"damage":43,"enemies":"Slavers","floor":31,"turns":4}],"seed_played":"5715565379166888494","potions_obtained":[{"floor":6,"key":"Ancient Potion"},{"floor":8,"key":"BloodPotion"},{"floor":24,"key":"Regen Potion"}],"is_trial":false,"path_per_floor":["M","$","?","$","M","E","R","E","T","R","?","$","R","E","R","B",null,"M","M","$","?","$","R","M","R","T","M","$","?","?","E"],"character_chosen":"IRONCLAD","items_purchased":["Carnage","BloodPotion"],"campfire_rested":4,"item_purchase_floors":[12,20],"current_hp_per_floor":[74,74,67,67,72,75,75,35,35,35,35,35,57,21,43,11,59,38,13,13,13,13,35,14,36,36,49,49,49,17,12],"gold":120,"neow_bonus":"THREE_ENEMY_KILL","is_prod":false,"is_daily":false,"chose_seed":false,"campfire_upgraded":2,"win_rate":0,"timestamp":1562644735,"path_taken":["M","?","?","?","?","E","R","E","T","R","?","$","R","E","R","BOSS","M","?","?","?","$","R","M","R","T","M","$","?","?","E"],"build_version":"2019-07-03","purchased_purges":2,"victory":false,"max_hp_per_floor":[75,75,75,75,75,75,75,75,75,75,75,75,75,75,75,75,75,75,75,75,75,75,75,75,75,75,75,75,75,75,75],"card_choices":[{"not_picked":["Clash","Cleave"],"picked":"Dual Wield","floor":1},{"not_picked":["Intimidate","Flex","Heavy Blade"],"picked":"SKIP","floor":5},{"not_picked":["Sever Soul","Shrug It Off"],"picked":"Armaments","floor":6},{"not_picked":["Perfected Strike","Twin Strike"],"picked":"Barricade","floor":8},{"not_picked":["Dropkick","True Grit"],"picked":"Body Slam","floor":14},{"not_picked":["Offering","Dark Embrace"],"picked":"Reaper","floor":16},{"not_picked":["Burning Pact","Wild Strike","Shrug It Off"],"picked":"SKIP","floor":18},{"not_picked":["Heavy Blade","Sever Soul","Warcry"],"picked":"SKIP","floor":19},{"not_picked":["Sever Soul","Wild Strike+1"],"picked":"Body Slam","floor":24},{"not_picked":["Sever Soul","Havoc"],"picked":"Juggernaut","floor":27}],"player_experience":715730,"relics_obtained":[{"floor":6,"key":"Potion Belt"},{"floor":8,"key":"Bag of Preparation"},{"floor":9,"key":"Pen Nib"},{"floor":14,"key":"Gremlin Horn"},{"floor":26,"key":"Omamori"}],"event_choices":[{"cards_removed":["Strike_R"],"damage_healed":0,"gold_gain":0,"player_choice":"Card Removal","damage_taken":7,"max_hp_gain":0,"max_hp_loss":0,"event_name":"Golden Wing","floor":3,"gold_loss":0},{"cards_removed":["Defend_R"],"damage_healed":0,"gold_gain":0,"player_choice":"Purged","damage_taken":0,"max_hp_gain":0,"max_hp_loss":0,"event_name":"Purifier","floor":11,"gold_loss":0},{"damage_healed":0,"gold_gain":0,"player_choice":"Ignored","damage_taken":0,"max_hp_gain":0,"max_hp_loss":0,"event_name":"Cursed Tome","floor":21,"gold_loss":0},{"damage_healed":0,"gold_gain":50,"player_choice":"Stole From Cult","damage_taken":0,"max_hp_gain":0,"max_hp_loss":0,"event_name":"Nest","floor":29,"gold_loss":0},{"damage_healed":0,"gold_gain":0,"player_choice":"Fight","damage_taken":0,"max_hp_gain":0,"max_hp_loss":0,"event_name":"Colosseum","floor":30,"gold_loss":0},{"damage_healed":0,"gold_gain":0,"player_choice":"Fled From Nobs","damage_taken":0,"max_hp_gain":0,"max_hp_loss":0,"event_name":"Colosseum","floor":30,"gold_loss":0}],"is_beta":true,"boss_relics":[{"not_picked":["Sozu","Ectoplasm"],"picked":"Runic Pyramid"}],"items_purged_floors":[2,12],"is_endless":false,"potions_floor_spawned":[6,8,24],"killed_by":"Slavers","ascension_level":20}