{"gold_per_floor":[111,111,111,125,144,179,179,138,138,172,10,10,28,55,55,151,151,163,57,67,67,79,79,106,106,133,58,58,72,72,82,82,187,187,201,201,212,212,38,38,50,50,50,50,23,38,38,38,38,38],"floor_reached":50,"playtime":3165,"items_purged":["Defend_B"],"score":574,"play_id":"a5c26b59-41f9-4cd7-8dc2-53c3d7d8149e","local_time":"20190709152855","is_ascension_mode":true,"campfire_choices":[{"floor":7.0,"key":"REST"},{"floor":12.0,"key":"REST"},{"data":"Melter","floor":15,"key":"SMITH"},{"floor":23,"key":"REST"},{"floor":25,"key":"REST"},{"floor":30,"key":"REST"},{"floor":32,"key":"REST"},{"data":"Go for the Eyes","floor":40,"key":"SMITH"},{"data":"Coolheaded","floor":42,"key":"SMITH"},{"data":"Coolheaded","floor":49,"key":"SMITH"}],"neow_cost":"NONE","seed_source_timestamp":88303241268800,"circlet_count":0,"master_deck":["Strike_B","Strike_B","Defend_B","Defend_B","Defend_B","Zap+1","Dualcast","Rip and Tear","Genetic Algorithm","Gash","Creative AI+1","Melter+1","Defragment+1","Coolheaded+1","Ball Lightning","Core Surge","Go for the Eyes+1","Sweeping Beam","Turbo+1","Reprogram+1","Storm+1","Chill+1","Buffer+1","Glacier+1","Self Repair+1","Coolheaded+1","Ball Lightning+1"],"special_seed":0,"relics":["FrozenCore","Mercury Hourglass","Frozen Egg 2","Pear","PreservedInsect","Juzu Bracelet","Vajra","Anchor","Coffee Dripper","Pantograph","Gremlin Horn"],"potions_floor_usage":[16,16,24,29,33,48,50,50],"damage_taken":[{"damage":0.0,"enemies":"2 Louse","floor":1.0,"turns":2.0},{"damage":0.0,"enemies":"Cultist","floor":4.0,"turns":2.0},{"damage":0.0,"enemies":"Small Slimes","floor":5.0,"turns":2.0},{"damage":28.0,"enemies":"Gremlin Nob","floor":6.0,"turns":4.0},{"damage":40.0,"enemies":"Lagavulin","floor":10.0,"turns":6.0},{"damage":5.0,"enemies":"Exordium Wildlife","floor":13.0,"turns":3.0},{"damage":12,"enemies":"Gremlin Nob","floor":14,"turns":3},{"damage":13,"enemies":"Hexaghost","floor":16,"turns":6},{"damage":24,"enemies":"2 Thieves","floor":18,"turns":4},{"damage":0,"enemies":"Spheric Guardian","floor":20,"turns":1},{"damage":32,"enemies":"Snake Plant","floor":22,"turns":4},{"damage":32,"enemies":"Gremlin Leader","floor":24,"turns":5},{"damage":11,"enemies":"Centurion and Healer","floor":29,"turns":3},{"damage":11,"enemies":"Shelled Parasite and Fungi","floor":31,"turns":6},{"damage":27,"enemies":"Collector","floor":33,"turns":7},{"damage":0,"enemies":"Orb Walker","floor":35,"turns":3},{"damage":12,"enemies":"3 Darklings","floor":37,"turns":5},{"damage":19,"enemies":"Jaw Worm Horde","floor":41,"turns":4},{"damage":0,"enemies":"Writhing Mass","floor":46,"turns":9},{"damage":0,"enemies":"Sphere and 2 Shapes","floor":48,"turns":1},{"damage":84,"enemies":"Awakened One","floor":50,"turns":20}],"seed_played":"2283266426111671678","potions_obtained":[{"floor":1.0,"key":"Ancient Potion"},{"floor":10.0,"key":"PowerPotion"},{"floor":13.0,"key":"PowerPotion"},{"floor":20,"key":"PowerPotion"},{"floor":24,"key":"PowerPotion"},{"floor":29,"key":"Energy Potion"},{"floor":37,"key":"Ancient Potion"},{"floor":46,"key":"Weak Potion"}],"is_trial":false,"path_per_floor":["M","?","?","M","M","E","R","?","T","E","$","R","M","E","R","B",null,"M","$","M","?","M","R","E","R","T","?","?","M","R","M","R","B",null,"M","?","M","?","$","R","M","R","T","$","$","M","T","M","R","B"],"character_chosen":"DEFECT","items_purchased":["Defragment+1","Coolheaded","Go for the Eyes","Sweeping Beam","Self Repair+1","SmokeBomb","Coolheaded"],"campfire_rested":6,"item_purchase_floors":[11,11,19,19,39,39,45],"current_hp_per_floor":[75,68,68,68,68,40,62,62,72,32,32,57,52,40,40,27,85,61,61,61,45,13,38,6,31,31,31,31,20,45,34,59,32,85,85,81,69,69,69,69,60,60,60,60,60,70,70,70,70,0],"gold":38,"neow_bonus":"UPGRADE_CARD","is_prod":false,"is_daily":false,"chose_seed":false,"campfire_upgraded":4,"win_rate":0,"timestamp":1562700535,"path_taken":["M","?","?","M","?","E","R","?","T","E","?","R","M","E","R","BOSS","M","$","M","?","M","R","E","R","T","?","?","M","R","M","R","BOSS","M","?","M","?","$","R","M","R","T","?","$","M","?","M","R","BOSS"],"build_version":"2019-07-05","purchased_purges":1,"victory":false,"max_hp_per_floor":[75,75,75,75,75,75,75,75,85,85,85,85,85,85,85,85,85,85,85,85,85,85,85,85,85,85,85,85,85,85,85,85,85,85,85,81,81,81,81,81,81,81,81,81,81,81,81,81,81,81],"card_choices":[{"not_picked":["BootSequence","Redo"],"picked":"Rip and Tear","floor":1.0},{"not_picked":["Heatsinks","FTL"],"picked":"Genetic Algorithm","floor":4.0},{"not_picked":["Steam","Go for the Eyes"],"picked":"Gash","floor":5.0},{"not_picked":["Redo","Reprogram"],"picked":"Creative AI","floor":6.0},{"not_picked":["Aggregate","Static Discharge+1"],"picked":"Melter","floor":10.0},{"not_picked":["Leap","Cold Snap"],"picked":"Ball Lightning","floor":13.0},{"not_picked":["Barrage","Static Discharge+1","Sunder"],"picked":"SKIP","floor":14},{"not_picked":["Creative AI+1","Biased Cognition+1"],"picked":"Core Surge","floor":16},{"not_picked":["Recycle+1","Steam Power+1","Streamline"],"picked":"SKIP","floor":18},{"not_picked":["Redo","Aggregate"],"picked":"Turbo","floor":20},{"not_picked":["Barrage","Aggregate"],"picked":"Reprogram+1","floor":22},{"not_picked":["Melter","Conserve Battery"],"picked":"Storm+1","floor":24},{"not_picked":["Streamline","Thunder Strike","Recycle"],"picked":"SKIP","floor":29},{"not_picked":["Redo","Stack"],"picked":"Chill+1","floor":31},{"not_picked":["Fission","Thunder Strike"],"picked":"Buffer+1","floor":33},{"not_picked":["Rebound+1","Steam"],"picked":"Glacier+1","floor":35},{"not_picked":["Auto Shields+1","Rip and Tear+1","Cold Snap"],"picked":"SKIP","floor":37},{"not_picked":["Sweeping Beam+1","Darkness","Beam Cell+1"],"picked":"SKIP","floor":41},{"not_picked":["Go for the Eyes","Rebound+1"],"picked":"Ball Lightning+1","floor":46}],"player_experience":198057,"relics_obtained":[{"floor":6.0,"key":"Frozen Egg 2"},{"floor":9.0,"key":"Pear"},{"floor":10.0,"key":"PreservedInsect"},{"floor":14,"key":"Juzu Bracelet"},{"floor":24,"key":"Vajra"},{"floor":26,"key":"Anchor"},{"floor":43,"key":"Pantograph"},{"floor":47,"key":"Gremlin Horn"}],"event_choices":[{"damage_healed":0.0,"max_hp_gain":0.0,"max_hp_loss":0.0,"gold_gain":0.0,"event_name":"Scrap Ooze","player_choice":"Success","floor":2.0,"gold_loss":0.0,"damage_taken":7.0,"relics_obtained":["Mercury Hourglass"]},{"cards_removed":["Strike_B"],"damage_healed":0.0,"max_hp_gain":0.0,"max_hp_loss":0.0,"gold_gain":0.0,"event_name":"Purifier","player_choice":"Purged","floor":3.0,"gold_loss":0.0,"damage_taken":0.0},{"damage_healed":0.0,"max_hp_gain":0.0,"max_hp_loss":0.0,"gold_gain":0.0,"event_name":"World of Goop","player_choice":"Left Gold","floor":8.0,"gold_loss":41.0,"damage_taken":0.0},{"damage_healed":0,"gold_gain":0,"player_choice":"POTION ","damage_taken":16,"max_hp_gain":0,"max_hp_loss":0,"event_name":"Knowing Skull","floor":21,"potions_obtained":["SneckoOil"],"gold_loss":0,"cards_obtained":[]},{"cards_removed":["Strike_B"],"damage_healed":0,"gold_gain":0,"player_choice":"Gave Gold","damage_taken":0,"max_hp_gain":0,"max_hp_loss":0,"event_name":"Beggar","floor":27,"gold_loss":75},{"damage_healed":0,"gold_gain":0,"player_choice":"Upgraded","damage_taken":0,"max_hp_gain":0,"max_hp_loss":0,"event_name":"Upgrade Shrine","floor":28,"gold_loss":0,"cards_upgraded":["Turbo"]},{"damage_healed":0,"gold_gain":0,"player_choice":"Max HP","damage_taken":0,"max_hp_gain":0,"max_hp_loss":4,"event_name":"Winding Halls","floor":36,"gold_loss":0},{"damage_healed":0,"gold_gain":0,"player_choice":"Ignored","damage_taken":0,"max_hp_gain":0,"max_hp_loss":0,"event_name":"Tomb of Lord Red Mask","floor":38,"gold_loss":0}],"is_beta":false,"boss_relics":[{"not_picked":["Runic Pyramid","Orrery"],"picked":"FrozenCore"},{"not_picked":["Calling Bell","Lizard Tail"],"picked":"Coffee Dripper"}],"items_purged_floors":[11],"is_endless":false,"potions_floor_spawned":[1,10,13,20,24,29,37,46],"killed_by":"Awakened One","ascension_level":4}