{"gold_per_floor":[112,112,124,124,24,24,57,57,57,67,67,98,98,113,113,208,208,189,38,38,38,51,51,78,93,93,93,105,121,134,134],"floor_reached":31,"playtime":1279,"items_purged":["Regret"],"score":318,"play_id":"4fdaae5d-840b-4ed5-aaa6-84baa70f6775","local_time":"20190518170726","is_ascension_mode":true,"campfire_choices":[{"data":"Hemokinesis","floor":6,"key":"SMITH"},{"data":"True Grit","floor":8,"key":"SMITH"},{"floor":15,"key":"REST"},{"data":"Seeing Red","floor":23,"key":"SMITH"}],"neow_cost":"NONE","seed_source_timestamp":86561509378690,"circlet_count":0,"master_deck":["Strike_R","Strike_R+1","Strike_R","Strike_R","Strike_R","Defend_R","Defend_R","Defend_R","Defend_R","Bash+1","Limit Break","Sword Boomerang+1","Hemokinesis+1","True Grit+1","Pummel","Seeing Red+1","Demon Form","Second Wind+1","Fiend Fire"],"relics":["Black Blood","Self Forming Clay","Dream Catcher","Pantograph","Bronze Scales","Vajra","Mango","Dead Branch","Nloth\u0027s Gift"],"potions_floor_usage":[12,28,29],"damage_taken":[{"damage":21,"enemies":"Jaw Worm","floor":1,"turns":6},{"damage":1,"enemies":"Cultist","floor":3,"turns":3},{"damage":20,"enemies":"Gremlin Nob","floor":7,"turns":4},{"damage":2,"enemies":"2 Louse","floor":10,"turns":2},{"damage":14,"enemies":"3 Sentries","floor":12,"turns":6},{"damage":6,"enemies":"Looter","floor":14,"turns":3},{"damage":59,"enemies":"Hexaghost","floor":16,"turns":9},{"damage":20,"enemies":"2 Thieves","floor":18,"turns":4},{"damage":7,"enemies":"Chosen","floor":22,"turns":3},{"damage":43,"enemies":"Book of Stabbing","floor":24,"turns":5},{"damage":22,"enemies":"Snecko","floor":25,"turns":5},{"damage":19,"enemies":"Snake Plant","floor":28,"turns":3},{"damage":5,"enemies":"Chosen and Byrds","floor":29,"turns":4},{"damage":11,"enemies":"Centurion and Healer","floor":30,"turns":7},{"damage":30,"enemies":"Slavers","floor":31,"turns":2}],"seed_played":"6287178077958695109","potions_obtained":[{"floor":3,"key":"LiquidBronze"},{"floor":16,"key":"BloodPotion"},{"floor":22,"key":"GamblersBrew"},{"floor":25,"key":"SpeedPotion"},{"floor":28,"key":"Weak Potion"}],"is_trial":false,"path_per_floor":["M","?","M","?","$","R","E","R","T","M","?","E","?","M","R","B",null,"M","$","?","?","M","R","E","M","T","?","M","M","M","E"],"character_chosen":"IRONCLAD","items_purchased":["True Grit","Vajra"],"campfire_rested":1,"item_purchase_floors":[5,19],"current_hp_per_floor":[65,65,70,70,70,70,56,56,56,60,44,36,36,36,60,27,80,70,70,54,54,57,57,38,26,26,26,26,31,30,0],"gold":134,"neow_bonus":"ONE_RANDOM_RARE_CARD","is_prod":false,"is_daily":false,"chose_seed":false,"campfire_upgraded":3,"win_rate":0,"timestamp":1558213646,"path_taken":["M","?","?","?","$","R","E","R","T","M","?","E","?","M","R","BOSS","M","$","?","?","M","R","E","M","T","?","M","?","M","E"],"build_version":"2019-01-23","purchased_purges":1,"victory":false,"max_hp_per_floor":[80,80,80,80,80,80,80,80,80,80,80,80,80,80,80,80,80,80,80,80,80,80,80,94,94,94,94,94,94,94,94],"card_choices":[{"not_picked":["Iron Wave","Warcry"],"picked":"Sword Boomerang","floor":1},{"not_picked":["Rage","Pommel Strike"],"picked":"Hemokinesis","floor":3},{"not_picked":["Perfected Strike","Second Wind","Shockwave"],"picked":"SKIP","floor":7},{"not_picked":["Intimidate","Power Through"],"picked":"Pummel","floor":10},{"not_picked":["Exhume","Dropkick"],"picked":"Seeing Red","floor":12},{"not_picked":["Second Wind","Entrench","Shockwave"],"picked":"SKIP","floor":14},{"not_picked":["Exhume","Limit Break"],"picked":"Demon Form","floor":16},{"not_picked":["Armaments","Warcry+1","Heavy Blade"],"picked":"SKIP","floor":18},{"not_picked":["Havoc","Wild Strike+1"],"picked":"Second Wind+1","floor":22},{"not_picked":["Shockwave","Combust","Twin Strike"],"picked":"SKIP","floor":24},{"not_picked":["Corruption","Anger","Flex"],"picked":"SKIP","floor":25},{"not_picked":["Body Slam+1","Bludgeon","Whirlwind"],"picked":"SKIP","floor":28},{"not_picked":["Exhume","Limit Break"],"picked":"Fiend Fire","floor":29},{"not_picked":["Rage","Clash","Entrench"],"picked":"SKIP","floor":30}],"player_experience":174632,"relics_obtained":[{"floor":7,"key":"Dream Catcher"},{"floor":9,"key":"Pantograph"},{"floor":12,"key":"Bronze Scales"},{"floor":20,"key":"Necronomicon"},{"floor":24,"key":"Mango"},{"floor":26,"key":"Dead Branch"}],"event_choices":[{"damage_healed":0,"gold_gain":0,"player_choice":"Upgraded","damage_taken":0,"max_hp_gain":0,"max_hp_loss":0,"event_name":"Upgrade Shrine","floor":2,"gold_loss":0,"cards_upgraded":["Sword Boomerang"]},{"damage_healed":0,"gold_gain":0,"player_choice":"Box","damage_taken":0,"relics_obtained":["Self Forming Clay"],"max_hp_gain":0,"max_hp_loss":0,"event_name":"Big Fish","floor":4,"gold_loss":0,"cards_obtained":["Regret"]},{"damage_healed":0,"gold_gain":0,"player_choice":"Entered Light","damage_taken":16,"max_hp_gain":0,"max_hp_loss":0,"event_name":"Shining Light","floor":11,"gold_loss":0,"cards_upgraded":["Bash","Strike_R"]},{"damage_healed":0,"gold_gain":0,"player_choice":"Searched \u00270\u0027 times","damage_taken":0,"max_hp_gain":0,"max_hp_loss":0,"event_name":"Dead Adventurer","floor":13,"gold_loss":0},{"damage_healed":0,"gold_gain":0,"player_choice":"Obtained Book","damage_taken":16,"max_hp_gain":0,"max_hp_loss":0,"event_name":"Cursed Tome","floor":20,"gold_loss":0},{"damage_healed":0,"gold_gain":0,"player_choice":"Ignored","damage_taken":0,"max_hp_gain":0,"max_hp_loss":0,"event_name":"Vampires","floor":21,"gold_loss":0},{"damage_healed":0,"gold_gain":0,"player_choice":"Traded Relic","damage_taken":0,"relics_obtained":["Nloth\u0027s Gift"],"max_hp_gain":0,"max_hp_loss":0,"event_name":"N\u0027loth","floor":27,"relics_lost":["Necronomicon"],"gold_loss":0}],"is_beta":false,"boss_relics":[{"not_picked":["Fusion Hammer","Tiny House"],"picked":"Black Blood"}],"items_purged_floors":[5],"is_endless":false,"potions_floor_spawned":[3,16,22,25,28],"killed_by":"Slavers","ascension_level":4}