{"gold_per_floor":[115,135,8,0,100,112,112,96,96,123,123],"floor_reached":11,"playtime":900,"items_purged":[],"score":73,"play_id":"1493917a-a6bd-442c-a0e2-62d0e1f36512","local_time":"20190705103530","is_ascension_mode":false,"campfire_choices":[{"data":"Genetic Algorithm","floor":7,"key":"SMITH"}],"neow_cost":"NONE","seed_source_timestamp":361634851869721,"circlet_count":0,"master_deck":["Strike_B","Strike_B","Strike_B","Strike_B","Defend_B","Defend_B","Defend_B","Defend_B","Zap","Dualcast","Biased Cognition","Genetic Algorithm+1","Steam","Capacitor","Turbo","Leap","Turbo","Loop"],"relics":["Cracked Core","Mummified Hand","Meat on the Bone"],"potions_floor_usage":[],"damage_taken":[{"damage":3,"enemies":"Jaw Worm","floor":1,"turns":3},{"damage":5,"enemies":"Small Slimes","floor":2,"turns":4},{"damage":1,"enemies":"Cultist","floor":6,"turns":4},{"damage":5,"enemies":"Exordium Thugs","floor":8,"turns":5},{"damage":59,"enemies":"Gremlin Nob","floor":10,"turns":6},{"damage":7,"enemies":"3 Louse","floor":11,"turns":1}],"seed_played":"-8540254310141337819","potions_obtained":[{"floor":1,"key":"Energy Potion"}],"is_trial":false,"path_per_floor":["M","M","$","?","?","M","R","M","T","E","M"],"character_chosen":"DEFECT","items_purchased":["Capacitor","Turbo"],"campfire_rested":0,"item_purchase_floors":[3,3],"current_hp_per_floor":[72,67,67,67,67,66,66,61,61,2,0],"gold":123,"neow_bonus":"ONE_RANDOM_RARE_CARD","is_prod":false,"is_daily":false,"chose_seed":false,"campfire_upgraded":1,"win_rate":0,"timestamp":1562337330,"path_taken":["M","M","$","?","?","M","R","M","T","E","M"],"build_version":"2019-07-01","purchased_purges":0,"victory":false,"max_hp_per_floor":[75,75,75,75,75,75,75,75,75,75,75],"card_choices":[{"not_picked":["Heatsinks","Streamline"],"picked":"Genetic Algorithm","floor":1},{"not_picked":["Sunder","Streamline"],"picked":"Steam","floor":2},{"not_picked":["Darkness","Lockon"],"picked":"Leap","floor":6},{"not_picked":["Streamline","Sweeping Beam"],"picked":"Turbo","floor":8},{"not_picked":["Biased Cognition","Ball Lightning"],"picked":"Loop","floor":10}],"player_experience":117662,"relics_obtained":[{"floor":9,"key":"Mummified Hand"},{"floor":10,"key":"Meat on the Bone"}],"event_choices":[{"damage_healed":0,"gold_gain":0,"player_choice":"Left Gold","damage_taken":0,"max_hp_gain":0,"max_hp_loss":0,"event_name":"World of Goop","floor":4,"gold_loss":8},{"damage_healed":0,"gold_gain":100,"player_choice":"Pray","damage_taken":0,"max_hp_gain":0,"max_hp_loss":0,"event_name":"Golden Shrine","floor":5,"gold_loss":0}],"is_beta":false,"boss_relics":[],"items_purged_floors":[],"is_endless":false,"potions_floor_spawned":[1],"killed_by":"3 Louse","ascension_level":0}