{"gold_per_floor":[115,115,190,140,152,187,201,227,227,227],"floor_reached":10,"playtime":289,"items_purged":[],"score":87,"play_id":"78382ca8-5550-457c-bf3a-0979865f76b4","local_time":"20190409145640","is_ascension_mode":true,"campfire_choices":[],"neow_cost":"NONE","seed_source_timestamp":426896311990938,"circlet_count":0,"master_deck":["Strike_R","Strike_R","Strike_R","Strike_R","Defend_R","Defend_R","Defend_R+1","Defend_R","Bash","Anger","Cleave","Twin Strike","Infernal Blade+1","Cleave"],"relics":["Black Star","Dodecahedron","Meat on the Bone","War Paint","Boot","The Courier"],"potions_floor_usage":[5,10],"damage_taken":[{"damage":13,"enemies":"Jaw Worm","floor":1,"turns":6},{"damage":4,"enemies":"2 Louse","floor":5,"turns":3},{"damage":32,"enemies":"Gremlin Nob","floor":6,"turns":4},{"damage":10,"enemies":"Small Slimes","floor":7,"turns":2},{"damage":25,"enemies":"3 Sentries","floor":8,"turns":6},{"damage":25,"enemies":"Lagavulin","floor":10,"turns":5}],"seed_played":"306279147878311105","potions_obtained":[{"floor":1,"key":"Swift Potion"},{"floor":8,"key":"Energy Potion"}],"is_trial":false,"path_per_floor":["M","?","?","?","M","E","M","E","T","E"],"character_chosen":"IRONCLAD","items_purchased":[],"campfire_rested":0,"item_purchase_floors":[],"current_hp_per_floor":[67,72,61,61,57,25,27,14,14,0],"gold":227,"neow_bonus":"BOSS_RELIC","is_prod":false,"is_daily":false,"chose_seed":false,"campfire_upgraded":0,"win_rate":0,"timestamp":1554836200,"path_taken":["M","?","?","?","M","E","M","E","T","E"],"build_version":"2019-01-23","purchased_purges":0,"victory":false,"max_hp_per_floor":[80,85,85,85,85,85,85,85,85,85],"card_choices":[{"not_picked":["Bloodletting","Entrench"],"picked":"Anger","floor":1},{"not_picked":["Twin Strike","Iron Wave"],"picked":"Cleave","floor":5},{"not_picked":["Blood for Blood","Perfected Strike"],"picked":"Twin Strike","floor":6},{"not_picked":["Uppercut","Cleave"],"picked":"Infernal Blade","floor":7},{"not_picked":["Thunderclap","Body Slam"],"picked":"Cleave","floor":8}],"player_experience":155080,"relics_obtained":[{"floor":6,"key":"Dodecahedron"},{"floor":6,"key":"Meat on the Bone"},{"floor":8,"key":"War Paint"},{"floor":8,"key":"Boot"},{"floor":9,"key":"The Courier"}],"event_choices":[{"damage_healed":0,"gold_gain":0,"player_choice":"Donut","damage_taken":0,"max_hp_gain":5,"max_hp_loss":0,"event_name":"Big Fish","floor":2,"gold_loss":0},{"damage_healed":0,"gold_gain":75,"player_choice":"Gather Gold","damage_taken":11,"max_hp_gain":0,"max_hp_loss":0,"event_name":"World of Goop","floor":3,"gold_loss":0},{"cards_removed":["Strike_R"],"damage_healed":0,"gold_gain":0,"player_choice":"Card Removal","damage_taken":0,"max_hp_gain":0,"max_hp_loss":0,"event_name":"The Cleric","floor":4,"gold_loss":50}],"is_beta":false,"boss_relics":[],"items_purged_floors":[],"is_endless":false,"potions_floor_spawned":[1,8],"killed_by":"Lagavulin","ascension_level":3}