{"gold_per_floor":[115,130,145,165,135,166,179,254,308,308,308,308,308,319,319,423,423,442,442,442,407,420,420,436,436,436,386,400,400,420,420],"floor_reached":31,"playtime":6129,"items_purged":[],"score":239,"play_id":"d3cc667d-fbf4-4642-838d-1d0811361932","local_time":"20190705130151","is_ascension_mode":false,"campfire_choices":[{"data":"Genetic Algorithm","floor":11.0,"key":"SMITH"},{"data":"Double Energy","floor":13.0,"key":"SMITH"},{"data":"Reprogram","floor":15.0,"key":"SMITH"},{"data":"Creative AI","floor":23.0,"key":"SMITH"},{"data":"Skim","floor":25.0,"key":"SMITH"},{"floor":29,"key":"REST"}],"neow_cost":"NONE","seed_source_timestamp":0,"circlet_count":0,"master_deck":["Strike_B","Strike_B","Strike_B","Defend_B","Defend_B","Defend_B","Defend_B","Zap","Dualcast","Coolheaded","Coolheaded","Genetic Algorithm+1","Reprogram+1","Steam","Double Energy+1","Skim+1","Parasite","Auto Shields","Creative AI+1","Stack","Conserve Battery","Turbo","Ball Lightning","FTL","Leap","RitualDagger","Recycle+1","Turbo+1","Conserve Battery","Seek","Turbo"],"special_seed":0,"relics":["Cracked Core","NeowsBlessing","Pantograph","Orichalcum","Orrery","Frozen Egg 2"],"potions_floor_usage":[30,30],"damage_taken":[{"damage":0.0,"enemies":"Jaw Worm","floor":1.0,"turns":1.0},{"damage":0.0,"enemies":"Small Slimes","floor":2.0,"turns":1.0},{"damage":0.0,"enemies":"2 Louse","floor":3.0,"turns":1.0},{"damage":4.0,"enemies":"2 Fungi Beasts","floor":4.0,"turns":5.0},{"damage":3.0,"enemies":"Looter","floor":5.0,"turns":4.0},{"damage":27.0,"enemies":"Lagavulin","floor":6.0,"turns":12.0},{"damage":0.0,"enemies":"Lots of Slimes","floor":7.0,"turns":2.0},{"damage":0.0,"enemies":"Red Slaver","floor":14.0,"turns":4.0},{"damage":31.0,"enemies":"The Guardian","floor":16.0,"turns":18.0},{"damage":1.0,"enemies":"3 Byrds","floor":18.0,"turns":7.0},{"damage":3.0,"enemies":"2 Thieves","floor":21.0,"turns":5.0},{"damage":6.0,"enemies":"Cultist and Chosen","floor":22.0,"turns":10.0},{"damage":23.0,"enemies":"Snake Plant","floor":24.0,"turns":8.0},{"damage":19,"enemies":"Shelled Parasite and Fungi","floor":28,"turns":13},{"damage":19,"enemies":"Snecko","floor":30,"turns":8},{"damage":24,"enemies":"Cultist and Chosen","floor":31,"turns":6}],"seed_played":"4830549092381104675","potions_obtained":[{"floor":3.0,"key":"Explosive Potion"},{"floor":7.0,"key":"PowerPotion"},{"floor":14.0,"key":"EntropicBrew"},{"floor":16.0,"key":"Energy Potion"},{"floor":18.0,"key":"Weak Potion"},{"floor":22.0,"key":"Fire Potion"},{"floor":24.0,"key":"Explosive Potion"}],"is_trial":false,"path_per_floor":["M","M","M","M","M","E","M","?","T","?","R","?","R","M","R","B",null,"M","?","?","M","M","R","M","R","T","?","M","R","M","M"],"character_chosen":"DEFECT","items_purchased":[],"campfire_rested":1,"item_purchase_floors":[],"current_hp_per_floor":[75,75,75,71,68,41,41,30,30,48,48,41,41,41,41,35,75,74,68,68,65,59,59,36,36,36,36,17,39,20,0],"gold":420,"neow_bonus":"THREE_ENEMY_KILL","is_prod":false,"is_daily":false,"chose_seed":false,"campfire_upgraded":5,"win_rate":0,"timestamp":1562346111,"path_taken":["M","M","M","M","M","E","M","?","T","?","R","?","R","M","R","BOSS","M","?","?","M","M","R","M","R","T","?","?","R","M","M"],"build_version":"2019-07-01","purchased_purges":0,"victory":false,"max_hp_per_floor":[75,75,75,75,75,75,75,75,75,75,75,75,75,75,75,75,75,75,75,75,75,75,75,75,75,75,75,75,75,75,75],"card_choices":[{"not_picked":["Sweeping Beam","Gash"],"picked":"Coolheaded","floor":1.0},{"not_picked":["Storm","Hologram"],"picked":"Coolheaded","floor":2.0},{"not_picked":["Glacier","Auto Shields"],"picked":"Genetic Algorithm","floor":3.0},{"not_picked":["Consume","Glacier"],"picked":"Reprogram","floor":4.0},{"not_picked":["Beam Cell","Compile Driver"],"picked":"Steam","floor":5.0},{"not_picked":["Melter","Sweeping Beam"],"picked":"Double Energy","floor":6.0},{"not_picked":["Sweeping Beam","Lockon"],"picked":"Skim","floor":7.0},{"not_picked":["Coolheaded","Streamline"],"picked":"Auto Shields","floor":14.0},{"not_picked":["Electrodynamics","Machine Learning"],"picked":"Creative AI","floor":16.0},{"not_picked":["Gash","Redo"],"picked":"Stack","floor":17.0},{"not_picked":["Rebound","Streamline"],"picked":"Conserve Battery","floor":17.0},{"not_picked":["Auto Shields","Rip and Tear"],"picked":"Turbo","floor":17.0},{"not_picked":["Genetic Algorithm","Consume"],"picked":"Ball Lightning","floor":17.0},{"not_picked":["Chaos","Rip and Tear"],"picked":"FTL","floor":17.0},{"not_picked":["Hologram+1","Capacitor"],"picked":"Leap","floor":18.0},{"not_picked":["Beam Cell","Compile Driver"],"picked":"Recycle+1","floor":21.0},{"not_picked":["Heatsinks+1","Cold Snap"],"picked":"Turbo+1","floor":22.0},{"not_picked":["Stack","Reinforced Body"],"picked":"Conserve Battery","floor":24.0},{"not_picked":["Sweeping Beam","Recycle+1"],"picked":"Seek","floor":28},{"not_picked":["Genetic Algorithm","Redo"],"picked":"Turbo","floor":30}],"player_experience":118562,"relics_obtained":[{"floor":6.0,"key":"Pantograph"},{"floor":9.0,"key":"Orichalcum"}],"event_choices":[{"damage_healed":0.0,"max_hp_gain":0.0,"max_hp_loss":0.0,"gold_gain":75.0,"event_name":"World of Goop","player_choice":"Gather Gold","floor":8.0,"gold_loss":0.0,"damage_taken":11.0},{"damage_healed":18.0,"max_hp_gain":0.0,"max_hp_loss":0.0,"gold_gain":0.0,"event_name":"Mushrooms","player_choice":"Healed and dodged fight","floor":10.0,"gold_loss":0.0,"damage_taken":0.0,"cards_obtained":["Parasite"]},{"cards_removed":["Strike_B"],"damage_healed":0.0,"max_hp_gain":0.0,"max_hp_loss":0.0,"gold_gain":0.0,"event_name":"Golden Wing","player_choice":"Card Removal","floor":12.0,"gold_loss":0.0,"damage_taken":7.0},{"damage_healed":0.0,"max_hp_gain":0.0,"max_hp_loss":0.0,"gold_gain":0.0,"event_name":"Nest","player_choice":"Joined the Cult","floor":19.0,"gold_loss":0.0,"damage_taken":6.0,"cards_obtained":["RitualDagger"]},{"damage_healed":0.0,"max_hp_gain":0.0,"max_hp_loss":0.0,"gold_gain":0.0,"event_name":"The Mausoleum","player_choice":"Opened","floor":20.0,"gold_loss":0.0,"damage_taken":0.0,"relics_obtained":["Frozen Egg 2"]},{"damage_healed":0,"gold_gain":0,"player_choice":"Bet on Murderer","damage_taken":0,"max_hp_gain":0,"max_hp_loss":0,"event_name":"The Joust","floor":27,"gold_loss":50}],"is_beta":false,"boss_relics":[{"not_picked":["Fusion Hammer","Philosopher\u0027s Stone"],"picked":"Orrery"}],"items_purged_floors":[],"is_endless":false,"potions_floor_spawned":[3,7,14,16,18,22,24],"killed_by":"Cultist and Chosen","ascension_level":0}