{"gold_per_floor":[116,116,41,41,65,65,103,126,194,194,232,232,265,286,286,286],"floor_reached":16,"playtime":418,"items_purged":["Strike_R"],"score":164,"play_id":"e8cfbb83-b6d8-4272-9724-7a985c79a381","local_time":"20190708163341","is_ascension_mode":true,"campfire_choices":[{"data":"Infernal Blade","floor":6,"key":"SMITH"},{"data":"Double Tap","floor":10,"key":"SMITH"},{"data":"Shrug It Off","floor":15,"key":"SMITH"}],"neow_cost":"NONE","seed_source_timestamp":857988798001200,"circlet_count":0,"master_deck":["Strike_R","Strike_R","Strike_R","Defend_R","Defend_R","Defend_R","Defend_R","Bash","Pommel Strike","Infernal Blade+1","Double Tap+1","Shrug It Off+1","Impervious+1","Power Through+1"],"relics":["Burning Blood","NeowsBlessing","Golden Idol","Potion Belt","Blue Candle","Bronze Scales","Toxic Egg 2"],"potions_floor_usage":[11,13,16,16],"damage_taken":[{"damage":0,"enemies":"Jaw Worm","floor":1,"turns":1},{"damage":0,"enemies":"2 Louse","floor":5,"turns":1},{"damage":0,"enemies":"Gremlin Nob","floor":7,"turns":1},{"damage":0,"enemies":"Cultist","floor":8,"turns":2},{"damage":41,"enemies":"Lagavulin","floor":11,"turns":10},{"damage":24,"enemies":"3 Sentries","floor":13,"turns":5},{"damage":13,"enemies":"Gremlin Gang","floor":14,"turns":2},{"damage":42,"enemies":"The Guardian","floor":16,"turns":10}],"seed_played":"8811251921262357022","potions_obtained":[{"floor":5,"key":"GamblersBrew"},{"floor":7,"key":"LiquidBronze"},{"floor":8,"key":"Swift Potion"},{"floor":14,"key":"SpeedPotion"}],"is_trial":false,"path_per_floor":["M","?","$","?","M","R","E","M","T","R","E","?","E","M","R","B"],"character_chosen":"IRONCLAD","items_purchased":[],"campfire_rested":0,"item_purchase_floors":[],"current_hp_per_floor":[80,73,73,73,74,74,74,74,74,74,39,63,45,38,38,0],"gold":286,"neow_bonus":"THREE_ENEMY_KILL","is_prod":false,"is_daily":false,"chose_seed":false,"campfire_upgraded":3,"win_rate":0,"timestamp":1562618021,"path_taken":["M","?","$","?","M","R","E","M","T","R","E","?","E","M","R","BOSS"],"build_version":"2019-01-23","purchased_purges":1,"victory":false,"max_hp_per_floor":[80,80,80,74,74,74,74,74,74,74,74,74,74,74,74,74],"card_choices":[{"not_picked":["Clash","Thunderclap"],"picked":"Pommel Strike","floor":1},{"not_picked":["Carnage","Bloodletting"],"picked":"Infernal Blade","floor":5},{"not_picked":["Evolve","Hemokinesis"],"picked":"Double Tap","floor":7},{"not_picked":["Shockwave","Burning Pact"],"picked":"Shrug It Off","floor":8},{"not_picked":["Havoc","Wild Strike","Cleave"],"picked":"SKIP","floor":11},{"not_picked":["Wild Strike","Headbutt"],"picked":"Impervious","floor":13},{"not_picked":["Wild Strike","Blood for Blood"],"picked":"Power Through+1","floor":14}],"player_experience":182163,"relics_obtained":[{"floor":7,"key":"Potion Belt"},{"floor":9,"key":"Blue Candle"},{"floor":11,"key":"Bronze Scales"},{"floor":13,"key":"Toxic Egg 2"}],"event_choices":[{"cards_removed":["Strike_R"],"damage_healed":0,"gold_gain":0,"player_choice":"Card Removal","damage_taken":7,"max_hp_gain":0,"max_hp_loss":0,"event_name":"Golden Wing","floor":2,"gold_loss":0},{"damage_healed":0,"gold_gain":0,"player_choice":"Lose Max HP","damage_taken":0,"relics_obtained":["Golden Idol"],"max_hp_gain":0,"max_hp_loss":6,"event_name":"Golden Idol","floor":4,"gold_loss":0},{"damage_healed":24,"gold_gain":0,"player_choice":"Banana","damage_taken":0,"max_hp_gain":0,"max_hp_loss":0,"event_name":"Big Fish","floor":12,"gold_loss":0}],"is_beta":false,"boss_relics":[],"items_purged_floors":[3],"is_endless":false,"potions_floor_spawned":[5,7,8,14],"killed_by":"The Guardian","ascension_level":3}