{"gold_per_floor":[112,112,122,122,133,161,15,43,43,58,58,76,76,93,93,194,194,213,229,229,81,81,81,115,115,115,130,159,174,174,192,192,192],"floor_reached":33,"playtime":1217,"items_purged":["Strike_R"],"score":342,"play_id":"9a34218f-5553-4ce1-ba65-e88ba2a3f3db","local_time":"20190708111941","is_ascension_mode":true,"campfire_choices":[{"data":"Combust","floor":11,"key":"SMITH"},{"data":"Seeing Red","floor":13,"key":"SMITH"},{"floor":15,"key":"REST"},{"data":"Rage","floor":23,"key":"SMITH"},{"floor":25,"key":"REST"},{"data":"True Grit","floor":30,"key":"SMITH"},{"floor":32,"key":"REST"}],"neow_cost":"NONE","seed_source_timestamp":838349762515700,"circlet_count":0,"master_deck":["Strike_R","Strike_R","Defend_R","Defend_R","Defend_R","Defend_R","Flex","Seeing Red+1","Inflame","Combust+1","Exhume","Cleave","Combust","Demon Form","Evolve","Uppercut","Metallicize","Rage+1","Shrug It Off","Entrench","True Grit+1","Anger","True Grit"],"relics":["Burning Blood","NeowsBlessing","Mummified Hand","PreservedInsect","Incense Burner","Unceasing Top","Mark of Pain","Anchor","Self Forming Clay","Red Skull"],"potions_floor_usage":[3,6,6,16,16,16,19,24,28,29],"damage_taken":[{"damage":0,"enemies":"Cultist","floor":1,"turns":1},{"damage":0,"enemies":"Small Slimes","floor":3,"turns":1},{"damage":0,"enemies":"2 Louse","floor":5,"turns":1},{"damage":28,"enemies":"Gremlin Nob","floor":6,"turns":4},{"damage":25,"enemies":"Lagavulin","floor":8,"turns":6},{"damage":11,"enemies":"2 Fungi Beasts","floor":10,"turns":4},{"damage":16,"enemies":"Exordium Thugs","floor":12,"turns":5},{"damage":9,"enemies":"Exordium Wildlife","floor":14,"turns":2},{"damage":47,"enemies":"The Guardian","floor":16,"turns":12},{"damage":34,"enemies":"Spheric Guardian","floor":18,"turns":5},{"damage":20,"enemies":"Shell Parasite","floor":19,"turns":4},{"damage":30,"enemies":"Book of Stabbing","floor":24,"turns":4},{"damage":6,"enemies":"Sentry and Sphere","floor":27,"turns":4},{"damage":8,"enemies":"Slavers","floor":28,"turns":4},{"damage":16,"enemies":"Snake Plant","floor":29,"turns":3},{"damage":9,"enemies":"Chosen and Byrds","floor":31,"turns":4},{"damage":63,"enemies":"Collector","floor":33,"turns":7}],"seed_played":"-4855732074528941343","potions_obtained":[{"floor":2,"key":"Weak Potion"},{"floor":2,"key":"SkillPotion"},{"floor":2,"key":"Fruit Juice"},{"floor":8,"key":"GamblersBrew"},{"floor":10,"key":"Ancient Potion"},{"floor":14,"key":"SpeedPotion"},{"floor":16,"key":"AttackPotion"},{"floor":18,"key":"Poison Potion"},{"floor":24,"key":"AttackPotion"},{"floor":28,"key":"GamblersBrew"}],"is_trial":false,"path_per_floor":["M","?","M","?","M","E","$","E","T","M","R","M","R","M","R","B",null,"M","M","?","$","?","R","E","R","T","M","E","M","R","M","R","B"],"character_chosen":"IRONCLAD","items_purchased":["PreservedInsect","Rage"],"campfire_rested":3,"item_purchase_floors":[7,21],"current_hp_per_floor":[80,80,85,85,85,63,63,44,44,39,39,29,29,26,51,10,85,57,43,43,43,43,43,19,44,44,44,42,32,32,29,54,0],"gold":192,"neow_bonus":"THREE_ENEMY_KILL","is_prod":false,"is_daily":false,"chose_seed":false,"campfire_upgraded":4,"win_rate":0,"timestamp":1562599181,"path_taken":["M","?","?","?","M","E","?","E","T","M","R","M","R","M","R","BOSS","M","M","?","$","?","R","E","R","T","M","E","M","R","M","R","BOSS"],"build_version":"2019-01-23","purchased_purges":1,"victory":false,"max_hp_per_floor":[80,80,85,85,85,85,85,85,85,85,85,85,85,85,85,85,85,85,85,85,85,85,85,85,85,85,85,85,85,85,85,85,85],"card_choices":[{"not_picked":["Armaments","Battle Trance"],"picked":"Flex","floor":1},{"not_picked":["Havoc","Perfected Strike"],"picked":"Seeing Red","floor":3},{"not_picked":["Anger","Ghostly Armor"],"picked":"Inflame","floor":5},{"not_picked":["Headbutt","Anger"],"picked":"Combust","floor":6},{"not_picked":["Perfected Strike","Pommel Strike"],"picked":"Exhume","floor":8},{"not_picked":["Heavy Blade","Iron Wave"],"picked":"Cleave","floor":10},{"not_picked":["Perfected Strike","Searing Blow","Cleave"],"picked":"SKIP","floor":12},{"not_picked":["Ghostly Armor","Disarm"],"picked":"Combust","floor":14},{"not_picked":["Brutality","Berserk"],"picked":"Demon Form","floor":16},{"not_picked":["Second Wind+1","Infernal Blade"],"picked":"Evolve","floor":18},{"not_picked":["Sword Boomerang","Corruption","Dropkick"],"picked":"SKIP","floor":19},{"not_picked":["Immolate","Inflame"],"picked":"Shrug It Off","floor":24},{"not_picked":["Infernal Blade","Evolve"],"picked":"Entrench","floor":27},{"not_picked":["Feed","Clash"],"picked":"True Grit","floor":28},{"not_picked":["Twin Strike","Seeing Red"],"picked":"Anger","floor":29},{"not_picked":["Sever Soul","Pommel Strike"],"picked":"True Grit","floor":31}],"player_experience":169128,"relics_obtained":[{"floor":6,"key":"Mummified Hand"},{"floor":8,"key":"Incense Burner"},{"floor":9,"key":"Unceasing Top"},{"floor":24,"key":"Anchor"},{"floor":26,"key":"Self Forming Clay"},{"floor":28,"key":"Red Skull"}],"event_choices":[{"damage_healed":0,"gold_gain":0,"player_choice":"Got Potions","damage_taken":0,"max_hp_gain":0,"max_hp_loss":0,"event_name":"Lab","floor":2,"gold_loss":0},{"cards_removed":["Bash"],"damage_healed":0,"gold_gain":0,"player_choice":"Purged","damage_taken":0,"max_hp_gain":0,"max_hp_loss":0,"event_name":"Purifier","floor":4,"gold_loss":0},{"damage_healed":0,"gold_gain":0,"cards_transformed":["Strike_R","Strike_R"],"player_choice":"Became Test Subject","damage_taken":0,"max_hp_gain":0,"max_hp_loss":0,"event_name":"Drug Dealer","floor":20,"gold_loss":0,"cards_obtained":["Uppercut","Metallicize"]},{"damage_healed":0,"gold_gain":0,"player_choice":"Ignored","damage_taken":0,"max_hp_gain":0,"max_hp_loss":0,"event_name":"Ghosts","floor":22,"gold_loss":0}],"is_beta":false,"boss_relics":[{"not_picked":["Lizard Tail","Pandora\u0027s Box"],"picked":"Mark of Pain"}],"items_purged_floors":[21],"is_endless":false,"potions_floor_spawned":[8,10,14,16,18,24,28],"killed_by":"Collector","ascension_level":3}