{"gold_per_floor":[113,191,145,145,160,190,44,61,88,118,134,134,150,161,161,259,259,277,277,0,14,30,30,30],"floor_reached":24,"playtime":1554,"items_purged":["Strike_R"],"score":275,"play_id":"d65a62d3-950c-4bbc-98b7-5146f39ceb67","local_time":"20190321213203","is_ascension_mode":true,"campfire_choices":[{"floor":12,"key":"REST"},{"floor":15,"key":"REST"},{"data":"Armaments","floor":23,"key":"SMITH"}],"neow_cost":"NONE","seed_source_timestamp":90232676426253,"circlet_count":0,"master_deck":["Strike_R","Defend_R","Defend_R","Defend_R","Defend_R+1","Bash+1","Shrug It Off","Cleave","Uppercut","Power Through","Juggernaut","Juggernaut","Shrug It Off","Blood for Blood","Spot Weakness+1","Juggernaut","Fire Breathing+1","Twin Strike+1","Burning Pact+1","Infernal Blade+1","Juggernaut","Iron Wave","Armaments+1"],"relics":["Burning Blood","Bag of Preparation","Mango","Smiling Mask","The Courier","Astrolabe","Membership Card","Lantern","War Paint"],"potions_floor_usage":[6,13,16],"damage_taken":[{"damage":14,"enemies":"Small Slimes","floor":1,"turns":4},{"damage":7,"enemies":"Jaw Worm","floor":5,"turns":3},{"damage":36,"enemies":"Lagavulin","floor":6,"turns":6},{"damage":1,"enemies":"Cultist","floor":8,"turns":4},{"damage":28,"enemies":"3 Sentries","floor":10,"turns":9},{"damage":18,"enemies":"Large Slime","floor":11,"turns":7},{"damage":18,"enemies":"Gremlin Gang","floor":13,"turns":6},{"damage":12,"enemies":"Blue Slaver","floor":14,"turns":4},{"damage":33,"enemies":"Slime Boss","floor":16,"turns":10},{"damage":11,"enemies":"Shell Parasite","floor":18,"turns":7},{"damage":22,"enemies":"Chosen","floor":21,"turns":6},{"damage":25,"enemies":"Shelled Parasite and Fungi","floor":22,"turns":7},{"damage":65,"enemies":"Gremlin Leader","floor":24,"turns":5}],"seed_played":"1300273645483141344","potions_obtained":[{"floor":1,"key":"SkillPotion"},{"floor":8,"key":"Weak Potion"},{"floor":14,"key":"Energy Potion"},{"floor":16,"key":"FearPotion"}],"is_trial":false,"path_per_floor":["M","?","$","?","M","E","$","M","T","E","M","R","M","M","R","B",null,"M","?","$","M","M","R","E"],"character_chosen":"IRONCLAD","items_purchased":["Shrug It Off","Power Through","Membership Card","Lantern","War Paint"],"campfire_rested":2,"item_purchase_floors":[3,7,20,20,20],"current_hp_per_floor":[72,72,72,72,71,55,55,60,60,38,26,54,42,36,64,37,94,89,89,89,73,54,54,0],"gold":30,"neow_bonus":"UPGRADE_CARD","is_prod":false,"is_daily":false,"chose_seed":false,"campfire_upgraded":1,"win_rate":0,"timestamp":1553218323,"path_taken":["M","?","$","?","M","E","$","?","T","E","M","R","M","M","R","BOSS","M","?","$","?","M","R","E"],"build_version":"2019-01-23","purchased_purges":1,"victory":false,"max_hp_per_floor":[80,80,80,80,80,94,94,94,94,94,94,94,94,94,94,94,94,94,94,94,94,94,94,94],"card_choices":[{"not_picked":["Sentinel","Reckless Charge"],"picked":"Rage","floor":1},{"not_picked":["True Grit","Warcry"],"picked":"Cleave","floor":5},{"not_picked":["True Grit","Armaments"],"picked":"Uppercut","floor":6},{"not_picked":["Sentinel","Blood for Blood"],"picked":"Juggernaut","floor":8},{"not_picked":["Whirlwind","Iron Wave"],"picked":"Juggernaut","floor":10},{"not_picked":["Cleave","Headbutt"],"picked":"Shrug It Off","floor":11},{"not_picked":["Twin Strike","Pommel Strike"],"picked":"Blood for Blood","floor":13},{"not_picked":["Dropkick","Wild Strike"],"picked":"Spot Weakness","floor":14},{"not_picked":["Fiend Fire","Limit Break"],"picked":"Juggernaut","floor":16},{"not_picked":["Headbutt+1","Twin Strike"],"picked":"Infernal Blade+1","floor":18},{"not_picked":["Shrug It Off","Dropkick+1"],"picked":"Iron Wave","floor":21},{"not_picked":["Headbutt","Whirlwind"],"picked":"Armaments","floor":22}],"player_experience":157065,"relics_obtained":[{"floor":6,"key":"Mango"},{"floor":9,"key":"Smiling Mask"},{"floor":10,"key":"The Courier"}],"event_choices":[{"damage_healed":0,"gold_gain":78,"player_choice":"Gained Gold","damage_taken":0,"max_hp_gain":0,"max_hp_loss":0,"event_name":"Golden Wing","floor":2,"gold_loss":0},{"cards_removed":["Rage"],"damage_healed":0,"gold_gain":0,"player_choice":"Gave Card","damage_taken":0,"relics_obtained":["Bag of Preparation"],"max_hp_gain":0,"max_hp_loss":0,"event_name":"WeMeetAgain","floor":4,"gold_loss":0},{"damage_healed":0,"gold_gain":0,"player_choice":"Copied","damage_taken":0,"max_hp_gain":0,"max_hp_loss":0,"event_name":"Duplicator","floor":19,"gold_loss":0,"cards_obtained":["Juggernaut"]}],"is_beta":false,"boss_relics":[{"not_picked":["Lizard Tail","Coffee Dripper"],"picked":"Astrolabe"}],"items_purged_floors":[7],"is_endless":false,"potions_floor_spawned":[1,8,14,16],"killed_by":"Gremlin Leader","ascension_level":4}