{"gold_per_floor":[118,43,62,72,86,111,111,137,161,161,171,2,2,21,21,123,123,140,140,140,65,65,95,106,106,106,124,143,143,143,18,18,114,114,128,128,142,58,78,78,111,111,111,129,142,156,156,0,0,0],"floor_reached":51,"playtime":2704,"items_purged":["Regret","Strike_R","Strike_R"],"score":906,"play_id":"91444c43-6369-4107-94f1-f74344fcf119","local_time":"20190317201614","is_ascension_mode":true,"campfire_choices":[{"data":"True Grit","floor":7,"key":"SMITH"},{"data":"Uppercut","floor":10,"key":"SMITH"},{"data":"Flame Barrier","floor":15,"key":"SMITH"},{"data":"Juggernaut","floor":25,"key":"SMITH"},{"data":"Clothesline","floor":29,"key":"SMITH"},{"floor":32,"key":"REST"},{"data":"Immolate","floor":40,"key":"SMITH"},{"floor":42,"key":"REST"},{"data":"Iron Wave","floor":49,"key":"SMITH"}],"neow_cost":"CURSE","seed_source_timestamp":16939020578053,"circlet_count":0,"master_deck":["Strike_R","Strike_R","Defend_R","Defend_R","Bash","True Grit+1","Pommel Strike","Shrug It Off","Uppercut+1","Whirlwind","Flame Barrier+1","Dropkick","Juggernaut+1","Clothesline+1","Immolate+1","Rampage+1","Iron Wave+1","Inflame","Metallicize+1"],"relics":["Burning Blood","Calipers","Dodecahedron","Regal Pillow","Vajra","Busted Crown","Anchor","Enchiridion","Matryoshka","Centennial Puzzle","Singing Bowl","Sozu","Oddly Smooth Stone","Bronze Scales","Pocketwatch","Red Mask"],"potions_floor_usage":[6,8,11,16,23,27,28,50],"damage_taken":[{"damage":10,"enemies":"Cultist","floor":1,"turns":4},{"damage":1,"enemies":"2 Louse","floor":3,"turns":4},{"damage":14,"enemies":"Jaw Worm","floor":4,"turns":3},{"damage":7,"enemies":"3 Louse","floor":5,"turns":5},{"damage":27,"enemies":"Gremlin Nob","floor":6,"turns":5},{"damage":22,"enemies":"3 Sentries","floor":8,"turns":10},{"damage":0,"enemies":"2 Fungi Beasts","floor":11,"turns":2},{"damage":0,"enemies":"Blue Slaver","floor":14,"turns":4},{"damage":29,"enemies":"Hexaghost","floor":16,"turns":11},{"damage":5,"enemies":"Shell Parasite","floor":18,"turns":5},{"damage":16,"enemies":"Book of Stabbing","floor":23,"turns":5},{"damage":22,"enemies":"Spheric Guardian","floor":24,"turns":4},{"damage":11,"enemies":"Snake Plant","floor":27,"turns":4},{"damage":2,"enemies":"Chosen and Byrds","floor":28,"turns":4},{"damage":51,"enemies":"Champ","floor":33,"turns":12},{"damage":3,"enemies":"3 Shapes","floor":35,"turns":4},{"damage":0,"enemies":"Orb Walker","floor":37,"turns":2},{"damage":0,"enemies":"Transient","floor":39,"turns":5},{"damage":53,"enemies":"Giant Head","floor":41,"turns":8},{"damage":0,"enemies":"4 Shapes","floor":44,"turns":2},{"damage":11,"enemies":"3 Darklings","floor":45,"turns":3},{"damage":10,"enemies":"Sphere and 2 Shapes","floor":46,"turns":4},{"damage":32,"enemies":"Donu and Deca","floor":50,"turns":8}],"seed_played":"7121000297541771718","potions_obtained":[{"floor":3,"key":"EssenceOfSteel"},{"floor":6,"key":"EssenceOfSteel"},{"floor":8,"key":"Fire Potion"},{"floor":11,"key":"Strength Potion"},{"floor":16,"key":"BloodPotion"},{"floor":24,"key":"SkillPotion"},{"floor":27,"key":"SkillPotion"},{"floor":33,"key":"SkillPotion"}],"is_trial":false,"path_per_floor":["M","$","M","M","M","E","R","E","T","R","M","$","?","M","R","B",null,"M","?","?","?","?","E","M","R","T","M","M","R","?","$","R","B",null,"M","?","M","$","M","R","E","R","T","M","M","M","?","?","R","B",null],"character_chosen":"IRONCLAD","items_purchased":["Flame Barrier","Iron Wave","Inflame"],"campfire_rested":2,"item_purchase_floors":[12,38,38],"current_hp_per_floor":[76,76,80,72,71,50,50,34,34,34,40,40,33,39,39,16,80,80,80,64,64,49,47,31,31,31,28,34,34,34,34,75,30,89,91,91,91,91,93,93,48,91,91,97,94,90,90,90,90,64],"gold":0,"neow_bonus":"ONE_RARE_RELIC","is_prod":false,"is_daily":false,"chose_seed":false,"campfire_upgraded":7,"win_rate":0,"timestamp":1552868174,"path_taken":["M","$","?","M","M","E","R","E","T","R","M","$","?","M","R","BOSS","M","?","?","?","?","E","?","R","T","M","M","R","?","$","R","BOSS","M","?","M","$","M","R","E","R","T","?","M","M","?","?","R","BOSS"],"build_version":"2019-01-23","purchased_purges":3,"victory":true,"max_hp_per_floor":[80,80,80,80,80,80,80,80,80,80,80,80,80,80,80,80,80,80,80,80,80,85,85,85,85,85,87,89,89,89,89,89,89,89,91,91,91,91,93,93,95,95,95,97,99,99,99,99,99,99],"card_choices":[{"not_picked":["Dual Wield","Clash"],"picked":"True Grit","floor":1},{"not_picked":["Thunderclap","Perfected Strike"],"picked":"Pommel Strike","floor":3},{"not_picked":["Flex","Clothesline"],"picked":"Shrug It Off","floor":4},{"not_picked":["Wild Strike","Blood for Blood","Anger"],"picked":"SKIP","floor":5},{"not_picked":["Warcry","Armaments"],"picked":"Uppercut","floor":6},{"not_picked":["Thunderclap","Fiend Fire"],"picked":"Whirlwind","floor":8},{"not_picked":["Flex","Heavy Blade","Pommel Strike"],"picked":"SKIP","floor":11},{"not_picked":["Pommel Strike","Corruption"],"picked":"Dropkick","floor":14},{"not_picked":["Reaper","Brutality"],"picked":"Juggernaut","floor":16},{"not_picked":[],"picked":"Clothesline","floor":18},{"not_picked":["Headbutt"],"picked":"SKIP","floor":23},{"not_picked":["Corruption"],"picked":"SKIP","floor":24},{"not_picked":["Iron Wave"],"picked":"Singing Bowl","floor":27},{"not_picked":["Clash"],"picked":"Singing Bowl","floor":28},{"not_picked":[],"picked":"Immolate","floor":33},{"not_picked":["Clash"],"picked":"Singing Bowl","floor":35},{"not_picked":[],"picked":"Rampage+1","floor":37},{"not_picked":["Sword Boomerang"],"picked":"Singing Bowl","floor":39},{"not_picked":["Thunderclap"],"picked":"Singing Bowl","floor":41},{"not_picked":["Anger+1"],"picked":"Singing Bowl","floor":44},{"not_picked":["Sever Soul"],"picked":"Singing Bowl","floor":45},{"not_picked":[],"picked":"Metallicize+1","floor":46}],"player_experience":118573,"relics_obtained":[{"floor":6,"key":"Dodecahedron"},{"floor":8,"key":"Regal Pillow"},{"floor":9,"key":"Vajra"},{"floor":20,"key":"Enchiridion"},{"floor":23,"key":"Matryoshka"},{"floor":26,"key":"Centennial Puzzle"},{"floor":26,"key":"Singing Bowl"},{"floor":41,"key":"Oddly Smooth Stone"},{"floor":43,"key":"Bronze Scales"},{"floor":43,"key":"Pocketwatch"}],"event_choices":[{"cards_removed":["Strike_R"],"damage_healed":0,"gold_gain":0,"player_choice":"Card Removal","damage_taken":7,"max_hp_gain":0,"max_hp_loss":0,"event_name":"Golden Wing","floor":13,"gold_loss":0},{"damage_healed":0,"gold_gain":0,"player_choice":"Stole Relic","damage_taken":0,"relics_obtained":["Anchor"],"max_hp_gain":0,"max_hp_loss":0,"event_name":"Addict","floor":19,"gold_loss":0,"cards_obtained":["Shame"]},{"damage_healed":0,"gold_gain":0,"player_choice":"Obtained Book","damage_taken":16,"max_hp_gain":0,"max_hp_loss":0,"event_name":"Cursed Tome","floor":20,"gold_loss":0},{"cards_removed":["Shame"],"damage_healed":0,"gold_gain":0,"player_choice":"Gave Gold","damage_taken":0,"max_hp_gain":0,"max_hp_loss":0,"event_name":"Beggar","floor":21,"gold_loss":75},{"damage_healed":0,"gold_gain":0,"player_choice":"Shed Blood","damage_taken":20,"max_hp_gain":5,"max_hp_loss":0,"event_name":"Forgotten Altar","floor":22,"gold_loss":0},{"damage_healed":0,"gold_gain":0,"player_choice":"Ignored","damage_taken":0,"max_hp_gain":0,"max_hp_loss":0,"event_name":"Vampires","floor":30,"gold_loss":0},{"cards_removed":["Defend_R"],"damage_healed":0,"gold_gain":0,"player_choice":"Card Removal","damage_taken":0,"max_hp_gain":0,"max_hp_loss":0,"event_name":"Wheel of Change","floor":36,"gold_loss":0},{"cards_removed":["Defend_R"],"damage_healed":0,"gold_gain":0,"player_choice":"Removed Skill","damage_taken":0,"max_hp_gain":0,"max_hp_loss":0,"event_name":"Falling","floor":47,"gold_loss":0},{"damage_healed":0,"gold_gain":0,"player_choice":"Paid","damage_taken":0,"relics_obtained":["Red Mask"],"max_hp_gain":0,"max_hp_loss":0,"event_name":"Tomb of Lord Red Mask","floor":48,"gold_loss":156}],"is_beta":false,"boss_relics":[{"not_picked":["Ectoplasm","Coffee Dripper"],"picked":"Busted Crown"},{"not_picked":["Black Star","Eternal Feather"],"picked":"Sozu"}],"items_purged_floors":[2,12,31],"is_endless":false,"potions_floor_spawned":[3,6,8,11,16,24,27,33,37,45,46],"ascension_level":3}