{"gold_per_floor":[118,69,19,29,29,29,44,119,167,185,185,195,120,131,131,229,229,229,144,144,144,144,144,144,144,144,144,144,5,5,5,5,5,5,5,5,5,5,5,5,5,5,5,5,5,5,5,5,5,5],"floor_reached":50,"playtime":1602,"items_purged":["Strike_R","Strike_R"],"score":528,"play_id":"479abb01-e085-41ed-b553-dd4324777d38","local_time":"20190328103610","is_ascension_mode":false,"campfire_choices":[{"data":"True Grit","floor":6,"key":"SMITH"},{"data":"True Grit","floor":11,"key":"SMITH"},{"data":"Body Slam","floor":15,"key":"SMITH"},{"data":"Limit Break","floor":23,"key":"SMITH"},{"data":"Limit Break","floor":28,"key":"SMITH"},{"data":"Heavy Blade","floor":30,"key":"SMITH"},{"data":"Heavy Blade","floor":32,"key":"SMITH"},{"data":"Limit Break","floor":40,"key":"SMITH"},{"data":"Shrug It Off","floor":42,"key":"SMITH"},{"data":"Inflame","floor":49,"key":"SMITH"}],"neow_cost":"NONE","seed_source_timestamp":1211512725068300,"circlet_count":0,"master_deck":["Strike_R","Strike_R","Defend_R","Defend_R+1","Defend_R","Defend_R+1","Bash","Inflame+1","True Grit+1","True Grit+1","Shrug It Off+1","Heavy Blade+1","Body Slam+1","Limit Break+1","Searing Blow+1","Heavy Blade+1","Limit Break+1","Flex","Battle Trance+1","Limit Break+1","Heavy Blade+1","Doubt"],"relics":["Velvet Choker","Anchor","Ectoplasm","Ancient Tea Set","Molten Egg 2","Bottled Lightning","Sozu","Dream Catcher","Bag of Marbles","War Paint"],"potions_floor_usage":[16,24,27,47],"damage_taken":[{"damage":1,"enemies":"Cultist","floor":1,"turns":3},{"damage":7,"enemies":"Jaw Worm","floor":4,"turns":3},{"damage":1,"enemies":"2 Louse","floor":7,"turns":3},{"damage":1,"enemies":"Looter","floor":10,"turns":3},{"damage":0,"enemies":"Exordium Wildlife","floor":12,"turns":6},{"damage":0,"enemies":"Exordium Thugs","floor":14,"turns":3},{"damage":9,"enemies":"The Guardian","floor":16,"turns":11},{"damage":12,"enemies":"Spheric Guardian","floor":18,"turns":4},{"damage":0,"enemies":"Shell Parasite","floor":24,"turns":2},{"damage":4,"enemies":"3 Cultists","floor":25,"turns":4},{"damage":12,"enemies":"Book of Stabbing","floor":27,"turns":3},{"damage":29,"enemies":"Automaton","floor":33,"turns":5},{"damage":21,"enemies":"3 Shapes","floor":35,"turns":4},{"damage":4,"enemies":"Orb Walker","floor":39,"turns":3},{"damage":17,"enemies":"3 Darklings","floor":44,"turns":5},{"damage":8,"enemies":"Giant Head","floor":45,"turns":5},{"damage":5,"enemies":"Maw","floor":46,"turns":4},{"damage":22,"enemies":"Sphere and 2 Shapes","floor":47,"turns":5},{"damage":79,"enemies":"Donu and Deca","floor":50,"turns":5}],"seed_played":"-1496190656196062027","potions_obtained":[{"floor":4,"key":"Weak Potion"},{"floor":10,"key":"Ancient Potion"},{"floor":14,"key":"SneckoOil"},{"floor":18,"key":"Energy Potion"}],"is_trial":false,"path_per_floor":["M","$","?","M","?","R","M","?","T","M","R","M","$","M","R","B",null,"M","?","?","?","?","R","M","M","T","E","R","$","R","$","R","B",null,"M","T","?","$","M","R","?","R","T","M","E","M","M","?","R","B"],"character_chosen":"IRONCLAD","items_purchased":["True Grit","Battle Trance"],"campfire_rested":0,"item_purchase_floors":[2,29],"current_hp_per_floor":[79,79,79,72,72,72,71,60,60,59,59,59,59,59,59,50,80,68,68,68,68,68,68,68,64,64,52,52,52,52,52,52,23,80,59,59,59,59,55,55,55,55,55,38,30,25,3,76,76,0],"gold":5,"neow_bonus":"BOSS_RELIC","is_prod":false,"is_daily":false,"chose_seed":false,"campfire_upgraded":10,"win_rate":0.0,"timestamp":1553783770,"path_taken":["M","?","?","M","?","R","M","?","T","M","R","M","?","?","R","BOSS","M","?","?","?","?","R","M","M","T","E","R","$","R","$","R","BOSS","M","?","?","?","?","R","?","R","T","M","E","M","?","?","R","BOSS"],"build_version":"2019-01-23","purchased_purges":2,"victory":false,"max_hp_per_floor":[80,80,80,80,80,80,80,80,80,80,80,80,80,80,80,80,80,80,80,80,80,80,80,80,80,80,80,80,80,80,80,80,80,80,80,80,76,76,76,76,76,76,76,76,76,76,76,76,76,76],"card_choices":[{"not_picked":["Cleave","Shockwave"],"picked":"Inflame","floor":1},{"not_picked":["Shockwave","Headbutt","Perfected Strike"],"picked":"SKIP","floor":4},{"not_picked":["Wild Strike","Twin Strike"],"picked":"True Grit","floor":7},{"not_picked":["Anger","Armaments"],"picked":"Shrug It Off","floor":10},{"not_picked":["Sword Boomerang","Cleave"],"picked":"Heavy Blade","floor":12},{"not_picked":["Cleave","Rage"],"picked":"Body Slam","floor":14},{"not_picked":["Double Tap","Dark Embrace"],"picked":"Limit Break","floor":16},{"not_picked":["Clothesline+1","Anger"],"picked":"Searing Blow+1","floor":18},{"not_picked":["Perfected Strike","Searing Blow","True Grit"],"picked":"SKIP","floor":24},{"not_picked":["Sentinel+1","Pommel Strike"],"picked":"Flex","floor":25},{"not_picked":["True Grit","Spot Weakness","Pummel+1"],"picked":"SKIP","floor":27},{"not_picked":["Demon Form","Immolate+1"],"picked":"Limit Break","floor":33},{"not_picked":["True Grit","Flex","Disarm"],"picked":"SKIP","floor":35},{"not_picked":["Cleave+1","Flex","Clothesline+1"],"picked":"SKIP","floor":39},{"not_picked":["Warcry","Wild Strike+1","Rupture+1"],"picked":"SKIP","floor":44},{"not_picked":["Combust+1","Fire Breathing+1"],"picked":"Heavy Blade+1","floor":45},{"not_picked":["Thunderclap+1","Spot Weakness","Battle Trance+1"],"picked":"SKIP","floor":46},{"not_picked":["Carnage+1","Thunderclap+1","Burning Pact"],"picked":"SKIP","floor":47}],"player_experience":62732,"relics_obtained":[{"floor":9,"key":"Anchor"},{"floor":26,"key":"Molten Egg 2"},{"floor":27,"key":"Bottled Lightning"},{"floor":36,"key":"Dream Catcher"},{"floor":43,"key":"Bag of Marbles"},{"floor":45,"key":"War Paint"}],"event_choices":[{"cards_removed":["Strike_R"],"damage_healed":0,"gold_gain":0,"player_choice":"Card Removal","damage_taken":0,"max_hp_gain":0,"max_hp_loss":0,"event_name":"The Cleric","floor":3,"gold_loss":50},{"damage_healed":0,"gold_gain":0,"player_choice":"Ignored","damage_taken":0,"max_hp_gain":0,"max_hp_loss":0,"event_name":"Liars Game","floor":5,"gold_loss":0},{"damage_healed":0,"gold_gain":75,"player_choice":"Gather Gold","damage_taken":11,"max_hp_gain":0,"max_hp_loss":0,"event_name":"World of Goop","floor":8,"gold_loss":0},{"damage_healed":0,"gold_gain":0,"player_choice":"Obtained Relic","damage_taken":0,"relics_obtained":["Ancient Tea Set"],"max_hp_gain":0,"max_hp_loss":0,"event_name":"Addict","floor":19,"gold_loss":85},{"damage_healed":0,"gold_gain":0,"player_choice":"Read","damage_taken":0,"max_hp_gain":0,"max_hp_loss":0,"event_name":"The Library","floor":20,"gold_loss":0,"cards_obtained":["Heavy Blade"]},{"damage_healed":0,"gold_gain":99,"player_choice":"Stole From Cult","damage_taken":0,"max_hp_gain":0,"max_hp_loss":0,"event_name":"Nest","floor":21,"gold_loss":0},{"damage_healed":0,"gold_gain":0,"player_choice":"Copied","damage_taken":0,"max_hp_gain":0,"max_hp_loss":0,"event_name":"Duplicator","floor":22,"gold_loss":0,"cards_obtained":["Limit Break"]},{"damage_healed":0,"gold_gain":0,"player_choice":"Max HP","damage_taken":0,"max_hp_gain":0,"max_hp_loss":4,"event_name":"Winding Halls","floor":37,"gold_loss":0},{"damage_healed":0,"gold_gain":0,"player_choice":"Upgraded","damage_taken":0,"max_hp_gain":0,"max_hp_loss":0,"event_name":"Upgrade Shrine","floor":41,"gold_loss":0,"cards_upgraded":["Battle Trance"]},{"damage_healed":73,"gold_gain":0,"player_choice":"Heal","damage_taken":0,"max_hp_gain":0,"max_hp_loss":0,"event_name":"MindBloom","floor":48,"gold_loss":0,"cards_obtained":["Doubt"]}],"is_beta":false,"boss_relics":[{"not_picked":["Eternal Feather","Tiny House"],"picked":"Ectoplasm"},{"not_picked":["Runic Cube","Snecko Eye"],"picked":"Sozu"}],"items_purged_floors":[13,29],"is_endless":false,"potions_floor_spawned":[4,10,14,18,39,45,47],"killed_by":"Donu and Deca","ascension_level":0}