{"gold_per_floor":[364,364,34,54,70,96,96,96,122,137],"floor_reached":10,"playtime":771,"items_purged":[],"score":68,"play_id":"6d80bedc-cd51-40b8-b525-5faefbc389c8","local_time":"20190701230337","is_ascension_mode":false,"campfire_choices":[],"neow_cost":"CURSE","seed_source_timestamp":1647827360068200,"circlet_count":0,"master_deck":["Strike_G","Strike_G","Strike_G","Strike_G","Defend_G","Defend_G","Defend_G","Defend_G","Defend_G","Survivor","Neutralize","Bane","Deflect","PiercingWail","Poisoned Stab","Accuracy"],"relics":["Ring of the Snake","Ice Cream","Bag of Preparation","Strawberry"],"potions_floor_usage":[6],"damage_taken":[{"damage":9,"enemies":"2 Louse","floor":1,"turns":2},{"damage":0,"enemies":"Small Slimes","floor":4,"turns":3},{"damage":11,"enemies":"Cultist","floor":5,"turns":6},{"damage":24,"enemies":"Lagavulin","floor":6,"turns":11},{"damage":22,"enemies":"Gremlin Gang","floor":10,"turns":8}],"seed_played":"-3202536364926045449","potions_obtained":[{"floor":4,"key":"LiquidBronze"},{"floor":5,"key":"SteroidPotion"}],"is_trial":false,"path_per_floor":["M","?","$","M","M","E","?","?","T","M"],"character_chosen":"THE_SILENT","items_purchased":["Ice Cream","Deflect"],"campfire_rested":0,"item_purchase_floors":[3,3],"current_hp_per_floor":[61,54,54,54,43,19,19,19,26,4],"gold":137,"neow_bonus":"TWO_FIFTY_GOLD","is_prod":false,"is_daily":false,"chose_seed":false,"campfire_upgraded":0,"win_rate":0.0,"timestamp":1562036617,"path_taken":["M","?","$","M","M","E","?","?","T","M"],"build_version":"2019-07-01","purchased_purges":0,"victory":false,"max_hp_per_floor":[70,70,70,70,70,70,70,70,77,77],"card_choices":[{"not_picked":["Expertise","Reflex"],"picked":"Bane","floor":1},{"not_picked":["Caltrops","Quick Slash"],"picked":"PiercingWail","floor":4},{"not_picked":["Sucker Punch","Dagger Throw"],"picked":"Poisoned Stab","floor":5},{"not_picked":["Slice","Acrobatics","Dodge and Roll"],"picked":"SKIP","floor":6},{"not_picked":["Slice","PiercingWail","Deadly Poison"],"picked":"SKIP","floor":10}],"player_experience":117974,"relics_obtained":[{"floor":6,"key":"Bag of Preparation"},{"floor":9,"key":"Strawberry"}],"event_choices":[{"cards_removed":["Normality"],"damage_healed":0,"gold_gain":0,"player_choice":"Card Removal","damage_taken":7,"max_hp_gain":0,"max_hp_loss":0,"event_name":"Golden Wing","floor":2,"gold_loss":0},{"damage_healed":0,"gold_gain":0,"player_choice":"Ignored","damage_taken":0,"max_hp_gain":0,"max_hp_loss":0,"event_name":"Liars Game","floor":7,"gold_loss":0},{"damage_healed":0,"gold_gain":0,"cards_transformed":["Strike_G"],"player_choice":"Change","damage_taken":0,"max_hp_gain":0,"max_hp_loss":0,"event_name":"Living Wall","floor":8,"gold_loss":0,"cards_obtained":["Accuracy"]}],"is_beta":false,"boss_relics":[],"items_purged_floors":[],"is_endless":false,"potions_floor_spawned":[4,5],"killed_by":"Gremlin Gang","ascension_level":0}