{"gold_per_floor":[111,124,42,57,71,71,100,100,126,145,163,181,198,217,217,313,313,323,343,353,145,145],"floor_reached":22,"playtime":2067,"items_purged":["Neutralize"],"score":219,"play_id":"65177b96-d2ec-4917-bfff-de802f5bcd18","local_time":"20190627031706","is_ascension_mode":false,"campfire_choices":[{"data":"Infinite Blades","floor":6,"key":"SMITH"},{"floor":15,"key":"REST"}],"neow_cost":"PERCENT_DAMAGE","seed_source_timestamp":1229729858819000,"circlet_count":0,"master_deck":["Defend_G","Defend_G","Defend_G","Strike_G","Strike_G","Strike_G","Strike_G","Survivor","Die Die Die","Infinite Blades+1","Backstab","Crippling Poison","Noxious Fumes","Dagger Spray","Infinite Blades","Acrobatics","Masterful Stab","Infinite Blades","Slice","Phantasmal Killer","A Thousand Cuts","Infinite Blades","Backflip","Acrobatics+1","Infinite Blades","Dagger Spray"],"relics":["Ring of the Snake","Lantern","Happy Flower","HoveringKite"],"potions_floor_usage":[7,7,20,20,20],"damage_taken":[{"damage":2,"enemies":"Jaw Worm","floor":1,"turns":4},{"damage":0,"enemies":"Cultist","floor":2,"turns":2},{"damage":0,"enemies":"2 Louse","floor":4,"turns":3},{"damage":9,"enemies":"2 Fungi Beasts","floor":5,"turns":4},{"damage":12,"enemies":"3 Sentries","floor":7,"turns":3},{"damage":12,"enemies":"Blue Slaver","floor":10,"turns":3},{"damage":0,"enemies":"3 Louse","floor":11,"turns":1},{"damage":0,"enemies":"Exordium Wildlife","floor":12,"turns":1},{"damage":2,"enemies":"Looter","floor":13,"turns":3},{"damage":1,"enemies":"3 Louse","floor":14,"turns":2},{"damage":14,"enemies":"Slime Boss","floor":16,"turns":7},{"damage":30,"enemies":"2 Thieves","floor":18,"turns":3},{"damage":20,"enemies":"Shell Parasite","floor":19,"turns":4},{"damage":13,"enemies":"Snecko","floor":20,"turns":4},{"damage":12,"enemies":"Centurion and Healer","floor":22,"turns":2}],"seed_played":"-68283491320275888","potions_obtained":[{"floor":2,"key":"Explosive Potion"},{"floor":4,"key":"Strength Potion"},{"floor":12,"key":"GhostInAJar"},{"floor":13,"key":"SteroidPotion"},{"floor":14,"key":"Poison Potion"},{"floor":16,"key":"Poison Potion"},{"floor":18,"key":"Explosive Potion"}],"is_trial":false,"path_per_floor":["M","M","$","M","M","R","E","?","T","M","M","M","M","M","R","B",null,"M","M","M","$","M"],"character_chosen":"THE_SILENT","items_purchased":["Noxious Fumes","Infinite Blades","Dagger Spray"],"campfire_rested":1,"item_purchase_floors":[3,21,21],"current_hp_per_floor":[47,47,47,47,38,38,26,26,26,14,14,14,12,11,32,18,70,40,20,7,7,0],"gold":145,"neow_bonus":"TRANSFORM_TWO_CARDS","is_prod":false,"is_daily":false,"chose_seed":false,"campfire_upgraded":1,"win_rate":0.0,"timestamp":1561619826,"path_taken":["M","M","$","M","M","R","E","?","T","M","M","M","M","M","R","BOSS","M","M","M","$","?"],"build_version":"2019-01-23","purchased_purges":1,"victory":false,"max_hp_per_floor":[70,70,70,70,70,70,70,70,70,70,70,70,70,70,70,70,70,70,70,70,70,70],"card_choices":[{"not_picked":["Quick Slash","Dodge and Roll"],"picked":"Backstab","floor":1},{"not_picked":["Sucker Punch","Masterful Stab"],"picked":"Crippling Poison","floor":2},{"not_picked":["Reflex","Deflect"],"picked":"Dagger Spray","floor":4},{"not_picked":["Skewer","Dagger Spray"],"picked":"Infinite Blades","floor":5},{"not_picked":["Tools of the Trade","Caltrops"],"picked":"Acrobatics","floor":7},{"not_picked":["PiercingWail","Sucker Punch"],"picked":"Masterful Stab","floor":10},{"not_picked":["Slice","Choke"],"picked":"Infinite Blades","floor":11},{"not_picked":["Choke","Quick Slash"],"picked":"Slice","floor":12},{"not_picked":["Deadly Poison","Sucker Punch","Dodge and Roll"],"picked":"SKIP","floor":13},{"not_picked":["Expertise","Predator"],"picked":"Phantasmal Killer","floor":14},{"not_picked":["Doppelganger","Tools of the Trade"],"picked":"A Thousand Cuts","floor":16},{"not_picked":["Distraction","Expertise"],"picked":"Infinite Blades","floor":18},{"not_picked":["Deflect","Riddle With Holes"],"picked":"Backflip","floor":19},{"not_picked":["Reflex","Quick Slash"],"picked":"Acrobatics+1","floor":20}],"player_experience":14386,"relics_obtained":[{"floor":7,"key":"Lantern"},{"floor":9,"key":"Happy Flower"}],"event_choices":[{"cards_removed":["Strike_G"],"damage_healed":0,"gold_gain":0,"player_choice":"Purged","damage_taken":0,"max_hp_gain":0,"max_hp_loss":0,"event_name":"Purifier","floor":8,"gold_loss":0}],"is_beta":false,"boss_relics":[{"not_picked":["Fusion Hammer","Velvet Choker"],"picked":"HoveringKite"}],"items_purged_floors":[21],"is_endless":false,"potions_floor_spawned":[2,4,12,13,14,16,18,19],"killed_by":"Centurion and Healer","ascension_level":0}