{"gold_per_floor":[18,18,18,32,32,32,76,351,422,422],"floor_reached":10,"playtime":332,"items_purged":[],"score":122,"play_id":"fa3e7d91-2948-4b35-a303-19d5830231fd","local_time":"20190709073532","is_ascension_mode":true,"campfire_choices":[{"data":"Dualcast","floor":6,"key":"SMITH"}],"neow_cost":"NO_GOLD","seed_source_timestamp":350060604754753,"circlet_count":0,"master_deck":["AscendersBane","Strike_B","Strike_B","Strike_B","Strike_B","Defend_B","Defend_B","Defend_B","Defend_B","Zap","Dualcast+1","Echo Form","Decay","Cold Snap","Regret"],"relics":["Cracked Core","Golden Idol","Mango","Letter Opener"],"potions_floor_usage":[],"damage_taken":[{"damage":2,"enemies":"2 Louse","floor":1,"turns":3},{"damage":4,"enemies":"Cultist","floor":4,"turns":4},{"damage":49,"enemies":"3 Sentries","floor":7,"turns":10},{"damage":7,"enemies":"Small Slimes","floor":10,"turns":2}],"seed_played":"-1988722578452304355","potions_obtained":[{"floor":7,"key":"EntropicBrew"}],"is_trial":false,"path_per_floor":["M","?","?","M","?","R","E","?","T","M"],"character_chosen":"DEFECT","items_purchased":[],"campfire_rested":0,"item_purchase_floors":[],"current_hp_per_floor":[62,62,62,58,58,58,23,23,23,16],"gold":422,"neow_bonus":"THREE_RARE_CARDS","is_prod":false,"is_daily":false,"chose_seed":false,"campfire_upgraded":1,"win_rate":0,"timestamp":1562672132,"path_taken":["M","?","?","?","?","R","E","?","T","?"],"build_version":"2019-07-03","purchased_purges":0,"victory":false,"max_hp_per_floor":[71,64,64,64,64,64,78,78,78,78],"card_choices":[{"not_picked":["Fission","Buffer"],"picked":"Echo Form","floor":0},{"not_picked":["Beam Cell","Aggregate","Streamline"],"picked":"SKIP","floor":1},{"not_picked":["Capacitor","Rebound"],"picked":"Cold Snap","floor":4},{"not_picked":["Multi-Cast","Compile Driver","Conserve Battery"],"picked":"SKIP","floor":7}],"player_experience":727843,"relics_obtained":[{"floor":7,"key":"Mango"},{"floor":9,"key":"Letter Opener"}],"event_choices":[{"damage_healed":0,"gold_gain":0,"player_choice":"Lose Max HP","damage_taken":0,"relics_obtained":["Golden Idol"],"max_hp_gain":0,"max_hp_loss":7,"event_name":"Golden Idol","floor":2,"gold_loss":0},{"damage_healed":0,"gold_gain":0,"player_choice":"Cursed","damage_taken":0,"max_hp_gain":0,"max_hp_loss":0,"event_name":"Wheel of Change","floor":3,"gold_loss":0,"cards_obtained":["Decay"]},{"damage_healed":0,"gold_gain":0,"player_choice":"Fled","damage_taken":0,"max_hp_gain":0,"max_hp_loss":0,"event_name":"Scrap Ooze","floor":5,"gold_loss":0},{"damage_healed":0,"gold_gain":275,"player_choice":"Desecrate","damage_taken":0,"max_hp_gain":0,"max_hp_loss":0,"event_name":"Golden Shrine","floor":8,"gold_loss":0,"cards_obtained":["Regret"]}],"is_beta":true,"boss_relics":[],"items_purged_floors":[],"is_endless":false,"potions_floor_spawned":[7],"killed_by":"Small Slimes","ascension_level":18}