{"gold_per_floor":[114,64,64,74,74,118,118,66,66,90,106,106,146,160,160,284,284,297,297,297,320,58,58,79,79,79,79,92,92],"floor_reached":29,"playtime":2626,"items_purged":[],"score":294,"play_id":"88cb21f6-7d79-4905-b32c-199de4c650ec","local_time":"20190708105335","is_ascension_mode":true,"campfire_choices":[{"data":"Evolve","floor":7,"key":"SMITH"},{"data":"Whirlwind","floor":12,"key":"SMITH"},{"data":"Bloodletting","floor":15,"key":"SMITH"},{"data":"RitualDagger","floor":23,"key":"SMITH"},{"data":"Limit Break","floor":25,"key":"SMITH"},{"data":"True Grit","floor":27,"key":"SMITH"}],"neow_cost":"NONE","seed_source_timestamp":835370166325900,"circlet_count":0,"master_deck":["Strike_R+1","Strike_R","Strike_R+1","Strike_R","Defend_R","Defend_R","Defend_R","Defend_R","Bash","Shrug It Off","Infernal Blade","Evolve+1","True Grit+1","Spot Weakness","Whirlwind+1","Infernal Blade","Bloodletting+1","Limit Break+1","Headbutt","RitualDagger+1","Shrug It Off","Wild Strike+1","Pommel Strike+1"],"relics":["Burning Blood","NeowsBlessing","Golden Idol","Mummified Hand","Whetstone","Regal Pillow","Philosopher\u0027s Stone","Boot","Molten Egg 2","Dodecahedron"],"potions_floor_usage":[13,15,16,29,29],"damage_taken":[{"damage":0,"enemies":"2 Louse","floor":1,"turns":1},{"damage":0,"enemies":"Small Slimes","floor":4,"turns":1},{"damage":0,"enemies":"Lagavulin","floor":6,"turns":1},{"damage":0,"enemies":"Jaw Worm","floor":10,"turns":3},{"damage":0,"enemies":"Large Slime","floor":11,"turns":5},{"damage":16,"enemies":"Gremlin Nob","floor":13,"turns":3},{"damage":4,"enemies":"Blue Slaver","floor":14,"turns":4},{"damage":64,"enemies":"Slime Boss","floor":16,"turns":11},{"damage":22,"enemies":"Chosen","floor":18,"turns":5},{"damage":16,"enemies":"Shell Parasite","floor":24,"turns":5},{"damage":31,"enemies":"Centurion and Healer","floor":28,"turns":4},{"damage":31,"enemies":"Gremlin Leader","floor":29,"turns":8}],"seed_played":"6128277478044985633","potions_obtained":[{"floor":6,"key":"Poison Potion"},{"floor":13,"key":"Energy Potion"},{"floor":14,"key":"Fruit Juice"},{"floor":24,"key":"Ancient Potion"},{"floor":28,"key":"LiquidBronze"}],"is_trial":false,"path_per_floor":["M","?","?","M","?","E","R","$","T","M","M","R","E","M","R","B",null,"M","?","?","T","$","R","M","R","T","R","M","E"],"character_chosen":"IRONCLAD","items_purchased":["True Grit","Molten Egg 2","Shrug It Off"],"campfire_rested":0,"item_purchase_floors":[8,22,22],"current_hp_per_floor":[80,80,85,85,79,79,79,79,79,79,79,79,69,71,76,18,84,68,62,62,62,62,62,52,52,52,52,27,0],"gold":92,"neow_bonus":"THREE_ENEMY_KILL","is_prod":false,"is_daily":false,"chose_seed":false,"campfire_upgraded":6,"win_rate":0,"timestamp":1562597615,"path_taken":["M","?","?","M","?","E","R","$","T","?","M","R","E","M","R","BOSS","M","?","?","?","$","R","M","R","T","R","?","E"],"build_version":"2019-01-23","purchased_purges":0,"victory":false,"max_hp_per_floor":[80,80,85,85,79,79,79,79,79,79,79,79,79,79,84,84,84,84,84,84,84,84,84,84,84,84,84,84,84],"card_choices":[{"not_picked":["Blood for Blood","Clothesline"],"picked":"Shrug It Off","floor":1},{"not_picked":["Shockwave","Clothesline"],"picked":"Infernal Blade","floor":4},{"not_picked":["Clash","Barricade"],"picked":"Evolve","floor":6},{"not_picked":["Thunderclap","Reckless Charge"],"picked":"Spot Weakness","floor":10},{"not_picked":["Body Slam","Feel No Pain"],"picked":"Whirlwind","floor":11},{"not_picked":["Pummel","Thunderclap"],"picked":"Infernal Blade","floor":13},{"not_picked":["Clothesline","Intimidate"],"picked":"Bloodletting","floor":14},{"not_picked":["Immolate","Impervious"],"picked":"Limit Break","floor":16},{"not_picked":["Pommel Strike","Sever Soul+1"],"picked":"Headbutt","floor":18},{"not_picked":["Shrug It Off","Blood for Blood+1"],"picked":"Wild Strike+1","floor":24},{"not_picked":["Twin Strike+1","Clash+1"],"picked":"Pommel Strike+1","floor":28}],"player_experience":166318,"relics_obtained":[{"floor":6,"key":"Mummified Hand"},{"floor":9,"key":"Whetstone"},{"floor":13,"key":"Regal Pillow"},{"floor":21,"key":"Boot"},{"floor":26,"key":"Dodecahedron"}],"event_choices":[{"cards_removed":["Strike_R"],"damage_healed":0,"gold_gain":0,"player_choice":"Card Removal","damage_taken":0,"max_hp_gain":0,"max_hp_loss":0,"event_name":"The Cleric","floor":2,"gold_loss":50},{"damage_healed":0,"gold_gain":0,"player_choice":"Donut","damage_taken":0,"max_hp_gain":5,"max_hp_loss":0,"event_name":"Big Fish","floor":3,"gold_loss":0},{"damage_healed":0,"gold_gain":0,"player_choice":"Lose Max HP","damage_taken":0,"relics_obtained":["Golden Idol"],"max_hp_gain":0,"max_hp_loss":6,"event_name":"Golden Idol","floor":5,"gold_loss":0},{"damage_healed":0,"gold_gain":0,"player_choice":"Joined the Cult","damage_taken":6,"max_hp_gain":0,"max_hp_loss":0,"event_name":"Nest","floor":19,"gold_loss":0,"cards_obtained":["RitualDagger"]},{"damage_healed":0,"gold_gain":0,"player_choice":"Ignored","damage_taken":0,"max_hp_gain":0,"max_hp_loss":0,"event_name":"Vampires","floor":20,"gold_loss":0}],"is_beta":false,"boss_relics":[{"not_picked":["Black Blood","Empty Cage"],"picked":"Philosopher\u0027s Stone"}],"items_purged_floors":[],"is_endless":false,"potions_floor_spawned":[6,13,14,24,28],"killed_by":"Gremlin Leader","ascension_level":3}