{"gold_per_floor":[114,127,77,96,44,44,44,44,68,82,96,271,16,116,116,235,235,251,267,267,267,177,177,105,105,405,417,428,428,446,457,457,557,557,570,583,583,602,618,618,631,631,631,682,682,87,87,100,100,100],"floor_reached":50,"playtime":3004,"items_purged":["Doubt","Parasite"],"score":484,"play_id":"93307555-97ee-4a4d-964e-9a2e1cd5679c","local_time":"20190102223508","is_ascension_mode":false,"campfire_choices":[{"data":"Redo","floor":6,"key":"SMITH"},{"data":"Coolheaded","floor":8,"key":"SMITH"},{"data":"Defragment","floor":15,"key":"SMITH"},{"data":"Zap","floor":23,"key":"SMITH"},{"data":"Biased Cognition","floor":25,"key":"SMITH"},{"data":"Coolheaded","floor":29,"key":"SMITH"},{"data":"Coolheaded","floor":32,"key":"SMITH"},{"data":"Machine Learning","floor":40,"key":"SMITH"},{"data":"Coolheaded","floor":42,"key":"SMITH"},{"floor":49,"key":"REST"}],"neow_cost":"NONE","seed_source_timestamp":275288772370068,"circlet_count":0,"master_deck":["Strike_B","Defend_B","Zap+1","Dualcast","Darkness","Redo+1","Coolheaded+1","Ball Lightning","Coolheaded+1","Auto Shields","Coolheaded+1","Defragment+1","White Noise+1","Leap","Biased Cognition+1","FTL","Coolheaded+1","Melter","Chaos+1","Coolheaded+1","Machine Learning+1","Hologram+1","Beam Cell+1","Static Discharge+1","Go for the Eyes+1","Seek","Panacea+1","Finesse+1"],"relics":["Cracked Core","Bloody Idol","Potion Belt","Empty Cage","Letter Opener","Old Coin","Nuclear Battery","Bottled Flame","Pocketwatch","Toxic Egg 2"],"potions_floor_usage":[16,33,39,50,50,50,50,50,50],"damage_taken":[{"damage":4,"enemies":"Cultist","floor":1,"turns":4},{"damage":0,"enemies":"2 Louse","floor":2,"turns":3},{"damage":0,"enemies":"Small Slimes","floor":4,"turns":4},{"damage":0,"enemies":"Exordium Thugs","floor":10,"turns":7},{"damage":10,"enemies":"Looter","floor":11,"turns":3},{"damage":19,"enemies":"The Guardian","floor":16,"turns":9},{"damage":14,"enemies":"2 Thieves","floor":18,"turns":5},{"damage":0,"enemies":"Chosen","floor":19,"turns":4},{"damage":5,"enemies":"3 Cultists","floor":27,"turns":5},{"damage":3,"enemies":"Centurion and Healer","floor":28,"turns":4},{"damage":8,"enemies":"Snake Plant","floor":30,"turns":4},{"damage":0,"enemies":"Chosen and Byrds","floor":31,"turns":5},{"damage":64,"enemies":"Champ","floor":33,"turns":13},{"damage":8,"enemies":"3 Darklings","floor":35,"turns":7},{"damage":1,"enemies":"Orb Walker","floor":36,"turns":4},{"damage":13,"enemies":"3 Darklings","floor":38,"turns":4},{"damage":15,"enemies":"Writhing Mass","floor":39,"turns":6},{"damage":5,"enemies":"4 Shapes","floor":41,"turns":5},{"damage":22,"enemies":"2 Orb Walkers","floor":44,"turns":3},{"damage":3,"enemies":"Spire Growth","floor":48,"turns":5},{"damage":64,"enemies":"Awakened One","floor":50,"turns":9}],"seed_played":"-480520845313250383","potions_obtained":[{"floor":4,"key":"Strength Potion"},{"floor":11,"key":"FocusPotion"},{"floor":18,"key":"SteroidPotion"},{"floor":30,"key":"PowerPotion"},{"floor":33,"key":"Swift Potion"},{"floor":36,"key":"EntropicBrew"},{"floor":48,"key":"Weak Potion"}],"is_trial":false,"path_per_floor":["M","M","?","M","$","R","?","R","T","M","M","?","$","?","R","B",null,"M","M","?","?","?","R","$","R","T","M","M","R","M","M","R","B",null,"M","M","?","M","M","R","M","R","T","?","?","$","?","M","R","B"],"character_chosen":"DEFECT","items_purchased":["Coolheaded","Defragment","White Noise","Leap","Melter","Seek","Toxic Egg 2","Panacea+1"],"campfire_rested":1,"item_purchase_floors":[5,13,13,13,24,46,46,46],"current_hp_per_floor":[71,71,71,71,71,71,53,53,53,53,43,43,43,43,43,24,75,61,61,61,61,61,61,61,61,66,66,68,68,65,70,70,11,75,72,75,75,67,57,57,57,57,57,40,40,40,40,42,62,0],"gold":100,"neow_bonus":"TRANSFORM_CARD","is_prod":false,"is_daily":false,"chose_seed":false,"campfire_upgraded":9,"win_rate":0.0,"timestamp":1546486508,"path_taken":["M","M","?","M","$","R","?","R","T","M","M","?","$","?","R","BOSS","M","?","?","?","?","R","$","R","T","M","M","R","M","?","R","BOSS","M","M","?","?","M","R","M","R","T","?","?","$","?","M","R","BOSS"],"build_version":"2018-12-20","purchased_purges":2,"victory":false,"max_hp_per_floor":[75,75,75,75,75,75,75,75,75,75,75,75,75,75,75,75,75,75,75,75,75,75,75,75,75,75,75,75,75,75,75,75,75,75,75,75,75,75,75,75,75,75,75,75,71,68,68,68,68,68],"card_choices":[{"not_picked":["Streamline","Genetic Algorithm"],"picked":"Redo","floor":1},{"not_picked":["Gash","Cold Snap"],"picked":"Coolheaded","floor":2},{"not_picked":["Storm","Conserve Battery"],"picked":"Ball Lightning","floor":4},{"not_picked":["Streamline","Turbo"],"picked":"Auto Shields","floor":10},{"not_picked":["Heatsinks","Chill"],"picked":"Coolheaded","floor":11},{"not_picked":["Thunder Strike","Multi-Cast"],"picked":"Biased Cognition","floor":16},{"not_picked":["Barrage","Beam Cell"],"picked":"FTL","floor":18},{"not_picked":["Stack+1","Beam Cell"],"picked":"Coolheaded","floor":19},{"not_picked":["Conserve Battery+1","Sweeping Beam"],"picked":"Chaos+1","floor":27},{"not_picked":["Scrape","Force Field","Sweeping Beam+1"],"picked":"SKIP","floor":28},{"not_picked":["Gash","Rebound"],"picked":"Coolheaded+1","floor":30},{"not_picked":["Gash","Beam Cell","Sweeping Beam"],"picked":"SKIP","floor":31},{"not_picked":["All For One","Electrodynamics"],"picked":"Machine Learning","floor":33},{"not_picked":["Rebound","Sweeping Beam+1"],"picked":"Hologram+1","floor":35},{"not_picked":["Reprogram","Cold Snap"],"picked":"Beam Cell+1","floor":36},{"not_picked":["Sweeping Beam","Rebound"],"picked":"Static Discharge+1","floor":38},{"not_picked":["Melter+1","Stack+1","Compile Driver"],"picked":"SKIP","floor":39},{"not_picked":["Conserve Battery+1","Biased Cognition"],"picked":"Go for the Eyes+1","floor":41},{"not_picked":["Chrysalis+1","Good Instincts+1"],"picked":"Finesse+1","floor":47},{"not_picked":["Barrage","Rip and Tear+1","Beam Cell"],"picked":"SKIP","floor":48}],"player_experience":61417,"relics_obtained":[{"floor":9,"key":"Potion Belt"},{"floor":26,"key":"Old Coin"},{"floor":43,"key":"Bottled Flame"},{"floor":44,"key":"Pocketwatch"}],"event_choices":[{"cards_removed":["Strike_B"],"damage_healed":0,"gold_gain":0,"player_choice":"Card Removal","damage_taken":0,"max_hp_gain":0,"max_hp_loss":0,"event_name":"The Cleric","floor":3,"gold_loss":50},{"damage_healed":0,"gold_gain":0,"player_choice":"Take Damage","damage_taken":18,"relics_obtained":["Golden Idol"],"max_hp_gain":0,"max_hp_loss":0,"event_name":"Golden Idol","floor":7,"gold_loss":0},{"damage_healed":0,"gold_gain":175,"player_choice":"AGREE","damage_taken":0,"max_hp_gain":0,"max_hp_loss":0,"event_name":"Liars Game","floor":12,"gold_loss":0,"cards_obtained":["Doubt"]},{"damage_healed":0,"gold_gain":100,"player_choice":"Gold","damage_taken":0,"max_hp_gain":0,"max_hp_loss":0,"event_name":"Wheel of Change","floor":14,"gold_loss":0},{"damage_healed":0,"gold_gain":0,"player_choice":"Gave Idol","damage_taken":0,"relics_obtained":["Bloody Idol"],"max_hp_gain":0,"max_hp_loss":0,"event_name":"Forgotten Altar","floor":20,"relics_lost":["Golden Idol"],"gold_loss":0},{"damage_healed":0,"gold_gain":0,"player_choice":"Opened","damage_taken":0,"relics_obtained":["Letter Opener"],"max_hp_gain":0,"max_hp_loss":0,"event_name":"The Mausoleum","floor":21,"gold_loss":0},{"cards_removed":["Strike_B"],"damage_healed":0,"gold_gain":0,"player_choice":"Upgrade and Remove","damage_taken":0,"max_hp_gain":0,"max_hp_loss":0,"event_name":"Designer","floor":22,"gold_loss":90,"cards_upgraded":["White Noise"]},{"cards_removed":["Defend_B"],"damage_healed":0,"gold_gain":0,"player_choice":"Purged","damage_taken":0,"max_hp_gain":0,"max_hp_loss":0,"event_name":"Purifier","floor":37,"gold_loss":0},{"damage_healed":0,"gold_gain":0,"player_choice":"Fight","damage_taken":0,"max_hp_gain":0,"max_hp_loss":0,"event_name":"Mysterious Sphere","floor":44,"gold_loss":0},{"damage_healed":0,"gold_gain":0,"player_choice":"Max HP","damage_taken":0,"max_hp_gain":0,"max_hp_loss":4,"event_name":"Winding Halls","floor":45,"gold_loss":0},{"damage_healed":0,"gold_gain":0,"player_choice":"Memory 1","damage_taken":0,"max_hp_gain":0,"max_hp_loss":0,"event_name":"SensoryStone","floor":47,"gold_loss":0}],"is_beta":false,"boss_relics":[{"not_picked":["Black Star","Fusion Hammer"],"picked":"Empty Cage"},{"not_picked":["White Beast Statue","Busted Crown"],"picked":"Nuclear Battery"}],"items_purged_floors":[13,46],"is_endless":false,"potions_floor_spawned":[4,11,18,30,33,36,48],"killed_by":"Awakened One","ascension_level":0}