{"gold_per_floor":[119,119,133,133,133,133,150,150,150,202,226,151,194,212,212,212],"floor_reached":16,"playtime":798,"items_purged":["Strike_R"],"score":190,"play_id":"c4ce0d1f-f39d-4f34-9c1d-86e938e8f702","local_time":"20190701233525","is_ascension_mode":true,"campfire_choices":[{"data":"True Grit","floor":6,"key":"SMITH"},{"floor":15,"key":"REST"}],"neow_cost":"NONE","seed_source_timestamp":16938129699236,"circlet_count":0,"master_deck":["AscendersBane","Strike_R","Strike_R","Strike_R","Strike_R","Defend_R","Defend_R","Defend_R","Defend_R","Bash","True Grit+1","Uppercut","Havoc","Bludgeon","Headbutt"],"relics":["Burning Blood","NeowsBlessing","WarpedTongs","Question Card","Golden Idol","Frozen Egg 2","Potion Belt","Blood Vial"],"potions_floor_usage":[13,16],"damage_taken":[{"damage":0,"enemies":"2 Louse","floor":1,"turns":1},{"damage":0,"enemies":"Cultist","floor":3,"turns":1},{"damage":0,"enemies":"Small Slimes","floor":7,"turns":1},{"damage":4,"enemies":"Blue Slaver","floor":11,"turns":5},{"damage":44,"enemies":"3 Sentries","floor":13,"turns":12},{"damage":7,"enemies":"2 Fungi Beasts","floor":14,"turns":3},{"damage":39,"enemies":"Slime Boss","floor":16,"turns":6}],"seed_played":"6827941454518903037","potions_obtained":[{"floor":3,"key":"Regen Potion"},{"floor":14,"key":"Dexterity Potion"}],"is_trial":false,"path_per_floor":["M","?","M","?","?","R","M","?","T","T","M","$","E","M","R","B"],"character_chosen":"IRONCLAD","items_purchased":[],"campfire_rested":1,"item_purchase_floors":[],"current_hp_per_floor":[74,74,75,68,50,50,56,30,30,30,32,32,9,10,32,0],"gold":212,"neow_bonus":"THREE_ENEMY_KILL","is_prod":false,"is_daily":false,"chose_seed":false,"campfire_upgraded":1,"win_rate":0,"timestamp":1562038525,"path_taken":["M","?","?","?","?","R","M","?","T","?","M","?","E","M","R","BOSS"],"build_version":"2019-06-30","purchased_purges":1,"victory":false,"max_hp_per_floor":[75,75,75,75,75,75,75,75,75,75,75,75,75,75,75,75],"card_choices":[{"not_picked":["Wild Strike","Perfected Strike"],"picked":"True Grit","floor":1},{"not_picked":["Rage","Anger","Searing Blow"],"picked":"SKIP","floor":3},{"not_picked":["Thunderclap","Infernal Blade","Sword Boomerang"],"picked":"Uppercut","floor":7},{"not_picked":["Anger","Twin Strike","Bloodletting"],"picked":"Havoc","floor":11},{"not_picked":["Intimidate","Havoc","Wild Strike"],"picked":"Bludgeon","floor":13},{"not_picked":["Reckless Charge","Seeing Red","Burning Pact"],"picked":"Headbutt","floor":14}],"player_experience":669944,"relics_obtained":[{"floor":9,"key":"Frozen Egg 2"},{"floor":10,"key":"Potion Belt"},{"floor":13,"key":"Blood Vial"}],"event_choices":[{"damage_healed":0,"gold_gain":0,"player_choice":"Rummage","damage_taken":0,"relics_obtained":["WarpedTongs"],"max_hp_gain":0,"max_hp_loss":0,"event_name":"Accursed Blacksmith","floor":2,"gold_loss":0,"cards_obtained":["Pain"]},{"cards_removed":["Pain"],"damage_healed":0,"gold_gain":0,"player_choice":"Card Removal","damage_taken":7,"max_hp_gain":0,"max_hp_loss":0,"event_name":"Golden Wing","floor":4,"gold_loss":0},{"damage_healed":0,"gold_gain":0,"player_choice":"Success","damage_taken":18,"relics_obtained":["Question Card"],"max_hp_gain":0,"max_hp_loss":0,"event_name":"Scrap Ooze","floor":5,"gold_loss":0},{"damage_healed":0,"gold_gain":0,"player_choice":"Take Damage","damage_taken":26,"relics_obtained":["Golden Idol"],"max_hp_gain":0,"max_hp_loss":0,"event_name":"Golden Idol","floor":8,"gold_loss":0}],"is_beta":true,"boss_relics":[],"items_purged_floors":[12],"is_endless":false,"potions_floor_spawned":[3,14],"killed_by":"Slime Boss","ascension_level":18}