{"gold_per_floor":[111,125,9,9,22,47,47,57,83,83,83,96,96,124,124,220,220,237,237,237,257,257],"floor_reached":22,"playtime":1518,"items_purged":[],"score":194,"play_id":"c129bbc6-9a6e-4140-86c8-60127f119088","local_time":"20190704140242","is_ascension_mode":false,"campfire_choices":[{"floor":7,"key":"REST"},{"data":"Redo","floor":10,"key":"SMITH"},{"floor":15,"key":"REST"}],"neow_cost":"NONE","seed_source_timestamp":319253632720271,"circlet_count":0,"master_deck":["Strike_B","Strike_B","Defend_B","Defend_B","Defend_B","Zap","Dualcast","Redo+1","Loop","Auto Shields","Fusion","Gash","Stack","Redo+1","All For One","Capacitor","Coolheaded","Echo Form","Genetic Algorithm+1","Aggregate+1","Turbo+1","Redo","BootSequence"],"relics":["Cracked Core","NeowsBlessing","Juzu Bracelet","Lantern","Dream Catcher","Astrolabe"],"potions_floor_usage":[6,18,22,22],"damage_taken":[{"damage":0,"enemies":"2 Louse","floor":1,"turns":1},{"damage":0,"enemies":"Cultist","floor":2,"turns":1},{"damage":0,"enemies":"Small Slimes","floor":5,"turns":1},{"damage":38,"enemies":"Gremlin Nob","floor":6,"turns":5},{"damage":8,"enemies":"Blue Slaver","floor":8,"turns":3},{"damage":10,"enemies":"Looter","floor":12,"turns":4},{"damage":21,"enemies":"3 Sentries","floor":14,"turns":8},{"damage":60,"enemies":"Slime Boss","floor":16,"turns":11},{"damage":12,"enemies":"Chosen","floor":18,"turns":8},{"damage":24,"enemies":"3 Byrds","floor":21,"turns":6},{"damage":41,"enemies":"Centurion and Healer","floor":22,"turns":9}],"seed_played":"-2786491285397857251","potions_obtained":[{"floor":2,"key":"FocusPotion"},{"floor":6,"key":"Swift Potion"},{"floor":12,"key":"Dexterity Potion"},{"floor":14,"key":"Block Potion"}],"is_trial":false,"path_per_floor":["M","M","$","?","M","E","R","M","T","R","?","M","?","E","R","B",null,"M","?","?","M","M"],"character_chosen":"DEFECT","items_purchased":["Auto Shields","Fusion"],"campfire_rested":2,"item_purchase_floors":[3,3],"current_hp_per_floor":[75,75,75,75,75,37,59,51,51,51,75,65,65,44,66,6,75,63,63,60,36,0],"gold":257,"neow_bonus":"THREE_ENEMY_KILL","is_prod":false,"is_daily":false,"chose_seed":false,"campfire_upgraded":1,"win_rate":0.0,"timestamp":1562259762,"path_taken":["M","M","$","?","?","E","R","M","T","R","?","M","?","E","R","BOSS","M","?","?","M","M"],"build_version":"2019-07-01","purchased_purges":0,"victory":false,"max_hp_per_floor":[75,75,75,75,75,75,75,75,75,75,75,75,75,75,75,75,75,75,75,75,75,75],"card_choices":[{"not_picked":["Streamline","Conserve Battery"],"picked":"Redo","floor":1},{"not_picked":["Stack","Ball Lightning"],"picked":"Loop","floor":2},{"not_picked":["Reprogram","Steam"],"picked":"Gash","floor":5},{"not_picked":["BootSequence","Sunder"],"picked":"Stack","floor":6},{"not_picked":["Leap","Hologram"],"picked":"Redo","floor":8},{"not_picked":["Auto Shields","Conserve Battery"],"picked":"All For One","floor":12},{"not_picked":["Compile Driver","Reboot"],"picked":"Capacitor","floor":14},{"not_picked":["Sweeping Beam","Barrage"],"picked":"Coolheaded","floor":15},{"not_picked":["Amplify","Creative AI"],"picked":"Echo Form","floor":16},{"not_picked":["Tempest","Streamline+1"],"picked":"Redo","floor":18},{"not_picked":["Chill","Streamline"],"picked":"BootSequence","floor":21}],"player_experience":42832,"relics_obtained":[{"floor":6,"key":"Juzu Bracelet"},{"floor":9,"key":"Lantern"},{"floor":14,"key":"Dream Catcher"}],"event_choices":[{"damage_healed":0,"gold_gain":0,"player_choice":"Forge","damage_taken":0,"max_hp_gain":0,"max_hp_loss":0,"event_name":"Accursed Blacksmith","floor":4,"gold_loss":0,"cards_upgraded":["Redo"]},{"damage_healed":25,"gold_gain":0,"player_choice":"Banana","damage_taken":0,"max_hp_gain":0,"max_hp_loss":0,"event_name":"Big Fish","floor":11,"gold_loss":0},{"damage_healed":0,"gold_gain":0,"player_choice":"Ignored","damage_taken":0,"max_hp_gain":0,"max_hp_loss":0,"event_name":"Liars Game","floor":13,"gold_loss":0},{"damage_healed":0,"gold_gain":0,"player_choice":"Ignored","damage_taken":0,"max_hp_gain":0,"max_hp_loss":0,"event_name":"Ghosts","floor":19,"gold_loss":0},{"damage_healed":0,"gold_gain":0,"player_choice":"Punched","damage_taken":3,"max_hp_gain":0,"max_hp_loss":0,"event_name":"Designer","floor":20,"gold_loss":0}],"is_beta":false,"boss_relics":[{"not_picked":["Calling Bell","Empty Cage"],"picked":"Astrolabe"}],"items_purged_floors":[],"is_endless":false,"potions_floor_spawned":[2,6,12,14],"killed_by":"Centurion and Healer","ascension_level":0}