{"gold_per_floor":[118,128,203,203,54,54,80,80,80,80,80,80],"floor_reached":12,"playtime":322,"items_purged":["Decay"],"score":85,"play_id":"d4a494bc-3394-4ff9-b078-6889b2976378","local_time":"20190409143443","is_ascension_mode":true,"campfire_choices":[{"data":"Entrench","floor":6,"key":"SMITH"},{"data":"Body Slam","floor":8,"key":"SMITH"},{"floor":10,"key":"REST"}],"neow_cost":"CURSE","seed_source_timestamp":425546127803689,"circlet_count":0,"master_deck":["Strike_R","Strike_R","Strike_R","Strike_R","Strike_R","Defend_R","Defend_R","Defend_R","Defend_R","Bash","Pommel Strike","Body Slam+1","Entrench+1","Evolve+1"],"relics":["Burning Blood","Shovel","Mummified Hand","Frozen Egg 2","Calipers","Ice Cream"],"potions_floor_usage":[],"damage_taken":[{"damage":5,"enemies":"2 Louse","floor":1,"turns":5},{"damage":8,"enemies":"Jaw Worm","floor":2,"turns":5},{"damage":55,"enemies":"3 Sentries","floor":7,"turns":13},{"damage":36,"enemies":"Lagavulin","floor":12,"turns":7}],"seed_played":"4560015867624385254","potions_obtained":[],"is_trial":false,"path_per_floor":["M","M","?","T","$","R","E","R","T","R","?","E"],"character_chosen":"IRONCLAD","items_purchased":["Entrench"],"campfire_rested":1,"item_purchase_floors":[5],"current_hp_per_floor":[80,78,67,67,67,67,18,18,18,42,30,0],"gold":80,"neow_bonus":"ONE_RARE_RELIC","is_prod":false,"is_daily":false,"chose_seed":false,"campfire_upgraded":2,"win_rate":0,"timestamp":1554834883,"path_taken":["M","M","?","?","$","R","E","R","T","R","?","E"],"build_version":"2019-01-23","purchased_purges":1,"victory":false,"max_hp_per_floor":[80,80,80,80,80,80,80,80,80,80,80,80],"card_choices":[{"not_picked":["Perfected Strike","Headbutt"],"picked":"Pommel Strike","floor":1},{"not_picked":["Warcry","Power Through"],"picked":"Body Slam","floor":2},{"not_picked":["Ghostly Armor","Perfected Strike"],"picked":"Evolve","floor":7}],"player_experience":154053,"relics_obtained":[{"floor":4,"key":"Mummified Hand"},{"floor":7,"key":"Frozen Egg 2"},{"floor":9,"key":"Calipers"}],"event_choices":[{"damage_healed":0,"gold_gain":75,"player_choice":"Gather Gold","damage_taken":11,"max_hp_gain":0,"max_hp_loss":0,"event_name":"World of Goop","floor":3,"gold_loss":0},{"damage_healed":0,"gold_gain":0,"player_choice":"Success","damage_taken":12,"relics_obtained":["Ice Cream"],"max_hp_gain":0,"max_hp_loss":0,"event_name":"Scrap Ooze","floor":11,"gold_loss":0}],"is_beta":false,"boss_relics":[],"items_purged_floors":[5],"is_endless":false,"potions_floor_spawned":[],"killed_by":"Lagavulin","ascension_level":3}