{"gold_per_floor":[109,128,44,56,73,73,83,34,34,34,34,34,34,45,45,141,141,152,170,270,123,135,135,22,32,32,42,55,73,21,21,21,120,120,132,152,12,12,12,12,32,32,80,80,100,120,131,141,141,141],"floor_reached":50,"playtime":4629,"items_purged":["Defend_B","Strike_B"],"score":490,"play_id":"44ffb71f-3aed-471d-bd27-49df9869b25e","local_time":"20181227223804","is_ascension_mode":false,"campfire_choices":[{"data":"Static Discharge","floor":6.0,"key":"SMITH"},{"data":"Coolheaded","floor":11.0,"key":"SMITH"},{"data":"Zap","floor":13.0,"key":"SMITH"},{"data":"Dualcast","floor":15.0,"key":"SMITH"},{"data":"Defragment","floor":23.0,"key":"SMITH"},{"data":"Defragment","floor":32.0,"key":"SMITH"},{"data":"Defragment","floor":40,"key":"SMITH"},{"data":"Static Discharge","floor":42,"key":"SMITH"},{"data":"White Noise","floor":44,"key":"SMITH"},{"data":"Barrage","floor":49,"key":"SMITH"}],"neow_cost":"NONE","seed_source_timestamp":0,"circlet_count":0,"master_deck":["Strike_B+1","Strike_B","Defend_B","Defend_B","Defend_B","Zap+1","Dualcast+1","Go for the Eyes","Static Discharge+1","Coolheaded+1","Bite","Rainbow","Auto Shields+1","Defragment+1","Defragment+1","Cold Snap+1","Defragment+1","White Noise+1","Leap","Cold Snap+1","Defragment+1","Go for the Eyes","Ball Lightning","Cold Snap+1","Static Discharge+1","Dramatic Entrance","Cold Snap","Barrage+1","Barrage+1","Cold Snap"],"special_seed":0,"relics":["Cracked Core","NeowsBlessing","Question Card","Torii","Eternal Feather","Bottled Lightning","Inserter","Whetstone"],"potions_floor_usage":[],"damage_taken":[{"damage":0.0,"enemies":"Jaw Worm","floor":1.0,"turns":1.0},{"damage":0.0,"enemies":"Cultist","floor":2.0,"turns":1.0},{"damage":0.0,"enemies":"2 Louse","floor":4.0,"turns":1.0},{"damage":17.0,"enemies":"Lots of Slimes","floor":5.0,"turns":4.0},{"damage":14.0,"enemies":"2 Fungi Beasts","floor":7.0,"turns":2.0},{"damage":8.0,"enemies":"Gremlin Gang","floor":14.0,"turns":3.0},{"damage":39.0,"enemies":"Slime Boss","floor":16.0,"turns":7.0},{"damage":19.0,"enemies":"2 Thieves","floor":18.0,"turns":4.0},{"damage":12.0,"enemies":"3 Byrds","floor":19.0,"turns":6.0},{"damage":12.0,"enemies":"Snecko","floor":22.0,"turns":5.0},{"damage":1.0,"enemies":"Cultist and Chosen","floor":25.0,"turns":8.0},{"damage":7.0,"enemies":"Snake Plant","floor":27.0,"turns":5.0},{"damage":22.0,"enemies":"Centurion and Healer","floor":28.0,"turns":10.0},{"damage":8.0,"enemies":"Shelled Parasite and Fungi","floor":29.0,"turns":9.0},{"damage":22.0,"enemies":"Automaton","floor":33.0,"turns":9.0},{"damage":29.0,"enemies":"Orb Walker","floor":35.0,"turns":3.0},{"damage":29.0,"enemies":"3 Darklings","floor":36.0,"turns":8.0},{"damage":8,"enemies":"Sphere and 2 Shapes","floor":41,"turns":5},{"damage":1,"enemies":"Maw","floor":45,"turns":9},{"damage":23,"enemies":"Writhing Mass","floor":46,"turns":4},{"damage":10,"enemies":"3 Darklings","floor":47,"turns":4},{"damage":1,"enemies":"Spire Growth","floor":48,"turns":7},{"damage":63,"enemies":"Awakened One","floor":50,"turns":3}],"seed_played":"1541990550363843268","potions_obtained":[{"floor":4.0,"key":"AttackPotion"},{"floor":14.0,"key":"SkillPotion"},{"floor":19.0,"key":"EssenceOfSteel"},{"floor":22.0,"key":"Explosive Potion"},{"floor":36.0,"key":"Dexterity Potion"},{"floor":45,"key":"Regen Potion"},{"floor":46,"key":"Explosive Potion"}],"is_trial":false,"path_per_floor":["M","M","?","M","M","R","M","$","T","?","R","?","R","M","R","B",null,"M","M","?","$","M","R","$","M","T","M","M","M","$","?","R","B",null,"M","M","M","$","?","?","R","M","R","T","R","M","M","M","M","R","B"],"character_chosen":"DEFECT","items_purchased":["Dexterity Potion","Defragment","Defragment","White Noise","Ball Lightning","Static Discharge"],"campfire_rested":0,"item_purchase_floors":[8,21,24,24,30,37],"current_hp_per_floor":[75,75,75,75,58,58,44,44,44,69,69,69,69,63,63,28,75,58,52,52,52,40,49,49,52,52,49,33,31,31,56,71,53,75,46,19,19,19,75,75,67,75,75,75,75,52,42,41,59,0],"gold":141,"neow_bonus":"THREE_ENEMY_KILL","is_prod":false,"is_daily":false,"chose_seed":false,"campfire_upgraded":10,"win_rate":0.0,"timestamp":1545968284,"path_taken":["M","M","?","M","M","R","M","?","T","?","R","?","R","M","R","BOSS","M","?","?","$","M","R","$","M","T","?","M","M","?","?","R","BOSS","M","M","$","?","?","R","?","R","T","R","M","M","M","?","R","BOSS"],"build_version":"2018-12-20","purchased_purges":2,"victory":false,"max_hp_per_floor":[75,75,75,75,75,75,75,75,75,75,75,75,75,75,75,75,75,75,75,75,75,75,75,75,75,75,75,75,75,75,75,75,75,75,75,75,75,75,75,75,75,75,75,75,75,75,75,75,75,75],"card_choices":[{"not_picked":["Compile Driver","Aggregate","Hologram"],"picked":"SKIP","floor":1.0},{"not_picked":["Chill","Gash"],"picked":"Go for the Eyes","floor":2.0},{"not_picked":["Hologram","Conserve Battery","Sweeping Beam"],"picked":"Doom and Gloom","floor":4.0},{"not_picked":["Gash","Doom and Gloom","Reprogram"],"picked":"Static Discharge","floor":5.0},{"not_picked":["Double Energy","Cold Snap","Amplify"],"picked":"Coolheaded","floor":7.0},{"not_picked":["FTL","Beam Cell","Steam","Doom and Gloom"],"picked":"SKIP","floor":14.0},{"not_picked":["Multi-Cast","Creative AI","Reboot"],"picked":"Rainbow","floor":16.0},{"not_picked":["Gash","Compile Driver","Leap"],"picked":"Auto Shields+1","floor":18.0},{"not_picked":["Beam Cell","Streamline","Gash"],"picked":"Defragment","floor":19.0},{"not_picked":["Go for the Eyes","Stack","Gash"],"picked":"Cold Snap+1","floor":22.0},{"not_picked":["Gash","Barrage","Tempest"],"picked":"Leap","floor":25.0},{"not_picked":["Gash+1","Steam","Darkness"],"picked":"Cold Snap","floor":27.0},{"not_picked":["Ball Lightning","Chaos","Machine Learning"],"picked":"Defragment+1","floor":28.0},{"not_picked":["Compile Driver","Auto Shields","Leap"],"picked":"Go for the Eyes","floor":29.0},{"not_picked":["Streamline","Go for the Eyes+1","Creative AI"],"picked":"Cold Snap+1","floor":35.0},{"not_picked":["Reprogram+1","Storm+1","Compile Driver","Gash"],"picked":"SKIP","floor":36.0},{"not_picked":["Metamorphosis","Secret Weapon","Forethought"],"picked":"Dramatic Entrance","floor":38.0},{"not_picked":["Aggregate+1","Force Field+1","Leap"],"picked":"Cold Snap","floor":41},{"not_picked":["Rainbow","Ball Lightning+1","Compile Driver+1"],"picked":"Barrage+1","floor":45},{"not_picked":["Chaos","Beam Cell+1","Cold Snap"],"picked":"Barrage","floor":46},{"not_picked":["Stack+1","Leap+1","Coolheaded"],"picked":"Cold Snap","floor":47},{"not_picked":["Beam Cell","Scrape+1","Stack","Gash+1"],"picked":"SKIP","floor":48}],"player_experience":20544,"relics_obtained":[{"floor":9.0,"key":"Torii"},{"floor":26.0,"key":"Bottled Lightning"},{"floor":43,"key":"Whetstone"}],"event_choices":[{"damage_healed":0.0,"max_hp_gain":0.0,"max_hp_loss":0.0,"gold_gain":0.0,"event_name":"WeMeetAgain","player_choice":"Paid Gold","floor":3.0,"gold_loss":84.0,"damage_taken":0.0,"relics_obtained":["Question Card"]},{"damage_healed":25.0,"max_hp_gain":0.0,"max_hp_loss":0.0,"gold_gain":0.0,"event_name":"Big Fish","player_choice":"Banana","floor":10.0,"gold_loss":0.0,"damage_taken":0.0},{"cards_removed":["Strike_B"],"damage_healed":0.0,"max_hp_gain":0.0,"max_hp_loss":0.0,"gold_gain":0.0,"event_name":"NoteForYourself","player_choice":"Took Card","floor":12.0,"gold_loss":0.0,"damage_taken":0.0,"cards_obtained":["Bite"]},{"damage_healed":0.0,"max_hp_gain":0.0,"max_hp_loss":0.0,"gold_gain":100.0,"event_name":"Golden Shrine","player_choice":"Pray","floor":20.0,"gold_loss":0.0,"damage_taken":0.0},{"damage_healed":25.0,"max_hp_gain":0.0,"max_hp_loss":0.0,"gold_gain":0.0,"event_name":"The Library","player_choice":"Heal","floor":31.0,"gold_loss":0.0,"damage_taken":0.0},{"damage_healed":0.0,"max_hp_gain":0.0,"max_hp_loss":0.0,"gold_gain":0.0,"event_name":"SensoryStone","player_choice":"Memory 1","floor":38.0,"gold_loss":0.0,"damage_taken":0.0},{"cards_removed":["Doom and Gloom"],"damage_healed":56,"gold_gain":0,"player_choice":"Offered Uncommon","damage_taken":0,"max_hp_gain":0,"max_hp_loss":0,"event_name":"Bonfire Elementals","floor":39,"gold_loss":0}],"is_beta":false,"boss_relics":[{"not_picked":["Empty Cage","Snecko Eye"],"picked":"Eternal Feather"},{"not_picked":["Sozu","Philosopher\u0027s Stone"],"picked":"Inserter"}],"items_purged_floors":[21,37],"is_endless":false,"potions_floor_spawned":[4,14,19,22,28,29,36,45,46],"killed_by":"Awakened One","ascension_level":0}