{"gold_per_floor":[111,127,127,147,163,163,173,173,199,227,247,247,278,278,278,353,353,368,368,127,99,99],"floor_reached":22,"playtime":1446,"items_purged":["Strike_R"],"score":353,"play_id":"0c9af9be-ee9c-403e-9908-3c49210a51dc","local_time":"20190618135822","is_ascension_mode":true,"campfire_choices":[{"data":"Shockwave","floor":6,"key":"SMITH"},{"data":"Seeing Red","floor":8,"key":"SMITH"},{"data":"Armaments","floor":15,"key":"SMITH"}],"neow_cost":"NONE","seed_source_timestamp":564150014972038,"circlet_count":0,"master_deck":["AscendersBane","Strike_R","Strike_R","Defend_R","Defend_R","Defend_R","Defend_R","Bash+1","Uppercut","Seeing Red+1","Shockwave+1","Cleave","Armaments+1","Demon Form","Feed","Feel No Pain+1","Pommel Strike"],"relics":["Burning Blood","NeowsBlessing","Regal Pillow","PreservedInsect","Bag of Preparation","Empty Cage","Dream Catcher","Centennial Puzzle"],"potions_floor_usage":[7,10,16],"damage_taken":[{"damage":0,"enemies":"2 Louse","floor":1,"turns":1},{"damage":0,"enemies":"Cultist","floor":2,"turns":1},{"damage":0,"enemies":"Small Slimes","floor":4,"turns":1},{"damage":8,"enemies":"Looter","floor":5,"turns":3},{"damage":21,"enemies":"Exordium Wildlife","floor":7,"turns":6},{"damage":15,"enemies":"Lagavulin","floor":10,"turns":5},{"damage":10,"enemies":"Red Slaver","floor":11,"turns":2},{"damage":15,"enemies":"3 Sentries","floor":13,"turns":6},{"damage":31,"enemies":"Hexaghost","floor":16,"turns":11},{"damage":19,"enemies":"Chosen","floor":18,"turns":7},{"damage":33,"enemies":"2 Thieves","floor":21,"turns":5},{"damage":24,"enemies":"Shelled Parasite and Fungi","floor":22,"turns":7}],"seed_played":"8186485420609824311","potions_obtained":[{"floor":2,"key":"Dexterity Potion"},{"floor":4,"key":"Strength Potion"},{"floor":10,"key":"FearPotion"},{"floor":13,"key":"Swift Potion"},{"floor":21,"key":"AttackPotion"}],"is_trial":false,"path_per_floor":["M","M","?","M","M","R","M","R","T","E","M","?","E","?","R","B",null,"M","?","$","M","M"],"character_chosen":"IRONCLAD","items_purchased":["Centennial Puzzle"],"campfire_rested":0,"item_purchase_floors":[20],"current_hp_per_floor":[74,75,75,75,73,73,58,58,58,49,45,50,41,41,41,16,64,51,51,51,24,0],"gold":99,"neow_bonus":"THREE_ENEMY_KILL","is_prod":false,"is_daily":false,"chose_seed":false,"campfire_upgraded":3,"win_rate":0,"timestamp":1560880702,"path_taken":["M","M","?","M","M","R","M","R","T","E","?","?","E","?","R","BOSS","M","?","$","M","?"],"build_version":"2019-06-17v2","purchased_purges":1,"victory":false,"max_hp_per_floor":[75,75,75,75,75,75,75,75,75,75,75,80,80,80,80,80,80,80,80,80,80,80],"card_choices":[{"not_picked":["Heavy Blade","Fire Breathing"],"picked":"Uppercut","floor":1},{"not_picked":["Reckless Charge","Bloodletting"],"picked":"Seeing Red","floor":2},{"not_picked":["Sentinel","Shrug It Off"],"picked":"Shockwave","floor":4},{"not_picked":["Flex","Anger","Dark Embrace"],"picked":"SKIP","floor":5},{"not_picked":["Rage","Whirlwind"],"picked":"Cleave","floor":7},{"not_picked":["Juggernaut","Burning Pact"],"picked":"Armaments","floor":10},{"not_picked":["Clash","Whirlwind","Wild Strike"],"picked":"SKIP","floor":11},{"not_picked":["Cleave","Shockwave"],"picked":"Demon Form","floor":13},{"not_picked":["Barricade","Dark Embrace"],"picked":"Feed","floor":16},{"not_picked":["Cleave","Clash"],"picked":"Feel No Pain+1","floor":18},{"not_picked":["Body Slam","Clothesline"],"picked":"Pommel Strike","floor":21}],"player_experience":609960,"relics_obtained":[{"floor":9,"key":"Regal Pillow"},{"floor":10,"key":"PreservedInsect"},{"floor":13,"key":"Bag of Preparation"}],"event_choices":[{"damage_healed":0,"gold_gain":0,"player_choice":"Forge","damage_taken":0,"max_hp_gain":0,"max_hp_loss":0,"event_name":"Accursed Blacksmith","floor":3,"gold_loss":0,"cards_upgraded":["Bash"]},{"damage_healed":0,"gold_gain":0,"player_choice":"Donut","damage_taken":0,"max_hp_gain":5,"max_hp_loss":0,"event_name":"Big Fish","floor":12,"gold_loss":0},{"damage_healed":0,"gold_gain":0,"player_choice":"Ignored","damage_taken":0,"max_hp_gain":0,"max_hp_loss":0,"event_name":"Golden Idol","floor":14,"gold_loss":0},{"damage_healed":0,"gold_gain":0,"player_choice":"Gave Potion","damage_taken":0,"relics_obtained":["Dream Catcher"],"max_hp_gain":0,"max_hp_loss":0,"event_name":"WeMeetAgain","floor":19,"gold_loss":0}],"is_beta":true,"boss_relics":[{"not_picked":["Eternal Feather","Runic Pyramid"],"picked":"Empty Cage"}],"items_purged_floors":[20],"is_endless":false,"potions_floor_spawned":[2,4,5,10,13,21],"killed_by":"Shelled Parasite and Fungi","ascension_level":16}