{"gold_per_floor":[113,113,113,113,137,137,178,197,197,212,235,253,271,287,287,410,473,486,486,505,524,524,524],"floor_reached":23,"playtime":3419,"items_purged":[],"score":217,"play_id":"2511f70d-25a4-46d5-85d4-fa782bceb069","local_time":"20190702141941","is_ascension_mode":true,"campfire_choices":[{"floor":6,"key":"REST"},{"floor":15,"key":"REST"}],"neow_cost":"NONE","seed_source_timestamp":200971476838545,"circlet_count":0,"master_deck":["Strike_B","Strike_B","Strike_B","Strike_B","Defend_B","Defend_B","Defend_B","Defend_B","Zap","Dualcast","Go for the Eyes","FTL+1","Leap+1","Fusion+1","Beam Cell","Coolheaded+1","Gash","Auto Shields+1","Hologram+1","Creative AI","Redo+1","Redo+1","Hologram+1","Reprogram+1"],"relics":["Cracked Core","Anchor","Golden Idol","Toxic Egg 2","Centennial Puzzle","Kunai","Tiny House","Shuriken","FaceOfCleric"],"potions_floor_usage":[16,16,16,18,23,23],"damage_taken":[{"damage":0,"enemies":"Cultist","floor":1,"turns":3},{"damage":0,"enemies":"2 Louse","floor":5,"turns":3},{"damage":41,"enemies":"Gremlin Nob","floor":7,"turns":6},{"damage":0,"enemies":"Small Slimes","floor":8,"turns":3},{"damage":4,"enemies":"Blue Slaver","floor":10,"turns":3},{"damage":8,"enemies":"Looter","floor":11,"turns":3},{"damage":3,"enemies":"Exordium Thugs","floor":12,"turns":3},{"damage":2,"enemies":"Gremlin Gang","floor":13,"turns":4},{"damage":0,"enemies":"2 Fungi Beasts","floor":14,"turns":3},{"damage":8,"enemies":"Slime Boss","floor":16,"turns":6},{"damage":0,"enemies":"3 Byrds","floor":18,"turns":6},{"damage":4,"enemies":"Shell Parasite","floor":20,"turns":7},{"damage":2,"enemies":"Centurion and Healer","floor":21,"turns":11},{"damage":95,"enemies":"Slavers","floor":23,"turns":8}],"seed_played":"3854973932790860185","potions_obtained":[{"floor":1,"key":"SteroidPotion"},{"floor":11,"key":"Weak Potion"},{"floor":12,"key":"PowerPotion"},{"floor":13,"key":"Strength Potion"},{"floor":16,"key":"SkillPotion"},{"floor":17,"key":"Weak Potion"},{"floor":21,"key":"Regen Potion"}],"is_trial":false,"path_per_floor":["M","?","?","?","M","R","E","M","T","M","M","M","M","M","R","B",null,"M","?","M","M","?","E"],"character_chosen":"DEFECT","items_purchased":[],"campfire_rested":2,"item_purchase_floors":[],"current_hp_per_floor":[75,80,60,48,48,72,31,31,31,27,19,16,14,14,38,30,85,85,85,81,79,79,0],"gold":524,"neow_bonus":"RANDOM_COMMON_RELIC","is_prod":false,"is_daily":false,"chose_seed":false,"campfire_upgraded":0,"win_rate":0,"timestamp":1562091581,"path_taken":["M","?","?","?","?","R","E","M","T","M","M","M","M","M","R","BOSS","M","?","M","M","?","E"],"build_version":"2019-07-01","purchased_purges":0,"victory":false,"max_hp_per_floor":[75,80,80,80,80,80,80,80,80,80,80,80,80,80,80,80,85,85,85,85,85,85,85],"card_choices":[{"not_picked":["Static Discharge","Redo"],"picked":"Go for the Eyes","floor":1},{"not_picked":["Beam Cell","BootSequence+1"],"picked":"FTL","floor":5},{"not_picked":["Gash","Buffer"],"picked":"Leap+1","floor":7},{"not_picked":["Melter","Consume+1"],"picked":"Fusion+1","floor":8},{"not_picked":["Fusion+1","Sunder"],"picked":"Beam Cell","floor":10},{"not_picked":["Go for the Eyes","Amplify+1"],"picked":"Coolheaded+1","floor":11},{"not_picked":["Stack+1","Barrage"],"picked":"Gash","floor":12},{"not_picked":["Tempest+1","Darkness+1"],"picked":"Auto Shields+1","floor":13},{"not_picked":["Blizzard","Streamline"],"picked":"Hologram+1","floor":14},{"not_picked":["Fission+1","Electrodynamics"],"picked":"Creative AI","floor":16},{"not_picked":["Undo+1","Streamline"],"picked":"Redo+1","floor":17},{"not_picked":["Rebound+1","Fusion+1"],"picked":"Redo+1","floor":18},{"not_picked":["Steam+1","Consume+1"],"picked":"Hologram+1","floor":20},{"not_picked":["Beam Cell","Rebound+1"],"picked":"Reprogram+1","floor":21}],"player_experience":77575,"relics_obtained":[{"floor":7,"key":"Centennial Puzzle"},{"floor":9,"key":"Kunai"}],"event_choices":[{"damage_healed":0,"gold_gain":0,"player_choice":"Donut","damage_taken":0,"max_hp_gain":5,"max_hp_loss":0,"event_name":"Big Fish","floor":2,"gold_loss":0},{"damage_healed":0,"gold_gain":0,"player_choice":"Take Damage","damage_taken":20,"relics_obtained":["Golden Idol"],"max_hp_gain":0,"max_hp_loss":0,"event_name":"Golden Idol","floor":3,"gold_loss":0},{"damage_healed":0,"gold_gain":0,"player_choice":"Success","damage_taken":12,"relics_obtained":["Toxic Egg 2"],"max_hp_gain":0,"max_hp_loss":0,"event_name":"Scrap Ooze","floor":4,"gold_loss":0},{"damage_healed":0,"gold_gain":0,"player_choice":"Opened","damage_taken":0,"relics_obtained":["Shuriken"],"max_hp_gain":0,"max_hp_loss":0,"event_name":"The Mausoleum","floor":19,"gold_loss":0},{"damage_healed":0,"gold_gain":0,"player_choice":"Trade","damage_taken":0,"relics_obtained":["FaceOfCleric"],"max_hp_gain":0,"max_hp_loss":0,"event_name":"FaceTrader","floor":22,"gold_loss":0}],"is_beta":false,"boss_relics":[{"not_picked":["Snecko Eye","Sozu"],"picked":"Tiny House"}],"items_purged_floors":[],"is_endless":false,"potions_floor_spawned":[1,11,12,13,16,21],"killed_by":"Slavers","ascension_level":2}