{"gold_per_floor":[115,130,130,149,18,43,43,43,43,77,77,96,96,113,113,216,216,232,199,33,33,33,50,80,97,97,113,113,113,38,72,72,172,172,190,208,308,308,319,339,354,354,381,412,412,96,106,439,439,439,439,439,29,60,60],"floor_reached":55,"playtime":12199,"items_purged":["Strike_G","Bane"],"score":852,"play_id":"04fc1271-df58-41d8-a11e-c8b193d351ba","local_time":"20190705013326","is_ascension_mode":false,"campfire_choices":[{"data":"Sucker Punch","floor":11.0,"key":"SMITH"},{"data":"Prepared","floor":13.0,"key":"SMITH"},{"data":"Neutralize","floor":15.0,"key":"SMITH"},{"data":"After Image","floor":28,"key":"SMITH"},{"data":"Defend_G","floor":32,"key":"PURGE"},{"floor":42,"key":"RECALL"},{"data":"Deep Breath","floor":45,"key":"SMITH"},{"data":"Caltrops","floor":49,"key":"SMITH"},{"data":"Skewer","floor":52,"key":"SMITH"}],"neow_cost":"NONE","seed_source_timestamp":0,"circlet_count":0,"master_deck":["Survivor+1","Neutralize+1","Quick Slash","Sucker Punch+1","Footwork","Footwork","Cloak And Dagger","Prepared+1","Quick Slash","Heel Hook","PiercingWail","Flying Knee+1","After Image+1","Escape Plan+1","Slice","Deep Breath+1","Infinite Blades","Backflip+1","Cloak And Dagger","Outmaneuver+1","Masterful Stab","Burst+1","Tools of the Trade","Reflex+1","Flying Knee+1","Doppelganger+1","Dodge and Roll+1","Quick Slash","Backflip+1","Prepared+1","Reflex+1","Skewer+1","Dash+1","After Image","Caltrops+1","Blur+1","Dagger Throw+1","Endless Agony+1","Blade Dance+1"],"special_seed":0,"relics":["Ring of the Snake","Sundial","Torii","Letter Opener","Pantograph","Black Star","Bag of Preparation","Ancient Tea Set","Ice Cream","Toxic Egg 2","Peace Pipe","Bird Faced Urn","Ninja Scroll","Pandora\u0027s Box","StoneCalendar","Whetstone","Gambling Chip","Lantern","Old Coin","Pocketwatch","Kunai","War Paint","Pear","Pen Nib"],"potions_floor_usage":[18,25,33,33,44,48,55,55],"damage_taken":[{"damage":0.0,"enemies":"Cultist","floor":1.0,"turns":5.0},{"damage":0.0,"enemies":"Jaw Worm","floor":2.0,"turns":4.0},{"damage":0.0,"enemies":"Small Slimes","floor":4.0,"turns":4.0},{"damage":10.0,"enemies":"Gremlin Nob","floor":6.0,"turns":5.0},{"damage":7.0,"enemies":"3 Sentries","floor":10.0,"turns":10.0},{"damage":0.0,"enemies":"2 Fungi Beasts","floor":12.0,"turns":5.0},{"damage":10.0,"enemies":"Gremlin Gang","floor":14.0,"turns":6.0},{"damage":7.0,"enemies":"The Guardian","floor":16.0,"turns":17.0},{"damage":11,"enemies":"Chosen","floor":18,"turns":8},{"damage":10,"enemies":"2 Thieves","floor":19,"turns":5},{"damage":1,"enemies":"Centurion and Healer","floor":23,"turns":9},{"damage":1,"enemies":"Book of Stabbing","floor":24,"turns":9},{"damage":2,"enemies":"Snake Plant","floor":25,"turns":8},{"damage":0,"enemies":"Snecko","floor":27,"turns":9},{"damage":0,"enemies":"Gremlin Leader","floor":31,"turns":9},{"damage":10,"enemies":"Champ","floor":33,"turns":14},{"damage":12,"enemies":"3 Shapes","floor":35,"turns":7},{"damage":7,"enemies":"3 Darklings","floor":36,"turns":7},{"damage":2,"enemies":"Mind Bloom Boss Battle","floor":37,"turns":8},{"damage":21,"enemies":"Spire Growth","floor":39,"turns":6},{"damage":14,"enemies":"Jaw Worm Horde","floor":40,"turns":5},{"damage":0,"enemies":"Writhing Mass","floor":41,"turns":8},{"damage":1,"enemies":"Giant Head","floor":44,"turns":8},{"damage":0,"enemies":"Transient","floor":47,"turns":5},{"damage":14,"enemies":"Reptomancer","floor":48,"turns":7},{"damage":0,"enemies":"Awakened One","floor":50,"turns":15},{"damage":10,"enemies":"Shield and Spear","floor":54,"turns":8},{"damage":90,"enemies":"The Heart","floor":55,"turns":9}],"seed_played":"8040503888889148636","potions_obtained":[{"floor":0.0,"key":"SneckoOil"},{"floor":0.0,"key":"Poison Potion"},{"floor":0.0,"key":"FairyPotion"},{"floor":1.0,"key":"SpeedPotion"},{"floor":12.0,"key":"Swift Potion"},{"floor":18,"key":"EntropicBrew"},{"floor":23,"key":"GhostInAJar"},{"floor":25,"key":"AttackPotion"},{"floor":27,"key":"Energy Potion"},{"floor":35,"key":"Poison Potion"},{"floor":37,"key":"LiquidBronze"},{"floor":40,"key":"EssenceOfSteel"},{"floor":44,"key":"Fire Potion"}],"is_trial":false,"path_per_floor":["M","M","?","M","$","E","$","?","T","E","R","M","R","M","R","B",null,"M","M","$","?","?","M","E","M","T","M","R","?","$","E","R","B",null,"M","M","?","?","M","M","M","R","T","E","R","$","M","E","R","B",null,"R","$","E","B"],"character_chosen":"THE_SILENT","items_purchased":["Footwork","Cloak And Dagger","Prepared","Deep Breath","Infinite Blades","Lantern","Blur+1","Kunai","War Paint"],"campfire_rested":0,"item_purchase_floors":[5,5,5,20,20,46,46,53,53],"current_hp_per_floor":[70,70,58,58,58,48,48,48,48,41,41,41,41,31,31,49,70,59,49,49,49,49,48,47,45,45,45,45,45,45,45,45,61,70,64,67,70,70,49,43,53,53,53,62,62,62,70,64,64,70,70,70,70,76,0],"gold":60,"neow_bonus":"THREE_SMALL_POTIONS","is_prod":false,"is_daily":false,"chose_seed":false,"campfire_upgraded":7,"win_rate":0,"timestamp":1562304806,"path_taken":["M","M","?","M","?","E","$","?","T","E","R","M","R","?","R","BOSS","M","M","$","?","?","M","E","M","T","?","R","?","$","E","R","BOSS","M","?","?","?","?","M","?","R","T","E","R","$","M","E","R","BOSS","R","$","E","BOSS"],"build_version":"2019-07-01","purchased_purges":2,"victory":false,"max_hp_per_floor":[70,70,70,70,70,70,70,70,70,70,70,70,70,70,70,70,70,70,70,70,70,70,70,70,70,70,70,70,70,70,70,70,70,70,70,70,70,70,70,70,70,70,70,70,70,70,70,70,70,70,70,70,70,80,80],"card_choices":[{"not_picked":["Choke","Dodge and Roll"],"picked":"Quick Slash","floor":1.0},{"not_picked":["PiercingWail","Predator"],"picked":"Sucker Punch","floor":2.0},{"not_picked":["Riddle With Holes","Heel Hook"],"picked":"Footwork","floor":4.0},{"not_picked":["Distraction","Blade Dance"],"picked":"Quick Slash","floor":6.0},{"not_picked":["Distraction","Backflip"],"picked":"Heel Hook","floor":10.0},{"not_picked":["Blade Dance","Crippling Poison"],"picked":"PiercingWail","floor":12.0},{"not_picked":["Dagger Spray","Acrobatics"],"picked":"Flying Knee","floor":14.0},{"not_picked":["Phantasmal Killer","A Thousand Cuts"],"picked":"After Image","floor":16.0},{"not_picked":["Accuracy","Quick Slash"],"picked":"Escape Plan+1","floor":18},{"not_picked":["Deadly Poison","Quick Slash"],"picked":"Slice","floor":19},{"not_picked":["Quick Slash","Dodge and Roll"],"picked":"Backflip","floor":23},{"not_picked":["Venomology","Underhanded Strike"],"picked":"Cloak And Dagger","floor":24},{"not_picked":["Finisher+1","Flying Knee","Masterful Stab+1"],"picked":"SKIP","floor":25},{"not_picked":["Acrobatics+1","Predator+1"],"picked":"Outmaneuver+1","floor":27},{"not_picked":["Bouncing Flask+1","Slice"],"picked":"Masterful Stab","floor":31},{"not_picked":["Storm of Steel+1","Wraith Form v2"],"picked":"Burst+1","floor":33},{"not_picked":["Backstab+1","Predator"],"picked":"Quick Slash","floor":35},{"not_picked":["Distraction+1","Slice"],"picked":"Backflip+1","floor":36},{"not_picked":["Dodge and Roll+1","Dagger Throw+1"],"picked":"Prepared+1","floor":37},{"not_picked":["Bane+1","Slice+1"],"picked":"Skewer","floor":39},{"not_picked":["Finisher+1","Poisoned Stab+1"],"picked":"Dash+1","floor":40},{"not_picked":["Cloak And Dagger+1","Eviscerate"],"picked":"After Image","floor":41},{"not_picked":["Masterful Stab","Endless Agony"],"picked":"Caltrops","floor":44},{"not_picked":["PiercingWail+1","Cloak And Dagger+1"],"picked":"Dagger Throw+1","floor":47},{"not_picked":["Bane","Backstab+1"],"picked":"Endless Agony+1","floor":48},{"not_picked":["Skewer","Well Laid Plans"],"picked":"Blade Dance+1","floor":54}],"player_experience":105463,"relics_obtained":[{"floor":6.0,"key":"Torii"},{"floor":9.0,"key":"Letter Opener"},{"floor":10.0,"key":"Pantograph"},{"floor":24,"key":"Ancient Tea Set"},{"floor":24,"key":"Ice Cream"},{"floor":26,"key":"Toxic Egg 2"},{"floor":31,"key":"Bird Faced Urn"},{"floor":31,"key":"Ninja Scroll"},{"floor":37,"key":"StoneCalendar"},{"floor":44,"key":"Whetstone"},{"floor":44,"key":"Gambling Chip"},{"floor":48,"key":"Old Coin"},{"floor":48,"key":"Pocketwatch"},{"floor":54,"key":"Pear"},{"floor":54,"key":"Pen Nib"}],"event_choices":[{"damage_healed":0.0,"max_hp_gain":0.0,"max_hp_loss":0.0,"gold_gain":0.0,"event_name":"Scrap Ooze","player_choice":"Success","floor":3.0,"gold_loss":0.0,"damage_taken":12.0,"relics_obtained":["Sundial"]},{"cards_removed":["Strike_G"],"damage_healed":0.0,"max_hp_gain":0.0,"max_hp_loss":0.0,"gold_gain":0.0,"event_name":"Purifier","player_choice":"Purged","floor":8.0,"gold_loss":0.0,"damage_taken":0.0},{"damage_healed":0,"gold_gain":0,"player_choice":"Opened","damage_taken":0,"relics_obtained":["Bag of Preparation"],"max_hp_gain":0,"max_hp_loss":0,"event_name":"The Mausoleum","floor":21,"gold_loss":0},{"cards_removed":["Strike_G"],"damage_healed":0,"gold_gain":0,"player_choice":"Purged","damage_taken":0,"max_hp_gain":0,"max_hp_loss":0,"event_name":"Purifier","floor":22,"gold_loss":0},{"damage_healed":0,"gold_gain":0,"player_choice":"Gave Potion","damage_taken":0,"relics_obtained":["Peace Pipe"],"max_hp_gain":0,"max_hp_loss":0,"event_name":"WeMeetAgain","floor":29,"gold_loss":0},{"damage_healed":0,"gold_gain":0,"player_choice":"Fight","damage_taken":0,"max_hp_gain":0,"max_hp_loss":0,"event_name":"MindBloom","floor":37,"gold_loss":0},{"damage_healed":0,"gold_gain":0,"player_choice":"1 cards matched","damage_taken":0,"max_hp_gain":0,"max_hp_loss":0,"event_name":"Match and Keep!","floor":38,"gold_loss":0,"cards_obtained":["Reflex"]}],"is_beta":false,"boss_relics":[{"not_picked":["Empty Cage","Ectoplasm"],"picked":"Black Star"},{"not_picked":["Philosopher\u0027s Stone","Snecko Eye"],"picked":"Pandora\u0027s Box"}],"items_purged_floors":[30,46],"is_endless":false,"potions_floor_spawned":[1,2,12,18,23,25,27,35,37,40,44,47],"killed_by":"The Heart","ascension_level":0}