{"gold_per_floor":[15,290,304,316,334,334,366,366,391,404,116,131,10,27,27,123,123,136,136,136,149,166,166,180,180],"floor_reached":25,"playtime":1934,"items_purged":["Regret"],"score":207,"play_id":"0a2a2823-add3-4db7-8fd6-0a264fbd6aea","local_time":"20190703170102","is_ascension_mode":false,"campfire_choices":[{"data":"Caltrops","floor":6,"key":"SMITH"},{"floor":8,"key":"REST"},{"floor":15,"key":"REST"},{"floor":23,"key":"REST"}],"neow_cost":"NO_GOLD","seed_source_timestamp":243129144535362,"circlet_count":0,"master_deck":["Strike_G+1","Strike_G+1","Strike_G+1","Strike_G+1","Defend_G+1","Defend_G+1","Defend_G+1","Defend_G+1","Survivor","Neutralize","Madness","Purity","Caltrops+1","Deflect","Flying Knee","Poisoned Stab","Backflip","Dagger Spray","Blade Dance","Flash of Steel","Backflip","Dagger Throw","Dodge and Roll","Dagger Spray","Burst","Finisher","Night Terror","Noxious Fumes","Prepared+1","Dodge and Roll+1","Backflip","Blade Dance"],"relics":["Ring of the Snake","Boot","Dream Catcher","Orichalcum","WristBlade"],"potions_floor_usage":[7,10,16,21,21,22],"damage_taken":[{"damage":0,"enemies":"Jaw Worm","floor":1,"turns":9},{"damage":3,"enemies":"Cultist","floor":3,"turns":5},{"damage":3,"enemies":"Small Slimes","floor":4,"turns":4},{"damage":8,"enemies":"2 Fungi Beasts","floor":5,"turns":4},{"damage":35,"enemies":"Lagavulin","floor":7,"turns":9},{"damage":15,"enemies":"Lots of Slimes","floor":10,"turns":3},{"damage":13,"enemies":"Large Slime","floor":12,"turns":5},{"damage":6,"enemies":"Looter","floor":14,"turns":3},{"damage":12,"enemies":"Hexaghost","floor":16,"turns":9},{"damage":43,"enemies":"Chosen","floor":18,"turns":7},{"damage":12,"enemies":"Spheric Guardian","floor":21,"turns":5},{"damage":4,"enemies":"Snake Plant","floor":22,"turns":4},{"damage":22,"enemies":"Chosen and Byrds","floor":24,"turns":7},{"damage":13,"enemies":"Gremlin Leader","floor":25,"turns":1}],"seed_played":"5427095673005709531","potions_obtained":[{"floor":1,"key":"SkillPotion"},{"floor":3,"key":"LiquidBronze"},{"floor":4,"key":"SteroidPotion"},{"floor":10,"key":"SteroidPotion"},{"floor":14,"key":"Poison Potion"},{"floor":18,"key":"FearPotion"}],"is_trial":false,"path_per_floor":["M","?","M","M","M","R","E","R","T","M","$","M","$","M","R","B",null,"M","?","?","M","M","R","M","E"],"character_chosen":"THE_SILENT","items_purchased":["Blade Dance","Flash of Steel","Orichalcum","Dagger Throw"],"campfire_rested":3,"item_purchase_floors":[11,11,11,13],"current_hp_per_floor":[70,70,67,64,56,56,21,42,42,27,27,14,14,8,29,17,70,27,27,27,15,11,32,10,0],"gold":180,"neow_bonus":"RANDOM_COLORLESS_2","is_prod":false,"is_daily":false,"chose_seed":false,"campfire_upgraded":1,"win_rate":0.0,"timestamp":1562184062,"path_taken":["M","?","?","M","M","R","E","R","T","M","$","M","$","M","R","BOSS","M","?","?","M","M","R","M","E"],"build_version":"2019-07-01","purchased_purges":1,"victory":false,"max_hp_per_floor":[70,70,70,70,70,70,70,70,70,70,70,70,70,70,70,70,70,70,70,70,70,70,70,70,70],"card_choices":[{"not_picked":["Flying Knee","Flechettes"],"picked":"Caltrops","floor":1},{"not_picked":["Eviscerate","Acrobatics"],"picked":"Deflect","floor":3},{"not_picked":["Expertise","Leg Sweep"],"picked":"Flying Knee","floor":4},{"not_picked":["Sucker Punch","Slice"],"picked":"Poisoned Stab","floor":5},{"not_picked":["Leg Sweep","Choke"],"picked":"Backflip","floor":7},{"not_picked":["Night Terror","PiercingWail"],"picked":"Dagger Spray","floor":10},{"not_picked":["Deflect","Underhanded Strike"],"picked":"Backflip","floor":12},{"not_picked":["Terror","Dagger Spray"],"picked":"Dodge and Roll","floor":14},{"not_picked":["Skewer","Backflip"],"picked":"Dagger Spray","floor":15},{"not_picked":["Die Die Die","Adrenaline"],"picked":"Burst","floor":16},{"not_picked":["Blur+1","Backflip"],"picked":"Finisher","floor":18},{"not_picked":["Deadly Poison","Masterful Stab"],"picked":"Prepared+1","floor":21},{"not_picked":["Heel Hook","Finisher"],"picked":"Dodge and Roll+1","floor":22},{"not_picked":["Flying Knee","Escape Plan"],"picked":"Backflip","floor":23},{"not_picked":["Caltrops","Dagger Throw"],"picked":"Blade Dance","floor":24}],"player_experience":31144,"relics_obtained":[{"floor":7,"key":"Boot"},{"floor":9,"key":"Dream Catcher"}],"event_choices":[{"damage_healed":0,"gold_gain":275,"player_choice":"Desecrate","damage_taken":0,"max_hp_gain":0,"max_hp_loss":0,"event_name":"Golden Shrine","floor":2,"gold_loss":0,"cards_obtained":["Regret"]},{"damage_healed":0,"gold_gain":0,"player_choice":"Simplicity","damage_taken":0,"max_hp_gain":0,"max_hp_loss":0,"event_name":"Back to Basics","floor":19,"gold_loss":0,"cards_upgraded":["Strike_G","Strike_G","Strike_G","Strike_G","Strike_G","Defend_G","Defend_G","Defend_G","Defend_G","Defend_G"]},{"damage_healed":0,"gold_gain":0,"cards_transformed":["Defend_G","Strike_G"],"player_choice":"Became Test Subject","damage_taken":0,"max_hp_gain":0,"max_hp_loss":0,"event_name":"Drug Dealer","floor":20,"gold_loss":0,"cards_obtained":["Night Terror","Noxious Fumes"]}],"is_beta":false,"boss_relics":[{"not_picked":["Lizard Tail","Busted Crown"],"picked":"WristBlade"}],"items_purged_floors":[13],"is_endless":false,"potions_floor_spawned":[1,3,4,10,14,18],"killed_by":"Gremlin Leader","ascension_level":0}