{"gold_per_floor":[113,113,38,38,48,73,73,73,97,97,117,117,135,156,156,252,252,265,265,286,309,39,39,58,58,58,333,62,93,111,147,147,241,241,256,589,602,615,218,218,251,251,251,270,120,130,141,151,151,151],"floor_reached":51,"playtime":3266,"items_purged":["Strike_R","Regret","Strike_R","Strike_R"],"score":1455,"play_id":"75509b3b-ef28-4029-aa98-e1dd10299434","local_time":"20190708052831","is_ascension_mode":true,"campfire_choices":[{"floor":7,"key":"REST"},{"floor":12,"key":"REST"},{"floor":15,"key":"REST"},{"floor":23,"key":"REST"},{"floor":25,"key":"REST"},{"data":"Bludgeon","floor":32,"key":"SMITH"},{"data":"Dual Wield","floor":40,"key":"SMITH"},{"data":"Double Tap","floor":42,"key":"SMITH"},{"floor":49,"key":"REST"}],"neow_cost":"NONE","seed_source_timestamp":272985088086701,"circlet_count":0,"master_deck":["AscendersBane","Strike_R","Strike_R+1","Defend_R","Defend_R","Defend_R+1","Defend_R+1","Bash","Flame Barrier","Clothesline+1","Bludgeon+1","Heavy Blade","Dual Wield+1","Uppercut","Berserk","Double Tap+1","Armaments+1"],"relics":["Snecko Eye","War Paint","Bag of Preparation","Bag of Marbles","Philosopher\u0027s Stone","Regal Pillow","Gremlin Horn","Mummified Hand","Vajra","Bird Faced Urn","Pantograph","Busted Crown","Kunai","Singing Bowl","Blue Candle"],"potions_floor_usage":[6,29,29,31,33,33,48,50,50],"damage_taken":[{"damage":7,"enemies":"Small Slimes","floor":1,"turns":4},{"damage":0,"enemies":"Cultist","floor":5,"turns":2},{"damage":17,"enemies":"3 Sentries","floor":6,"turns":13},{"damage":0,"enemies":"Jaw Worm","floor":11,"turns":3},{"damage":12,"enemies":"Large Slime","floor":13,"turns":5},{"damage":0,"enemies":"Exordium Wildlife","floor":14,"turns":2},{"damage":7,"enemies":"The Guardian","floor":16,"turns":13},{"damage":8,"enemies":"2 Thieves","floor":18,"turns":4},{"damage":0,"enemies":"Spheric Guardian","floor":20,"turns":2},{"damage":43,"enemies":"3 Cultists","floor":21,"turns":5},{"damage":14,"enemies":"Cultist and Chosen","floor":24,"turns":4},{"damage":11,"enemies":"Book of Stabbing","floor":29,"turns":3},{"damage":0,"enemies":"Chosen and Byrds","floor":30,"turns":3},{"damage":5,"enemies":"Gremlin Leader","floor":31,"turns":4},{"damage":16,"enemies":"Automaton","floor":33,"turns":6},{"damage":0,"enemies":"Orb Walker","floor":35,"turns":1},{"damage":5,"enemies":"3 Shapes","floor":37,"turns":3},{"damage":0,"enemies":"Writhing Mass","floor":38,"turns":2},{"damage":11,"enemies":"Reptomancer","floor":41,"turns":2},{"damage":8,"enemies":"Maw","floor":44,"turns":4},{"damage":7,"enemies":"3 Darklings","floor":46,"turns":3},{"damage":0,"enemies":"Writhing Mass","floor":47,"turns":1},{"damage":0,"enemies":"4 Shapes","floor":48,"turns":1},{"damage":54,"enemies":"Awakened One","floor":50,"turns":10}],"seed_played":"6798040285017867129","potions_obtained":[{"floor":1,"key":"SkillPotion"},{"floor":5,"key":"EssenceOfSteel"},{"floor":13,"key":"Dexterity Potion"},{"floor":21,"key":"Energy Potion"},{"floor":30,"key":"EntropicBrew"},{"floor":35,"key":"SkillPotion"},{"floor":46,"key":"GamblersBrew"},{"floor":48,"key":"Block Potion"}],"is_trial":false,"path_per_floor":["M","?","$","?","M","E","R","?","T","?","M","R","M","M","R","B",null,"M","?","M","M","$","R","M","R","T","?","$","E","M","E","R","B",null,"M","?","M","M","$","R","E","R","T","M","$","M","M","M","R","B",null],"character_chosen":"IRONCLAD","items_purchased":["Gremlin Horn","Vajra","Kunai"],"campfire_rested":6,"item_purchase_floors":[22,28,39],"current_hp_per_floor":[61,75,75,49,49,32,54,31,31,31,31,51,39,39,59,52,64,56,56,56,13,13,48,34,68,68,68,68,57,57,52,52,52,64,64,64,59,59,59,59,50,50,50,46,46,43,45,47,78,26],"gold":151,"neow_bonus":"BOSS_RELIC","is_prod":false,"is_daily":false,"chose_seed":false,"campfire_upgraded":3,"win_rate":0,"timestamp":1562578111,"path_taken":["M","?","?","?","M","E","R","?","T","?","M","R","?","M","R","BOSS","M","?","M","M","?","R","M","R","T","?","$","E","M","E","R","BOSS","M","?","M","M","?","R","E","R","T","?","$","M","M","M","R","BOSS"],"build_version":"2019-07-03","purchased_purges":4,"victory":true,"max_hp_per_floor":[75,75,75,75,75,75,75,75,75,68,68,68,68,68,68,68,68,68,68,68,68,68,68,68,68,68,68,68,68,68,68,68,68,68,68,68,68,68,68,68,70,70,70,72,72,74,76,78,78,78],"card_choices":[{"not_picked":["Spot Weakness","Evolve"],"picked":"Flame Barrier","floor":1},{"not_picked":["Second Wind","Pommel Strike","Shrug It Off"],"picked":"SKIP","floor":5},{"not_picked":["Metallicize","Seeing Red"],"picked":"Clothesline","floor":6},{"not_picked":["Twin Strike","Dropkick","Havoc"],"picked":"SKIP","floor":11},{"not_picked":["Twin Strike","Dropkick","Havoc"],"picked":"SKIP","floor":11},{"not_picked":["Twin Strike","Heavy Blade","Thunderclap"],"picked":"SKIP","floor":13},{"not_picked":["Cleave","Wild Strike","Second Wind"],"picked":"SKIP","floor":14},{"not_picked":["Limit Break","Fiend Fire"],"picked":"Bludgeon","floor":16},{"not_picked":["Infernal Blade","Clash","Iron Wave"],"picked":"SKIP","floor":18},{"not_picked":["Clash","Thunderclap","Shrug It Off"],"picked":"SKIP","floor":20},{"not_picked":["Pommel Strike","Body Slam","Double Tap"],"picked":"SKIP","floor":21},{"not_picked":["Cleave","Searing Blow"],"picked":"Heavy Blade","floor":24},{"not_picked":["Rampage","Dropkick"],"picked":"Dual Wield","floor":29},{"not_picked":["Hemokinesis","Flex"],"picked":"Uppercut","floor":30},{"not_picked":["Pommel Strike","Heavy Blade"],"picked":"Berserk","floor":31},{"not_picked":["Limit Break","Exhume"],"picked":"Double Tap","floor":33},{"not_picked":["Sword Boomerang"],"picked":"SKIP","floor":35},{"not_picked":["Headbutt"],"picked":"SKIP","floor":37},{"not_picked":[],"picked":"Armaments+1","floor":38},{"not_picked":["Iron Wave+1"],"picked":"Singing Bowl","floor":41},{"not_picked":["Sword Boomerang"],"picked":"Singing Bowl","floor":44},{"not_picked":["Wild Strike"],"picked":"Singing Bowl","floor":46},{"not_picked":["Pummel+1"],"picked":"Singing Bowl","floor":47},{"not_picked":["Warcry"],"picked":"Singing Bowl","floor":48}],"player_experience":692030,"relics_obtained":[{"floor":6,"key":"Bag of Preparation"},{"floor":9,"key":"Bag of Marbles"},{"floor":26,"key":"Mummified Hand"},{"floor":29,"key":"Bird Faced Urn"},{"floor":31,"key":"Pantograph"},{"floor":41,"key":"Singing Bowl"},{"floor":43,"key":"Blue Candle"}],"event_choices":[{"damage_healed":14,"gold_gain":0,"player_choice":"Full Heal","damage_taken":0,"max_hp_gain":0,"max_hp_loss":0,"event_name":"Wheel of Change","floor":2,"gold_loss":0},{"damage_healed":0,"gold_gain":0,"player_choice":"Success","damage_taken":26,"relics_obtained":["War Paint"],"max_hp_gain":0,"max_hp_loss":0,"event_name":"Scrap Ooze","floor":4,"gold_loss":0},{"damage_healed":0,"gold_gain":0,"player_choice":"Entered Light","damage_taken":23,"max_hp_gain":0,"max_hp_loss":0,"event_name":"Shining Light","floor":8,"gold_loss":0,"cards_upgraded":["Strike_R","Clothesline"]},{"damage_healed":0,"gold_gain":0,"player_choice":"Lose Max HP","damage_taken":0,"relics_obtained":["Golden Idol"],"max_hp_gain":0,"max_hp_loss":7,"event_name":"Golden Idol","floor":10,"gold_loss":0},{"damage_healed":0,"gold_gain":0,"player_choice":"Gave Potion","damage_taken":0,"relics_obtained":["Regal Pillow"],"max_hp_gain":0,"max_hp_loss":0,"event_name":"WeMeetAgain","floor":19,"gold_loss":0},{"damage_healed":0,"gold_gain":275,"player_choice":"Desecrate","damage_taken":0,"max_hp_gain":0,"max_hp_loss":0,"event_name":"Golden Shrine","floor":27,"gold_loss":0,"cards_obtained":["Regret"]},{"damage_healed":0,"gold_gain":333,"player_choice":"Gave Idol","damage_taken":0,"max_hp_gain":0,"max_hp_loss":0,"event_name":"The Moai Head","floor":36,"relics_lost":["Golden Idol"],"gold_loss":0}],"is_beta":true,"boss_relics":[{"not_picked":["Runic Dome","Fusion Hammer"],"picked":"Philosopher\u0027s Stone"},{"not_picked":["Calling Bell","Black Star"],"picked":"Busted Crown"}],"items_purged_floors":[3,28,39,45],"is_endless":false,"potions_floor_spawned":[1,5,13,16,21,30,31,35,46,48],"ascension_level":19}