{"gold_per_floor":[115,125,50,50,67,100,100,132,132,132,147,147,176,11,11,85,85,95,95,95,109,109,109,123,123,123,123,123,123,23,43,43,43],"floor_reached":33,"playtime":1667,"items_purged":["Strike_B","Barrage"],"score":483,"play_id":"b1be6985-5d6b-4db9-a9e0-5c90bab6509a","local_time":"20190527005437","is_ascension_mode":true,"campfire_choices":[{"data":"Dualcast","floor":7,"key":"SMITH"},{"data":"Zap","floor":10,"key":"SMITH"},{"floor":15,"key":"REST"},{"floor":23,"key":"REST"},{"data":"Defragment","floor":25,"key":"SMITH"},{"floor":29,"key":"REST"},{"data":"Static Discharge","floor":32,"key":"SMITH"}],"neow_cost":"NONE","seed_source_timestamp":30731251811948,"circlet_count":0,"master_deck":["AscendersBane","Defend_B","Defend_B","Defend_B","Zap+1","Dualcast+1","Self Repair","Leap","Compile Driver","Beam Cell","Ball Lightning","Rebound","Defragment+1","Machine Learning","Streamline+1","Streamline+1","Consume","Static Discharge+1"],"relics":["Cracked Core","NeowsBlessing","Centennial Puzzle","Incense Burner","Singing Bowl","Bag of Marbles","Happy Flower","Astrolabe","Bottled Tornado","Cables"],"potions_floor_usage":[6,8,13,16,16,28,28],"damage_taken":[{"damage":0,"enemies":"2 Louse","floor":1,"turns":1},{"damage":0,"enemies":"Cultist","floor":2,"turns":1},{"damage":0,"enemies":"Jaw Worm","floor":5,"turns":1},{"damage":29,"enemies":"Gremlin Nob","floor":6,"turns":4},{"damage":23,"enemies":"3 Sentries","floor":8,"turns":9},{"damage":11,"enemies":"Large Slime","floor":11,"turns":4},{"damage":25,"enemies":"Lagavulin","floor":13,"turns":5},{"damage":31,"enemies":"Slime Boss","floor":16,"turns":10},{"damage":24,"enemies":"2 Thieves","floor":18,"turns":3},{"damage":16,"enemies":"3 Byrds","floor":21,"turns":4},{"damage":6,"enemies":"Snecko","floor":24,"turns":4},{"damage":27,"enemies":"Colosseum Slavers","floor":28,"turns":3},{"damage":18,"enemies":"Centurion and Healer","floor":31,"turns":4},{"damage":81,"enemies":"Automaton","floor":33,"turns":6}],"seed_played":"-3893857603817959992","potions_obtained":[{"floor":4,"key":"AttackPotion"},{"floor":4,"key":"Fire Potion"},{"floor":5,"key":"SpeedPotion"},{"floor":6,"key":"FocusPotion"},{"floor":11,"key":"Strength Potion"},{"floor":13,"key":"Regen Potion"},{"floor":21,"key":"LiquidBronze"},{"floor":24,"key":"Regen Potion"}],"is_trial":false,"path_per_floor":["M","M","$","?","M","E","R","E","T","R","M","?","E","$","R","B",null,"M","?","?","M","?","R","M","R","T","T","?","R","$","M","R","B"],"character_chosen":"DEFECT","items_purchased":["Happy Flower"],"campfire_rested":3,"item_purchase_floors":[14],"current_hp_per_floor":[64,64,64,64,71,49,49,33,33,33,29,29,11,11,32,23,59,42,42,22,15,6,29,32,32,32,32,24,48,48,37,37,0],"gold":43,"neow_bonus":"THREE_ENEMY_KILL","is_prod":false,"is_daily":false,"chose_seed":false,"campfire_upgraded":4,"win_rate":0,"timestamp":1558932877,"path_taken":["M","M","$","?","?","E","R","E","T","R","?","?","E","$","R","BOSS","M","?","?","M","?","R","M","R","T","?","?","R","$","M","R","BOSS"],"build_version":"2019-05-24v2","purchased_purges":2,"victory":false,"max_hp_per_floor":[71,71,71,71,71,71,71,71,71,71,71,71,71,71,71,71,71,71,71,76,78,78,78,80,80,80,80,80,80,80,80,80,80],"card_choices":[{"not_picked":["Coolheaded","Reprogram"],"picked":"Self Repair","floor":1},{"not_picked":["Consume","Coolheaded"],"picked":"Leap","floor":2},{"not_picked":["Aggregate","Stack"],"picked":"Compile Driver","floor":5},{"not_picked":["Buffer","Doom and Gloom"],"picked":"Beam Cell","floor":6},{"not_picked":["Beam Cell","Gash"],"picked":"Ball Lightning","floor":8},{"not_picked":["Gash","Undo"],"picked":"Rebound","floor":11},{"not_picked":["Self Repair","Conserve Battery"],"picked":"Defragment","floor":13},{"not_picked":["Creative AI","Buffer"],"picked":"Machine Learning","floor":16},{"not_picked":["Consume","Reprogram"],"picked":"Streamline+1","floor":18},{"not_picked":["Turbo","Go for the Eyes","Rebound"],"picked":"Singing Bowl","floor":21},{"not_picked":["Melter","Scrape","Stack"],"picked":"Singing Bowl","floor":24},{"not_picked":["Rip and Tear","Barrage+1"],"picked":"Static Discharge","floor":31}],"player_experience":608086,"relics_obtained":[{"floor":6,"key":"Centennial Puzzle"},{"floor":8,"key":"Incense Burner"},{"floor":9,"key":"Singing Bowl"},{"floor":13,"key":"Bag of Marbles"},{"floor":26,"key":"Bottled Tornado"},{"floor":27,"key":"Cables"}],"event_choices":[{"damage_healed":0,"gold_gain":0,"player_choice":"Got Potions","damage_taken":0,"max_hp_gain":0,"max_hp_loss":0,"event_name":"Lab","floor":4,"gold_loss":0},{"cards_removed":["Strike_B"],"damage_healed":0,"gold_gain":0,"player_choice":"Offered Basic","damage_taken":0,"max_hp_gain":0,"max_hp_loss":0,"event_name":"Bonfire Elementals","floor":12,"gold_loss":0},{"damage_healed":0,"gold_gain":0,"cards_transformed":["Scrape","Blizzard"],"player_choice":"Became Test Subject","damage_taken":0,"max_hp_gain":0,"max_hp_loss":0,"event_name":"Drug Dealer","floor":19,"gold_loss":0,"cards_obtained":["Barrage","Consume"]},{"damage_healed":0,"gold_gain":0,"player_choice":"Shed Blood","damage_taken":25,"max_hp_gain":5,"max_hp_loss":0,"event_name":"Forgotten Altar","floor":20,"gold_loss":0},{"damage_healed":0,"gold_gain":0,"player_choice":"Stopped","damage_taken":9,"max_hp_gain":0,"max_hp_loss":0,"event_name":"Cursed Tome","floor":22,"gold_loss":0},{"damage_healed":0,"gold_gain":0,"player_choice":"Fight","damage_taken":0,"max_hp_gain":0,"max_hp_loss":0,"event_name":"Colosseum","floor":28,"gold_loss":0},{"damage_healed":0,"gold_gain":0,"player_choice":"Fled From Nobs","damage_taken":0,"max_hp_gain":0,"max_hp_loss":0,"event_name":"Colosseum","floor":28,"gold_loss":0}],"is_beta":true,"boss_relics":[{"not_picked":["Cursed Key","Fusion Hammer"],"picked":"Astrolabe"}],"items_purged_floors":[3,30],"is_endless":false,"potions_floor_spawned":[5,6,11,13,21,24],"killed_by":"Automaton","ascension_level":17}