{"gold_per_floor":[110,124,124,52,65,65,106,106,106,281,9,28,69,90,90,219,219,219,219,219,20,20,20,20,20,20,20,20,0,0,0,0,0,0,0,0,0,0,0,0,0,0,0,0,0,0,0,0,0,0],"floor_reached":50,"playtime":1842,"items_purged":["Doubt"],"score":776,"play_id":"5fbedbc8-5dec-4c22-be62-dc958373ec4e","local_time":"20190709173656","is_ascension_mode":true,"campfire_choices":[{"data":"Flame Barrier","floor":6,"key":"SMITH"},{"data":"Barricade","floor":8,"key":"SMITH"},{"data":"Double Tap","floor":15,"key":"SMITH"},{"data":"Flame Barrier","floor":23,"key":"SMITH"},{"data":"Ghostly Armor","floor":25,"key":"SMITH"},{"data":"Impervious","floor":27,"key":"SMITH"},{"data":"Body Slam","floor":32,"key":"SMITH"},{"floor":41,"key":"REST"},{"data":"Demon Form","floor":45,"key":"SMITH"},{"data":"True Grit","floor":49,"key":"SMITH"}],"neow_cost":"NONE","seed_source_timestamp":946741784753600,"circlet_count":0,"master_deck":["Strike_R","Strike_R","Defend_R","Defend_R","Defend_R","Defend_R","Bash","Headbutt","Whirlwind","Flame Barrier+1","Flex","Barricade+1","True Grit+1","Seeing Red","Double Tap+1","Thunderclap","Impervious+1","Fire Breathing","Ghostly Armor+1","Flame Barrier+1","Ghostly Armor+1","Body Slam+1","Body Slam","Demon Form+1","Battle Trance","Whirlwind+1","Combust+1","Combust+1","True Grit+1","Headbutt+1","Bloodletting+1"],"relics":["Burning Blood","Red Skull","Bloody Idol","Dodecahedron","Anchor","Happy Flower","Vajra","Ectoplasm","HandDrill","Boot","Mercury Hourglass","Pear","Velvet Choker","Bird Faced Urn","Regal Pillow","Lantern","Molten Egg 2"],"potions_floor_usage":[7,7,16,16,28,30,33,40,47,50],"damage_taken":[{"damage":7,"enemies":"Small Slimes","floor":1,"turns":4},{"damage":3,"enemies":"Jaw Worm","floor":2,"turns":5},{"damage":8,"enemies":"Cultist","floor":5,"turns":5},{"damage":22,"enemies":"Gremlin Nob","floor":7,"turns":4},{"damage":4,"enemies":"Looter","floor":12,"turns":4},{"damage":24,"enemies":"Lagavulin","floor":13,"turns":6},{"damage":6,"enemies":"Blue Slaver","floor":14,"turns":3},{"damage":0,"enemies":"Slime Boss","floor":16,"turns":5},{"damage":0,"enemies":"3 Byrds","floor":18,"turns":3},{"damage":37,"enemies":"Slavers","floor":28,"turns":6},{"damage":0,"enemies":"2 Thieves","floor":29,"turns":4},{"damage":8,"enemies":"Book of Stabbing","floor":30,"turns":8},{"damage":1,"enemies":"Sentry and Sphere","floor":31,"turns":6},{"damage":19,"enemies":"Collector","floor":33,"turns":8},{"damage":40,"enemies":"3 Darklings","floor":35,"turns":5},{"damage":1,"enemies":"3 Shapes","floor":37,"turns":3},{"damage":7,"enemies":"Transient","floor":38,"turns":5},{"damage":5,"enemies":"2 Orb Walkers","floor":39,"turns":3},{"damage":30,"enemies":"Nemesis","floor":40,"turns":5},{"damage":6,"enemies":"Jaw Worm Horde","floor":46,"turns":5},{"damage":12,"enemies":"Reptomancer","floor":47,"turns":6},{"damage":0,"enemies":"4 Shapes","floor":48,"turns":2},{"damage":84,"enemies":"Awakened One","floor":50,"turns":7}],"seed_played":"-2816544898168135716","potions_obtained":[{"floor":1,"key":"LiquidBronze"},{"floor":2,"key":"SteroidPotion"},{"floor":13,"key":"LiquidBronze"},{"floor":14,"key":"AttackPotion"},{"floor":18,"key":"PowerPotion"},{"floor":28,"key":"Weak Potion"},{"floor":30,"key":"Poison Potion"},{"floor":38,"key":"FearPotion"},{"floor":40,"key":"FearPotion"},{"floor":46,"key":"GamblersBrew"}],"is_trial":false,"path_per_floor":["M","M","?","$","M","R","E","R","T","?","$","M","E","M","R","B",null,"M","?","?","$","?","R","$","R","T","R","E","M","E","M","R","B",null,"M","?","M","M","?","E","R","$","T","$","R","M","E","M","R","B"],"character_chosen":"IRONCLAD","items_purchased":["Flame Barrier","Happy Flower","True Grit","HandDrill"],"campfire_rested":1,"item_purchase_floors":[4,11,11,21],"current_hp_per_floor":[79,80,74,74,72,72,56,56,56,56,56,58,40,40,40,46,67,73,73,73,73,73,73,73,73,73,73,42,48,56,61,61,48,75,41,41,46,45,46,28,68,68,68,68,68,72,70,76,76,0],"gold":0,"neow_bonus":"RANDOM_COMMON_RELIC","is_prod":false,"is_daily":false,"chose_seed":false,"campfire_upgraded":9,"win_rate":0,"timestamp":1562708216,"path_taken":["M","M","?","$","M","R","E","R","T","?","?","M","E","M","R","BOSS","M","?","?","$","?","R","$","R","T","R","E","M","E","M","R","BOSS","M","?","?","M","?","E","R","?","T","$","R","M","E","M","R","BOSS"],"build_version":"2019-01-23","purchased_purges":1,"victory":false,"max_hp_per_floor":[80,80,74,74,74,74,74,74,74,74,74,74,74,74,74,74,74,74,74,74,74,74,74,74,74,74,74,74,74,84,84,84,84,84,84,84,84,84,84,84,84,84,84,84,84,84,84,84,84,84],"card_choices":[{"not_picked":["Combust","Clothesline"],"picked":"Headbutt","floor":1},{"not_picked":["Rampage","Sword Boomerang"],"picked":"Whirlwind","floor":2},{"not_picked":["Sentinel","Body Slam"],"picked":"Flex","floor":5},{"not_picked":["Warcry","Pummel"],"picked":"Barricade","floor":7},{"not_picked":["Heavy Blade","Inflame"],"picked":"Seeing Red","floor":12},{"not_picked":["Impervious","Barricade"],"picked":"Double Tap","floor":13},{"not_picked":["Warcry","Clothesline"],"picked":"Thunderclap","floor":14},{"not_picked":["Limit Break","Double Tap"],"picked":"Impervious","floor":16},{"not_picked":["Blood for Blood","Wild Strike","Pommel Strike+1"],"picked":"SKIP","floor":18},{"not_picked":["Burning Pact","Headbutt","Sword Boomerang"],"picked":"SKIP","floor":28},{"not_picked":["Wild Strike+1","Clash+1"],"picked":"Ghostly Armor+1","floor":29},{"not_picked":["Reckless Charge+1","Clothesline"],"picked":"Body Slam","floor":30},{"not_picked":["Headbutt+1","Fire Breathing"],"picked":"Body Slam","floor":31},{"not_picked":["Dark Embrace","Barricade"],"picked":"Demon Form","floor":33},{"not_picked":["True Grit+1","Sword Boomerang"],"picked":"Battle Trance","floor":35},{"not_picked":["Thunderclap","Sword Boomerang+1"],"picked":"Whirlwind+1","floor":37},{"not_picked":["Fire Breathing+1","Wild Strike"],"picked":"Combust+1","floor":38},{"not_picked":["Twin Strike","Seeing Red+1"],"picked":"Combust+1","floor":39},{"not_picked":["Perfected Strike","Berserk"],"picked":"True Grit+1","floor":40},{"not_picked":["Whirlwind+1","Disarm"],"picked":"Headbutt+1","floor":46},{"not_picked":["Infernal Blade","Flame Barrier"],"picked":"Bloodletting+1","floor":47},{"not_picked":["Pummel+1","Twin Strike+1","Headbutt+1"],"picked":"SKIP","floor":48}],"player_experience":199267,"relics_obtained":[{"floor":7,"key":"Dodecahedron"},{"floor":9,"key":"Anchor"},{"floor":13,"key":"Vajra"},{"floor":26,"key":"Boot"},{"floor":28,"key":"Mercury Hourglass"},{"floor":30,"key":"Pear"},{"floor":39,"key":"Bird Faced Urn"},{"floor":40,"key":"Regal Pillow"},{"floor":43,"key":"Lantern"},{"floor":47,"key":"Molten Egg 2"}],"event_choices":[{"damage_healed":0,"gold_gain":0,"player_choice":"Lose Max HP","damage_taken":0,"relics_obtained":["Golden Idol"],"max_hp_gain":0,"max_hp_loss":6,"event_name":"Golden Idol","floor":3,"gold_loss":0},{"damage_healed":0,"gold_gain":175,"player_choice":"AGREE","damage_taken":0,"max_hp_gain":0,"max_hp_loss":0,"event_name":"Liars Game","floor":10,"gold_loss":0,"cards_obtained":["Doubt"]},{"damage_healed":0,"gold_gain":0,"cards_transformed":["Strike_R","Strike_R"],"player_choice":"Became Test Subject","damage_taken":0,"max_hp_gain":0,"max_hp_loss":0,"event_name":"Drug Dealer","floor":19,"gold_loss":0,"cards_obtained":["Fire Breathing","Ghostly Armor"]},{"damage_healed":0,"gold_gain":0,"player_choice":"Gave Idol","damage_taken":0,"relics_obtained":["Bloody Idol"],"max_hp_gain":0,"max_hp_loss":0,"event_name":"Forgotten Altar","floor":20,"relics_lost":["Golden Idol"],"gold_loss":0},{"damage_healed":0,"gold_gain":0,"player_choice":"Read","damage_taken":0,"max_hp_gain":0,"max_hp_loss":0,"event_name":"The Library","floor":22,"gold_loss":0,"cards_obtained":["Flame Barrier"]},{"cards_removed":["Strike_R"],"damage_healed":0,"gold_gain":0,"player_choice":"Card Removal","damage_taken":0,"max_hp_gain":0,"max_hp_loss":0,"event_name":"Wheel of Change","floor":36,"gold_loss":0},{"damage_healed":0,"gold_gain":0,"player_choice":"Fight","damage_taken":0,"max_hp_gain":0,"max_hp_loss":0,"event_name":"Mysterious Sphere","floor":39,"gold_loss":0}],"is_beta":false,"boss_relics":[{"not_picked":["Orrery","Coffee Dripper"],"picked":"Ectoplasm"},{"not_picked":["White Beast Statue","Black Star"],"picked":"Velvet Choker"}],"items_purged_floors":[11],"is_endless":false,"potions_floor_spawned":[1,2,13,14,18,28,30,38,40,46],"killed_by":"Awakened One","ascension_level":5}