{"gold_per_floor":[109,129,129,147,147,147,177,196,222,222,180,210,221,241,241,241],"floor_reached":16,"playtime":730,"items_purged":[],"score":224,"play_id":"327ddd03-4b67-4d1b-a1ac-d14662a56e86","local_time":"20190709201415","is_ascension_mode":true,"campfire_choices":[{"data":"Armaments","floor":6,"key":"SMITH"},{"floor":10,"key":"REST"},{"floor":15,"key":"REST"}],"neow_cost":"NONE","seed_source_timestamp":395185154800592,"circlet_count":0,"master_deck":["AscendersBane","Strike_R","Strike_R","Strike_R","Strike_R","Defend_R","Defend_R","Defend_R","Defend_R","Bash","Havoc","True Grit","Flame Barrier","Armaments+1","Flame Barrier","Inflame","Pommel Strike","Battle Trance","Headbutt","Entrench"],"relics":["Burning Blood","PreservedInsect","Dream Catcher","Juzu Bracelet","Red Skull"],"potions_floor_usage":[7,16],"damage_taken":[{"damage":12,"enemies":"Jaw Worm","floor":1,"turns":3},{"damage":7,"enemies":"Cultist","floor":2,"turns":5},{"damage":12,"enemies":"Small Slimes","floor":4,"turns":5},{"damage":31,"enemies":"Lagavulin","floor":7,"turns":6},{"damage":10,"enemies":"3 Louse","floor":8,"turns":4},{"damage":32,"enemies":"Gremlin Nob","floor":12,"turns":4},{"damage":1,"enemies":"Red Slaver","floor":13,"turns":5},{"damage":0,"enemies":"2 Fungi Beasts","floor":14,"turns":3},{"damage":47,"enemies":"Slime Boss","floor":16,"turns":9}],"seed_played":"-3167565960891017915","potions_obtained":[{"floor":2,"key":"GamblersBrew"},{"floor":8,"key":"SpeedPotion"},{"floor":14,"key":"LiquidBronze"}],"is_trial":false,"path_per_floor":["M","M","?","M","?","R","E","M","T","R","?","E","M","M","R","B"],"character_chosen":"IRONCLAD","items_purchased":[],"campfire_rested":2,"item_purchase_floors":[],"current_hp_per_floor":[62,61,61,55,55,55,30,26,26,48,48,22,27,33,55,8],"gold":241,"neow_bonus":"RANDOM_COMMON_RELIC","is_prod":false,"is_daily":false,"chose_seed":false,"campfire_upgraded":1,"win_rate":0,"timestamp":1562717655,"path_taken":["M","M","?","M","?","R","E","M","T","R","?","E","M","M","R","BOSS"],"build_version":"2019-07-03","purchased_purges":0,"victory":false,"max_hp_per_floor":[75,75,75,75,75,75,75,75,75,75,75,75,75,75,75,75],"card_choices":[{"not_picked":["Cleave","Warcry"],"picked":"Havoc","floor":1},{"not_picked":["Anger","Intimidate"],"picked":"True Grit","floor":2},{"not_picked":["Sword Boomerang","Pummel"],"picked":"Flame Barrier","floor":4},{"not_picked":["Disarm","Wild Strike"],"picked":"Flame Barrier","floor":7},{"not_picked":["Carnage","Metallicize"],"picked":"Inflame","floor":8},{"not_picked":["Twin Strike","Heavy Blade"],"picked":"Pommel Strike","floor":10},{"not_picked":["Rupture","Sword Boomerang","Brutality"],"picked":"SKIP","floor":12},{"not_picked":["Body Slam","Spot Weakness"],"picked":"Battle Trance","floor":13},{"not_picked":["Cleave","Warcry"],"picked":"Headbutt","floor":14},{"not_picked":["Wild Strike","Clothesline"],"picked":"Entrench","floor":15}],"player_experience":735677,"relics_obtained":[{"floor":7,"key":"Dream Catcher"},{"floor":9,"key":"Juzu Bracelet"},{"floor":12,"key":"Red Skull"}],"event_choices":[{"damage_healed":0,"gold_gain":0,"player_choice":"Ignored","damage_taken":0,"max_hp_gain":0,"max_hp_loss":0,"event_name":"Liars Game","floor":3,"gold_loss":0},{"damage_healed":0,"gold_gain":0,"cards_transformed":["Strike_R"],"player_choice":"Transformed","damage_taken":0,"max_hp_gain":0,"max_hp_loss":0,"event_name":"Transmorgrifier","floor":5,"gold_loss":0,"cards_obtained":["Armaments"]},{"damage_healed":0,"gold_gain":0,"player_choice":"Left Gold","damage_taken":0,"max_hp_gain":0,"max_hp_loss":0,"event_name":"World of Goop","floor":11,"gold_loss":42}],"is_beta":true,"boss_relics":[],"items_purged_floors":[],"is_endless":false,"potions_floor_spawned":[2,8,14],"killed_by":"Slime Boss","ascension_level":20}