{"gold_per_floor":[113,113,63,77,87,87,116,116,140,152,167,167,167,167],"floor_reached":14,"playtime":933,"items_purged":[],"score":135,"play_id":"c9a54507-ba1a-4c41-b082-8cf99e744e2e","local_time":"20190622043346","is_ascension_mode":true,"campfire_choices":[{"floor":8,"key":"REST"},{"floor":13,"key":"REST"}],"neow_cost":"NONE","seed_source_timestamp":856158988651289,"circlet_count":0,"master_deck":["AscendersBane","Strike_G","Strike_G","Strike_G","Strike_G","Strike_G","Defend_G","Defend_G","Defend_G","Defend_G","Survivor+1","Neutralize","Acrobatics","Backflip","Leg Sweep","Deflect","Crippling Poison","Deflect"],"relics":["Ring of the Snake","NeowsBlessing","Art of War","Bag of Marbles","Bag of Preparation","Anchor"],"potions_floor_usage":[7,7,14],"damage_taken":[{"damage":0,"enemies":"2 Louse","floor":1,"turns":1},{"damage":0,"enemies":"Jaw Worm","floor":4,"turns":1},{"damage":0,"enemies":"Small Slimes","floor":5,"turns":1},{"damage":32,"enemies":"3 Sentries","floor":7,"turns":13},{"damage":2,"enemies":"Exordium Wildlife","floor":10,"turns":4},{"damage":3,"enemies":"Looter","floor":11,"turns":4},{"damage":65,"enemies":"Lagavulin","floor":14,"turns":12}],"seed_played":"-4930929118000293937","potions_obtained":[{"floor":4,"key":"Energy Potion"},{"floor":5,"key":"Block Potion"},{"floor":10,"key":"Fire Potion"}],"is_trial":false,"path_per_floor":["M","?","?","M","M","?","E","R","T","M","M","?","R","E"],"character_chosen":"THE_SILENT","items_purchased":[],"campfire_rested":2,"item_purchase_floors":[],"current_hp_per_floor":[63,63,63,63,63,51,19,40,40,38,35,35,56,0],"gold":167,"neow_bonus":"THREE_ENEMY_KILL","is_prod":false,"is_daily":false,"chose_seed":false,"campfire_upgraded":0,"win_rate":0,"timestamp":1561192426,"path_taken":["M","?","?","M","M","?","E","R","T","M","?","?","R","E"],"build_version":"2019-06-21","purchased_purges":0,"victory":false,"max_hp_per_floor":[70,70,70,70,70,70,70,70,70,70,70,70,70,70],"card_choices":[{"not_picked":["Cloak And Dagger","Crippling Poison"],"picked":"Acrobatics","floor":1},{"not_picked":["Crippling Poison","Dagger Throw"],"picked":"Backflip","floor":4},{"not_picked":["Blade Dance","Acrobatics"],"picked":"Leg Sweep","floor":5},{"not_picked":["Sucker Punch","Caltrops"],"picked":"Deflect","floor":7},{"not_picked":["Cloak And Dagger","Deadly Poison"],"picked":"Crippling Poison","floor":10},{"not_picked":["Dagger Throw","Slice"],"picked":"Deflect","floor":11}],"player_experience":645013,"relics_obtained":[{"floor":7,"key":"Bag of Marbles"},{"floor":9,"key":"Bag of Preparation"}],"event_choices":[{"damage_healed":0,"gold_gain":0,"player_choice":"Grow","damage_taken":0,"max_hp_gain":0,"max_hp_loss":0,"event_name":"Living Wall","floor":2,"gold_loss":0,"cards_upgraded":["Survivor"]},{"cards_removed":["Defend_G"],"damage_healed":0,"gold_gain":0,"player_choice":"Card Removal","damage_taken":0,"max_hp_gain":0,"max_hp_loss":0,"event_name":"The Cleric","floor":3,"gold_loss":50},{"damage_healed":0,"gold_gain":0,"player_choice":"Success","damage_taken":12,"relics_obtained":["Art of War"],"max_hp_gain":0,"max_hp_loss":0,"event_name":"Scrap Ooze","floor":6,"gold_loss":0},{"damage_healed":0,"gold_gain":0,"player_choice":"Searched \u00271\u0027 times","damage_taken":0,"relics_obtained":["Anchor"],"max_hp_gain":0,"max_hp_loss":0,"event_name":"Dead Adventurer","floor":12,"gold_loss":0}],"is_beta":true,"boss_relics":[],"items_purged_floors":[],"is_endless":false,"potions_floor_spawned":[4,5,10],"killed_by":"Lagavulin","ascension_level":10}