{"gold_per_floor":[115,161,178,178,178,208,208,227,527,527,538,538,556,566,566,669,669,687,700,700,714,724,724,742,742],"floor_reached":25,"playtime":1639,"items_purged":[],"score":207,"play_id":"0740046d-6b6e-4426-ab60-beb1df0c9052","local_time":"20190704231839","is_ascension_mode":false,"campfire_choices":[{"data":"Machine Learning","floor":7,"key":"SMITH"},{"floor":12,"key":"REST"},{"floor":15,"key":"REST"},{"floor":23,"key":"REST"}],"neow_cost":"PERCENT_DAMAGE","seed_source_timestamp":352498920306767,"circlet_count":0,"master_deck":["Strike_B","Strike_B","Strike_B","Strike_B","Defend_B","Defend_B","Defend_B","Defend_B","Zap","Dualcast+1","Sweeping Beam","Iron Wave","Machine Learning+1","Gash","Cold Snap","Chill","Gash","Streamline","Beam Cell","Hologram","Rebound","Electrodynamics","BootSequence","Leap+1","Conserve Battery","Hologram","Stack+1","Leap","All For One","Genetic Algorithm","Stack","Cold Snap"],"relics":["Cracked Core","Blood Vial","Prayer Wheel","Old Coin","White Beast Statue"],"potions_floor_usage":[11,18,19,22,22],"damage_taken":[{"damage":0,"enemies":"Cultist","floor":1,"turns":3},{"damage":5,"enemies":"2 Louse","floor":3,"turns":2},{"damage":32,"enemies":"Lagavulin","floor":6,"turns":8},{"damage":5,"enemies":"Small Slimes","floor":8,"turns":3},{"damage":12,"enemies":"Blue Slaver","floor":11,"turns":4},{"damage":21,"enemies":"Exordium Thugs","floor":13,"turns":5},{"damage":6,"enemies":"Red Slaver","floor":14,"turns":2},{"damage":19,"enemies":"Slime Boss","floor":16,"turns":9},{"damage":25,"enemies":"2 Thieves","floor":18,"turns":3},{"damage":0,"enemies":"3 Byrds","floor":19,"turns":6},{"damage":32,"enemies":"Shelled Parasite and Fungi","floor":21,"turns":6},{"damage":37,"enemies":"Snecko","floor":22,"turns":8},{"damage":24,"enemies":"Centurion and Healer","floor":24,"turns":10},{"damage":11,"enemies":"Gremlin Leader","floor":25,"turns":2}],"seed_played":"4043079774185200040","potions_obtained":[{"floor":6,"key":"EntropicBrew"},{"floor":8,"key":"Regen Potion"},{"floor":14,"key":"GamblersBrew"},{"floor":16,"key":"Explosive Potion"},{"floor":18,"key":"FearPotion"},{"floor":19,"key":"Strength Potion"},{"floor":21,"key":"GamblersBrew"},{"floor":22,"key":"LiquidBronze"},{"floor":24,"key":"SkillPotion"}],"is_trial":false,"path_per_floor":["M","T","M","?","?","E","R","M","T","?","M","R","M","M","R","B",null,"M","M","?","M","M","R","M","E"],"character_chosen":"DEFECT","items_purchased":[],"campfire_rested":3,"item_purchase_floors":[],"current_hp_per_floor":[68,68,65,89,89,57,57,54,54,54,53,79,60,56,82,65,89,64,66,66,36,1,27,5,0],"gold":742,"neow_bonus":"TWENTY_PERCENT_HP_BONUS","is_prod":false,"is_daily":false,"chose_seed":false,"campfire_upgraded":1,"win_rate":0.0,"timestamp":1562293119,"path_taken":["M","?","M","?","?","E","R","?","T","?","M","R","M","?","R","BOSS","M","M","?","M","M","R","M","E"],"build_version":"2019-07-01","purchased_purges":0,"victory":false,"max_hp_per_floor":[89,89,89,89,89,89,89,89,89,89,89,89,89,89,89,89,89,89,89,89,89,89,89,89,89],"card_choices":[{"not_picked":["Sweeping Beam","Force Field"],"picked":"Rebound","floor":1},{"not_picked":["Skim","Steam"],"picked":"Sweeping Beam","floor":3},{"not_picked":["Rebound","Force Field"],"picked":"Machine Learning","floor":6},{"not_picked":["Double Energy","Steam"],"picked":"Gash","floor":8},{"not_picked":["Rebound","Ball Lightning"],"picked":"Cold Snap","floor":8},{"not_picked":["Ball Lightning","Go for the Eyes"],"picked":"Chill","floor":11},{"not_picked":["Coolheaded","Lockon"],"picked":"Gash","floor":11},{"not_picked":["Barrage","Rainbow"],"picked":"Streamline","floor":13},{"not_picked":["Compile Driver","Streamline"],"picked":"Beam Cell","floor":13},{"not_picked":["Steam","Coolheaded"],"picked":"Hologram","floor":14},{"not_picked":["Beam Cell","Biased Cognition"],"picked":"Rebound","floor":14},{"not_picked":["Multi-Cast","Thunder Strike"],"picked":"Electrodynamics","floor":16},{"not_picked":["Streamline","Sweeping Beam"],"picked":"BootSequence","floor":18},{"not_picked":["Lockon","Redo"],"picked":"Leap+1","floor":18},{"not_picked":["Compile Driver","Streamline"],"picked":"Conserve Battery","floor":19},{"not_picked":["Chaos","Heatsinks+1"],"picked":"Hologram","floor":19},{"not_picked":["Compile Driver","Aggregate+1"],"picked":"Stack+1","floor":21},{"not_picked":["Stack","Darkness+1"],"picked":"Leap","floor":21},{"not_picked":["Steam","Cold Snap+1"],"picked":"All For One","floor":22},{"not_picked":["Reprogram","Loop+1"],"picked":"Genetic Algorithm","floor":22},{"not_picked":["Go for the Eyes","Steam+1"],"picked":"Stack","floor":24},{"not_picked":["Loop","Lockon"],"picked":"Cold Snap","floor":24}],"player_experience":50648,"relics_obtained":[{"floor":2,"key":"Blood Vial"},{"floor":6,"key":"Prayer Wheel"},{"floor":9,"key":"Old Coin"}],"event_choices":[{"damage_healed":29,"gold_gain":0,"player_choice":"Banana","damage_taken":0,"max_hp_gain":0,"max_hp_loss":0,"event_name":"Big Fish","floor":4,"gold_loss":0},{"cards_removed":["Rebound"],"damage_healed":0,"gold_gain":0,"player_choice":"Took Card","damage_taken":0,"max_hp_gain":0,"max_hp_loss":0,"event_name":"NoteForYourself","floor":5,"gold_loss":0,"cards_obtained":["Iron Wave"]},{"damage_healed":0,"gold_gain":0,"player_choice":"Forge","damage_taken":0,"max_hp_gain":0,"max_hp_loss":0,"event_name":"Accursed Blacksmith","floor":10,"gold_loss":0,"cards_upgraded":["Dualcast"]},{"damage_healed":0,"gold_gain":0,"player_choice":"Ignored","damage_taken":0,"max_hp_gain":0,"max_hp_loss":0,"event_name":"Ghosts","floor":20,"gold_loss":0}],"is_beta":false,"boss_relics":[{"not_picked":["Tiny House","Coffee Dripper"],"picked":"White Beast Statue"}],"items_purged_floors":[],"is_endless":false,"potions_floor_spawned":[6,8,14,16,18,19,21,22,24],"killed_by":"Gremlin Leader","ascension_level":0}