{"gold_per_floor":[218,232,7,20,20,20,40,69,69,69,82,3,15,0],"floor_reached":14,"playtime":1562,"items_purged":[],"score":92,"play_id":"3966c758-1f2e-4d3f-a58f-c721fd832796","local_time":"20190630170055","is_ascension_mode":false,"campfire_choices":[{"floor":6,"key":"REST"}],"neow_cost":"NONE","seed_source_timestamp":1538872454463700,"circlet_count":0,"master_deck":["Defend_G","Defend_G","Defend_G","Defend_G","Defend_G","Strike_G","Strike_G","Strike_G","Strike_G","Survivor","Neutralize","Outmaneuver","Well Laid Plans","Night Terror","Prepared","Deadly Poison","Die Die Die","Noxious Fumes"],"relics":["Ring of the Snake","Lantern","Kunai","Tingsha"],"potions_floor_usage":[8],"damage_taken":[{"damage":4,"enemies":"Cultist","floor":1,"turns":5},{"damage":2,"enemies":"2 Louse","floor":2,"turns":3},{"damage":0,"enemies":"Small Slimes","floor":4,"turns":6},{"damage":2,"enemies":"Exordium Thugs","floor":7,"turns":10},{"damage":57,"enemies":"Lagavulin","floor":8,"turns":12},{"damage":17,"enemies":"3 Louse","floor":11,"turns":4},{"damage":0,"enemies":"Lots of Slimes","floor":13,"turns":1},{"damage":10,"enemies":"Looter","floor":14,"turns":2}],"seed_played":"-6167574164363270976","potions_obtained":[{"floor":2,"key":"Regen Potion"},{"floor":11,"key":"SteroidPotion"},{"floor":13,"key":"SkillPotion"}],"is_trial":false,"path_per_floor":["M","M","$","M","$","R","M","E","T","?","M","$","M","M"],"character_chosen":"THE_SILENT","items_purchased":["Lantern","Well Laid Plans","Noxious Fumes"],"campfire_rested":1,"item_purchase_floors":[3,3,12],"current_hp_per_floor":[66,64,64,64,64,70,68,26,26,26,9,9,9,0],"gold":0,"neow_bonus":"HUNDRED_GOLD","is_prod":false,"is_daily":false,"chose_seed":false,"campfire_upgraded":0,"win_rate":0.0,"timestamp":1561928455,"path_taken":["M","?","$","M","$","R","M","E","T","?","M","?","M","M"],"build_version":"2019-01-23","purchased_purges":0,"victory":false,"max_hp_per_floor":[70,70,70,70,70,70,70,70,70,70,70,70,70,70],"card_choices":[{"not_picked":["Acrobatics","PiercingWail"],"picked":"Outmaneuver","floor":1},{"not_picked":["Expertise","Tactician","All Out Attack"],"picked":"SKIP","floor":2},{"not_picked":["Quick Slash","Endless Agony"],"picked":"Night Terror","floor":4},{"not_picked":["Distraction","Deflect"],"picked":"Prepared","floor":7},{"not_picked":["Escape Plan","Blade Dance"],"picked":"Deadly Poison","floor":8},{"not_picked":["Flying Knee","Riddle With Holes"],"picked":"Die Die Die","floor":11},{"not_picked":["Flying Knee","Choke","Slice"],"picked":"SKIP","floor":13}],"player_experience":107196,"relics_obtained":[{"floor":8,"key":"Kunai"},{"floor":9,"key":"Tingsha"}],"event_choices":[{"cards_removed":["Strike_G"],"damage_healed":0,"gold_gain":0,"player_choice":"Purged","damage_taken":0,"max_hp_gain":0,"max_hp_loss":0,"event_name":"Purifier","floor":10,"gold_loss":0}],"is_beta":false,"boss_relics":[],"items_purged_floors":[],"is_endless":false,"potions_floor_spawned":[2,11,13],"killed_by":"Looter","ascension_level":0}