{"gold_per_floor":[115,115,115,65,77,77,88,107,107,133,133,147,147,172,172,274,274,290,16,16,29,0,28,39,73,73,103,113,113,113,125,125,230,230,247,247,262,262,262,262,296,296,296,330,80,80],"floor_reached":46,"playtime":3278,"items_purged":["Strike_R"],"score":651,"play_id":"3b4202be-5a65-4e27-983d-6886ae1ad84c","local_time":"20190409173602","is_ascension_mode":true,"campfire_choices":[{"data":"Bash","floor":6,"key":"SMITH"},{"data":"Rupture","floor":11,"key":"SMITH"},{"data":"Metallicize","floor":13,"key":"SMITH"},{"data":"True Grit","floor":15,"key":"SMITH"},{"floor":29,"key":"REST"},{"data":"Beam Cell","floor":32,"key":"SMITH"},{"data":"Go for the Eyes","floor":40,"key":"SMITH"},{"data":"Shrug It Off","floor":42,"key":"SMITH"}],"neow_cost":"NONE","seed_source_timestamp":433449235025945,"circlet_count":0,"master_deck":["Strike_R","Defend_R","Defend_R","Defend_R","Defend_R","Bash+1","Shrug It Off","Wild Strike+1","Shrug It Off","True Grit+1","Rupture+1","Metallicize+1","Thunderclap+1","Brutality","Outmaneuver+1","Go for the Eyes+1","All Out Attack","Injury","Heavy Blade+1","Beam Cell+1","Hologram","Double Energy","Panacea","Shrug It Off+1","Parasite","Whirlwind"],"relics":["Burning Blood","NeowsBlessing","Champion Belt","Bird Faced Urn","Bag of Marbles","Cursed Key","PrismaticShard","Anchor","Whetstone","Pocketwatch","Bag of Preparation","Mark of Pain","Gremlin Horn","Singing Bowl","Ornamental Fan","Pear"],"potions_floor_usage":[12,14,16,24,25,28,28,37,44],"damage_taken":[{"damage":0,"enemies":"Jaw Worm","floor":1,"turns":1},{"damage":0,"enemies":"Small Slimes","floor":5,"turns":2},{"damage":0,"enemies":"2 Louse","floor":7,"turns":1},{"damage":11,"enemies":"Blue Slaver","floor":8,"turns":4},{"damage":22,"enemies":"Gremlin Nob","floor":10,"turns":4},{"damage":3,"enemies":"Exordium Wildlife","floor":12,"turns":8},{"damage":9,"enemies":"3 Sentries","floor":14,"turns":13},{"damage":65,"enemies":"Hexaghost","floor":16,"turns":17},{"damage":17,"enemies":"2 Thieves","floor":18,"turns":4},{"damage":11,"enemies":"3 Byrds","floor":21,"turns":7},{"damage":38,"enemies":"Slavers","floor":23,"turns":9},{"damage":5,"enemies":"Snecko","floor":24,"turns":7},{"damage":45,"enemies":"Gremlin Leader","floor":25,"turns":9},{"damage":24,"enemies":"Book of Stabbing","floor":27,"turns":7},{"damage":4,"enemies":"Snake Plant","floor":28,"turns":5},{"damage":8,"enemies":"Shelled Parasite and Fungi","floor":31,"turns":8},{"damage":52,"enemies":"Collector","floor":33,"turns":11},{"damage":14,"enemies":"3 Shapes","floor":35,"turns":5},{"damage":32,"enemies":"3 Darklings","floor":37,"turns":6},{"damage":30,"enemies":"Nemesis","floor":41,"turns":9},{"damage":53,"enemies":"Reptomancer","floor":44,"turns":7},{"damage":19,"enemies":"Nemesis","floor":46,"turns":3}],"seed_played":"-168582333045406616","potions_obtained":[{"floor":5,"key":"Block Potion"},{"floor":8,"key":"Block Potion"},{"floor":10,"key":"FairyPotion"},{"floor":14,"key":"GamblersBrew"},{"floor":21,"key":"Energy Potion"},{"floor":24,"key":"SteroidPotion"},{"floor":25,"key":"Dexterity Potion"},{"floor":27,"key":"SkillPotion"},{"floor":33,"key":"AttackPotion"},{"floor":41,"key":"LiquidBronze"}],"is_trial":false,"path_per_floor":["M","?","?","?","M","R","M","M","T","E","R","M","R","E","R","B",null,"M","$","?","M","?","E","M","E","T","E","M","R","?","M","R","B",null,"M","?","M","?","?","R","E","R","T","E","$","E"],"character_chosen":"IRONCLAD","items_purchased":["PrismaticShard","Pear"],"campfire_rested":1,"item_purchase_floors":[19,45],"current_hp_per_floor":[80,85,78,78,84,84,85,80,80,64,64,69,69,70,70,15,85,76,76,76,77,77,51,58,25,25,13,21,46,46,50,50,10,85,78,78,58,58,58,58,40,40,40,9,19,0],"gold":80,"neow_bonus":"THREE_ENEMY_KILL","is_prod":false,"is_daily":false,"chose_seed":false,"campfire_upgraded":7,"win_rate":0,"timestamp":1554845762,"path_taken":["M","?","?","?","M","R","?","M","T","E","R","M","R","E","R","BOSS","M","$","?","M","?","E","M","E","T","E","?","R","?","M","R","BOSS","M","?","?","?","?","R","E","R","T","E","$","E"],"build_version":"2019-01-23","purchased_purges":1,"victory":false,"max_hp_per_floor":[80,85,85,85,85,85,85,85,85,85,85,85,85,85,85,85,85,85,85,85,85,85,85,85,85,85,85,85,85,85,85,85,85,85,85,85,85,85,85,85,85,85,85,85,95,95],"card_choices":[{"not_picked":["Rage","Pommel Strike"],"picked":"Shrug It Off","floor":1},{"not_picked":["Clothesline","Flex"],"picked":"Wild Strike","floor":5},{"not_picked":["Reckless Charge","Armaments"],"picked":"Shrug It Off","floor":7},{"not_picked":["Searing Blow","Heavy Blade"],"picked":"True Grit","floor":8},{"not_picked":["Perfected Strike","Twin Strike"],"picked":"Rupture","floor":10},{"not_picked":["Reckless Charge","Armaments"],"picked":"Metallicize","floor":12},{"not_picked":["Headbutt","Evolve"],"picked":"Thunderclap","floor":14},{"not_picked":["Berserk","Reaper"],"picked":"Brutality","floor":16},{"not_picked":["Clothesline","Disarm","Burning Pact"],"picked":"SKIP","floor":18},{"not_picked":["Recycle","Bane","Reprogram"],"picked":"SKIP","floor":21},{"not_picked":["Good Instincts","Wild Strike"],"picked":"Outmaneuver+1","floor":23},{"not_picked":["Catalyst","Heavy Blade"],"picked":"Go for the Eyes","floor":24},{"not_picked":["Rage","Outmaneuver"],"picked":"All Out Attack","floor":25},{"not_picked":["Deadly Poison","Cold Snap+1"],"picked":"Heavy Blade+1","floor":27},{"not_picked":["Pummel+1","Dodge and Roll+1"],"picked":"Beam Cell","floor":28},{"not_picked":["Warcry","Setup"],"picked":"Hologram","floor":31},{"not_picked":["Flying Knee","Outmaneuver"],"picked":"Double Energy","floor":35},{"not_picked":["Flying Knee","Hemokinesis"],"picked":"Shrug It Off","floor":37},{"not_picked":["Tempest+1","HandOfGreed","Loop"],"picked":"SKIP","floor":41},{"not_picked":["Redo","Headbutt"],"picked":"Whirlwind","floor":44}],"player_experience":156927,"relics_obtained":[{"floor":9,"key":"Champion Belt"},{"floor":10,"key":"Bird Faced Urn"},{"floor":14,"key":"Bag of Marbles"},{"floor":23,"key":"Anchor"},{"floor":25,"key":"Whetstone"},{"floor":26,"key":"Pocketwatch"},{"floor":27,"key":"Bag of Preparation"},{"floor":41,"key":"Gremlin Horn"},{"floor":43,"key":"Singing Bowl"},{"floor":44,"key":"Ornamental Fan"}],"event_choices":[{"damage_healed":0,"gold_gain":0,"player_choice":"Donut","damage_taken":0,"max_hp_gain":5,"max_hp_loss":0,"event_name":"Big Fish","floor":2,"gold_loss":0},{"cards_removed":["Strike_R"],"damage_healed":0,"gold_gain":0,"player_choice":"Card Removal","damage_taken":7,"max_hp_gain":0,"max_hp_loss":0,"event_name":"Golden Wing","floor":3,"gold_loss":0},{"cards_removed":["Strike_R"],"damage_healed":0,"gold_gain":0,"player_choice":"Card Removal","damage_taken":0,"max_hp_gain":0,"max_hp_loss":0,"event_name":"The Cleric","floor":4,"gold_loss":50},{"damage_healed":0,"gold_gain":0,"player_choice":"Ignored","damage_taken":0,"max_hp_gain":0,"max_hp_loss":0,"event_name":"Beggar","floor":20,"gold_loss":0},{"damage_healed":0,"gold_gain":0,"player_choice":"Paid Fearfully","damage_taken":0,"max_hp_gain":0,"max_hp_loss":0,"event_name":"Masked Bandits","floor":22,"gold_loss":29},{"damage_healed":0,"gold_gain":0,"player_choice":"Ignored","damage_taken":0,"max_hp_gain":0,"max_hp_loss":0,"event_name":"Ghosts","floor":30,"gold_loss":0},{"damage_healed":0,"gold_gain":0,"player_choice":"1 cards matched","damage_taken":0,"max_hp_gain":0,"max_hp_loss":0,"event_name":"Match and Keep!","floor":36,"gold_loss":0,"cards_obtained":["Panacea"]},{"damage_healed":0,"gold_gain":0,"player_choice":"Ignored","damage_taken":0,"max_hp_gain":0,"max_hp_loss":0,"event_name":"Tomb of Lord Red Mask","floor":38,"gold_loss":0},{"cards_removed":["Strike_R"],"damage_healed":0,"gold_gain":0,"player_choice":"Removed Attack","damage_taken":0,"max_hp_gain":0,"max_hp_loss":0,"event_name":"Falling","floor":39,"gold_loss":0}],"is_beta":false,"boss_relics":[{"not_picked":["Astrolabe","Ectoplasm"],"picked":"Cursed Key"},{"not_picked":["Tiny House","Runic Cube"],"picked":"Mark of Pain"}],"items_purged_floors":[19],"is_endless":false,"potions_floor_spawned":[5,8,10,14,21,24,25,27,33,41],"killed_by":"Nemesis","ascension_level":3}