{"gold_per_floor":[13,25,45,57,75,107,107,127,127,127,145,160,160,188,188,188],"floor_reached":16,"playtime":905,"items_purged":[],"score":141,"play_id":"ac23cba4-19f0-4e94-b142-2fb86b39888c","local_time":"20190601135401","is_ascension_mode":false,"campfire_choices":[{"data":"Defragment","floor":10,"key":"SMITH"},{"data":"Reinforced Body","floor":15,"key":"SMITH"}],"neow_cost":"NO_GOLD","seed_source_timestamp":60060893224803,"circlet_count":0,"master_deck":["Strike_B+1","Strike_B","Strike_B","Strike_B","Defend_B","Defend_B","Defend_B+1","Defend_B","Zap","Dualcast","Go for the Eyes","Defragment+1","Reinforced Body+1","Chill","Coolheaded","Coolheaded","Leap"],"relics":["Cracked Core","Turnip","Bag of Preparation","Lantern","Kunai","Juzu Bracelet"],"potions_floor_usage":[5,16],"damage_taken":[{"damage":1,"enemies":"Cultist","floor":1,"turns":4},{"damage":6,"enemies":"Jaw Worm","floor":2,"turns":3},{"damage":0,"enemies":"Small Slimes","floor":3,"turns":3},{"damage":11,"enemies":"Exordium Wildlife","floor":4,"turns":4},{"damage":4,"enemies":"Large Slime","floor":5,"turns":6},{"damage":11,"enemies":"3 Sentries","floor":6,"turns":10},{"damage":0,"enemies":"Blue Slaver","floor":8,"turns":4},{"damage":1,"enemies":"Exordium Wildlife","floor":11,"turns":6},{"damage":0,"enemies":"Lots of Slimes","floor":12,"turns":4},{"damage":0,"enemies":"Lagavulin","floor":14,"turns":10},{"damage":40,"enemies":"Hexaghost","floor":16,"turns":16}],"seed_played":"-8654813736813290351","potions_obtained":[{"floor":4,"key":"Regen Potion"},{"floor":8,"key":"Weak Potion"},{"floor":12,"key":"Explosive Potion"},{"floor":14,"key":"Ancient Potion"}],"is_trial":false,"path_per_floor":["M","M","M","M","M","E","?","M","T","R","M","M","?","E","R","B"],"character_chosen":"DEFECT","items_purchased":[],"campfire_rested":0,"item_purchase_floors":[],"current_hp_per_floor":[74,68,68,57,68,57,42,42,42,42,41,41,38,38,38,0],"gold":188,"neow_bonus":"ONE_RARE_RELIC","is_prod":false,"is_daily":false,"chose_seed":false,"campfire_upgraded":2,"win_rate":0,"timestamp":1559390041,"path_taken":["M","M","M","M","M","E","?","M","T","R","M","M","?","E","R","BOSS"],"build_version":"2019-01-23","purchased_purges":0,"victory":false,"max_hp_per_floor":[75,75,75,75,75,75,75,75,75,75,75,75,75,75,75,75],"card_choices":[{"not_picked":["Hologram","Rebound"],"picked":"Go for the Eyes","floor":1},{"not_picked":["Redo","Static Discharge"],"picked":"Defragment","floor":2},{"not_picked":["Barrage","Beam Cell"],"picked":"Reinforced Body","floor":3},{"not_picked":["Biased Cognition","Barrage"],"picked":"Chill","floor":4},{"not_picked":["Redo","Turbo","Rebound"],"picked":"SKIP","floor":5},{"not_picked":["Scrape","Stack"],"picked":"Coolheaded","floor":6},{"not_picked":["All For One","Genetic Algorithm","Streamline"],"picked":"SKIP","floor":8},{"not_picked":["Redo","Hologram"],"picked":"Coolheaded","floor":11},{"not_picked":["Ball Lightning","Beam Cell","Streamline"],"picked":"SKIP","floor":12},{"not_picked":["Sweeping Beam","Force Field"],"picked":"Leap","floor":14}],"player_experience":583408,"relics_obtained":[{"floor":6,"key":"Bag of Preparation"},{"floor":9,"key":"Lantern"},{"floor":14,"key":"Juzu Bracelet"}],"event_choices":[{"damage_healed":0,"gold_gain":0,"player_choice":"Entered Light","damage_taken":15,"max_hp_gain":0,"max_hp_loss":0,"event_name":"Shining Light","floor":7,"gold_loss":0,"cards_upgraded":["Defend_B","Strike_B"]},{"damage_healed":0,"gold_gain":0,"player_choice":"Success","damage_taken":3,"relics_obtained":["Kunai"],"max_hp_gain":0,"max_hp_loss":0,"event_name":"Scrap Ooze","floor":13,"gold_loss":0}],"is_beta":false,"boss_relics":[],"items_purged_floors":[],"is_endless":false,"potions_floor_spawned":[4,8,12,14],"killed_by":"Hexaghost","ascension_level":0}