{"gold_per_floor":[119,119,119,43,8,8,49,49,49,49,49,70,70,84,84,204,204,223,239,239,254,254,297,3,3,27,27,27,27,27,65,65,184,184,205,225,225,9,9,9],"floor_reached":40,"playtime":5009,"items_purged":["Envenom"],"score":483,"play_id":"fbe10750-0277-4e27-a43b-82569935f4c1","local_time":"20190702100040","is_ascension_mode":true,"campfire_choices":[{"data":"Caltrops","floor":6,"key":"SMITH"},{"floor":8,"key":"REST"},{"data":"Outmaneuver","floor":13,"key":"SMITH"},{"data":"Footwork","floor":15,"key":"SMITH"},{"floor":25,"key":"REST"},{"data":"Prepared","floor":29,"key":"SMITH"},{"floor":32,"key":"REST"}],"neow_cost":"PERCENT_DAMAGE","seed_source_timestamp":183844809974467,"circlet_count":0,"master_deck":["Strike_G","Strike_G","Strike_G","Strike_G+1","Strike_G","Defend_G","Defend_G","Defend_G","Defend_G","Survivor","Neutralize","Caltrops+1","Well Laid Plans","Outmaneuver+1","Backflip","Footwork+1","Die Die Die+1","Tactician","Terror+1","Prepared+1","Cloak And Dagger","Noxious Fumes","Quick Slash","Cloak And Dagger","Dagger Throw+1","After Image","Expertise","Prepared+1","Prepared","Good Instincts"],"relics":["Ring of the Serpent","StoneCalendar","Golden Idol","Dream Catcher","Ancient Tea Set","Happy Flower","Matryoshka","Bronze Scales","Whetstone","Unceasing Top","Philosopher\u0027s Stone"],"potions_floor_usage":[16,23,23,31,31,31],"damage_taken":[{"damage":4,"enemies":"2 Louse","floor":1,"turns":3},{"damage":25,"enemies":"3 Sentries","floor":7,"turns":7},{"damage":0,"enemies":"Small Slimes","floor":12,"turns":4},{"damage":0,"enemies":"Jaw Worm","floor":14,"turns":4},{"damage":35,"enemies":"The Guardian","floor":16,"turns":10},{"damage":9,"enemies":"Shell Parasite","floor":18,"turns":7},{"damage":0,"enemies":"Chosen","floor":19,"turns":6},{"damage":18,"enemies":"Shelled Parasite and Fungi","floor":21,"turns":7},{"damage":23,"enemies":"Book of Stabbing","floor":23,"turns":6},{"damage":28,"enemies":"Slavers","floor":31,"turns":4},{"damage":35,"enemies":"Automaton","floor":33,"turns":11},{"damage":12,"enemies":"3 Shapes","floor":35,"turns":4},{"damage":1,"enemies":"3 Darklings","floor":36,"turns":5},{"damage":62,"enemies":"Reptomancer","floor":40,"turns":2}],"seed_played":"-6782874048663165992","potions_obtained":[{"floor":1,"key":"Strength Potion"},{"floor":14,"key":"SpeedPotion"},{"floor":19,"key":"SteroidPotion"},{"floor":21,"key":"SkillPotion"},{"floor":30,"key":"Weak Potion"},{"floor":30,"key":"Poison Potion"}],"is_trial":false,"path_per_floor":["M","?","?","$","?","R","E","R","T","?","$","M","R","M","R","B",null,"M","M","?","M","T","E","$","R","T","?","$","R","?","E","R","B",null,"M","M","?","$","?","E"],"character_chosen":"THE_SILENT","items_purchased":["Well Laid Plans","Matryoshka","Noxious Fumes","Prepared","Good Instincts"],"campfire_rested":3,"item_purchase_floors":[4,24,24,38,38],"current_hp_per_floor":[45,28,33,33,51,51,26,48,48,48,48,48,48,48,48,13,75,66,66,66,48,48,25,25,47,47,47,47,47,47,19,41,6,75,63,62,62,62,62,0],"gold":9,"neow_bonus":"ONE_RARE_RELIC","is_prod":false,"is_daily":false,"chose_seed":false,"campfire_upgraded":4,"win_rate":0,"timestamp":1562076040,"path_taken":["M","?","?","$","?","R","E","R","T","?","?","?","R","M","R","BOSS","M","?","?","?","?","E","?","R","T","?","?","R","?","E","R","BOSS","M","M","?","$","?","E"],"build_version":"2019-07-01","purchased_purges":1,"victory":false,"max_hp_per_floor":[70,70,75,75,75,75,75,75,75,75,75,75,75,75,75,75,75,75,75,75,75,75,75,75,75,75,75,75,75,75,75,75,75,75,75,75,75,75,75,75],"card_choices":[{"not_picked":["Leg Sweep","Blade Dance"],"picked":"Caltrops","floor":1},{"not_picked":["Acrobatics","Riddle With Holes"],"picked":"Outmaneuver","floor":7},{"not_picked":["Choke","Distraction"],"picked":"Backflip","floor":8},{"not_picked":["Accuracy","Flying Knee"],"picked":"Envenom","floor":12},{"not_picked":["Sucker Punch","Dodge and Roll"],"picked":"Footwork","floor":14},{"not_picked":["Corpse Explosion","Night Terror"],"picked":"Die Die Die","floor":16},{"not_picked":["Dagger Throw+1","Sucker Punch+1"],"picked":"Tactician","floor":18},{"not_picked":["Quick Slash","Masterful Stab"],"picked":"Terror+1","floor":19},{"not_picked":["Cloak And Dagger","Acrobatics+1"],"picked":"Prepared","floor":21},{"not_picked":["Die Die Die","Underhanded Strike+1"],"picked":"Cloak And Dagger","floor":23},{"not_picked":["All Out Attack","Accuracy"],"picked":"Quick Slash","floor":25},{"not_picked":["Blade Dance","Well Laid Plans"],"picked":"Cloak And Dagger","floor":31},{"not_picked":["Choke","Blade Dance+1"],"picked":"Dagger Throw+1","floor":32},{"not_picked":["Malaise","Corpse Explosion"],"picked":"After Image","floor":33},{"not_picked":["Riddle With Holes+1","Accuracy+1"],"picked":"Expertise","floor":35},{"not_picked":["Backstab","Quick Slash+1"],"picked":"Prepared+1","floor":36}],"player_experience":70789,"relics_obtained":[{"floor":7,"key":"Dream Catcher"},{"floor":9,"key":"Ancient Tea Set"},{"floor":23,"key":"Happy Flower"},{"floor":26,"key":"Bronze Scales"},{"floor":26,"key":"Whetstone"},{"floor":31,"key":"Unceasing Top"}],"event_choices":[{"damage_healed":0,"gold_gain":0,"player_choice":"Take Damage","damage_taken":17,"relics_obtained":["Golden Idol"],"max_hp_gain":0,"max_hp_loss":0,"event_name":"Golden Idol","floor":2,"gold_loss":0},{"damage_healed":0,"gold_gain":0,"player_choice":"Donut","damage_taken":0,"max_hp_gain":5,"max_hp_loss":0,"event_name":"Big Fish","floor":3,"gold_loss":0},{"damage_healed":18,"gold_gain":0,"player_choice":"Healed","damage_taken":0,"max_hp_gain":0,"max_hp_loss":0,"event_name":"The Cleric","floor":5,"gold_loss":35},{"damage_healed":0,"gold_gain":0,"player_choice":"Ignored","damage_taken":0,"max_hp_gain":0,"max_hp_loss":0,"event_name":"Liars Game","floor":10,"gold_loss":0},{"cards_removed":["Defend_G"],"damage_healed":0,"gold_gain":0,"player_choice":"Purged","damage_taken":0,"max_hp_gain":0,"max_hp_loss":0,"event_name":"Purifier","floor":20,"gold_loss":0},{"damage_healed":0,"gold_gain":0,"player_choice":"Ignored","damage_taken":0,"max_hp_gain":0,"max_hp_loss":0,"event_name":"Ghosts","floor":27,"gold_loss":0},{"damage_healed":0,"gold_gain":0,"player_choice":"Got Potions","damage_taken":0,"max_hp_gain":0,"max_hp_loss":0,"event_name":"Lab","floor":30,"gold_loss":0},{"damage_healed":0,"gold_gain":0,"player_choice":"Ignored","damage_taken":0,"max_hp_gain":0,"max_hp_loss":0,"event_name":"Tomb of Lord Red Mask","floor":37,"gold_loss":0},{"damage_healed":0,"gold_gain":0,"player_choice":"Ignored","damage_taken":0,"max_hp_gain":0,"max_hp_loss":0,"event_name":"SecretPortal","floor":39,"gold_loss":0}],"is_beta":false,"boss_relics":[{"not_picked":["Coffee Dripper","Lizard Tail"],"picked":"Ring of the Serpent"},{"not_picked":["Fusion Hammer","Runic Dome"],"picked":"Philosopher\u0027s Stone"}],"items_purged_floors":[38],"is_endless":false,"potions_floor_spawned":[1,14,19,21],"killed_by":"Reptomancer","ascension_level":2}