{"gold_per_floor":[113,113,113,131,206,206,216,64,64,81,91,108,120,70,70,172,172,186,186],"floor_reached":19,"playtime":1609,"items_purged":["Strike_G"],"score":161,"play_id":"db5b4447-cd2d-413d-8d08-42910eed3901","local_time":"20190627040102","is_ascension_mode":false,"campfire_choices":[{"floor":6,"key":"REST"},{"floor":15,"key":"REST"}],"neow_cost":"NONE","seed_source_timestamp":1232824652768100,"circlet_count":0,"master_deck":["Defend_G","Defend_G","Defend_G","Defend_G","Defend_G","Strike_G","Strike_G","Strike_G","Strike_G","Survivor","Neutralize","A Thousand Cuts","Flying Knee","Caltrops","Noxious Fumes","Endless Agony","Die Die Die","Calculated Gamble","Bullet Time","Doppelganger","Writhe","Writhe","Shame","Outmaneuver"],"relics":["Ring of the Snake","Bottled Tornado","Calling Bell","Vajra","Ornamental Fan","Peace Pipe"],"potions_floor_usage":[16,16,16],"damage_taken":[{"damage":0,"enemies":"2 Louse","floor":1,"turns":4},{"damage":14,"enemies":"Jaw Worm","floor":4,"turns":4},{"damage":3,"enemies":"Small Slimes","floor":7,"turns":4},{"damage":13,"enemies":"2 Fungi Beasts","floor":10,"turns":4},{"damage":6,"enemies":"Looter","floor":11,"turns":3},{"damage":8,"enemies":"3 Louse","floor":12,"turns":2},{"damage":0,"enemies":"Exordium Wildlife","floor":13,"turns":3},{"damage":50,"enemies":"Slime Boss","floor":16,"turns":12},{"damage":30,"enemies":"Shell Parasite","floor":18,"turns":8},{"damage":43,"enemies":"Chosen","floor":19,"turns":6}],"seed_played":"-3817597196930191247","potions_obtained":[{"floor":4,"key":"EssenceOfSteel"},{"floor":11,"key":"SteroidPotion"},{"floor":13,"key":"Dexterity Potion"}],"is_trial":false,"path_per_floor":["M","?","?","M","?","R","M","$","T","M","M","M","M","?","R","B",null,"M","M"],"character_chosen":"THE_SILENT","items_purchased":["Terror"],"campfire_rested":2,"item_purchase_floors":[8],"current_hp_per_floor":[70,70,70,56,45,66,63,63,63,50,44,36,36,36,57,7,70,40,0],"gold":186,"neow_bonus":"ONE_RANDOM_RARE_CARD","is_prod":false,"is_daily":false,"chose_seed":false,"campfire_upgraded":0,"win_rate":0.0,"timestamp":1561622462,"path_taken":["M","?","?","M","?","R","M","$","T","M","M","M","M","?","R","BOSS","M","M"],"build_version":"2019-01-23","purchased_purges":1,"victory":false,"max_hp_per_floor":[70,70,70,70,70,70,70,70,70,70,70,70,70,70,70,70,70,70,70],"card_choices":[{"not_picked":["Dagger Throw","PiercingWail"],"picked":"Flying Knee","floor":1},{"not_picked":["Dodge and Roll","Slice"],"picked":"Caltrops","floor":4},{"not_picked":["Bane","Dodge and Roll"],"picked":"Noxious Fumes","floor":7},{"not_picked":["Dagger Spray","Deadly Poison"],"picked":"Endless Agony","floor":10},{"not_picked":["Eviscerate","Heel Hook"],"picked":"Die Die Die","floor":11},{"not_picked":["Bane","Underhanded Strike"],"picked":"Calculated Gamble","floor":12},{"not_picked":["Riddle With Holes","PiercingWail"],"picked":"Bullet Time","floor":13},{"not_picked":["Phantasmal Killer","Die Die Die"],"picked":"Doppelganger","floor":16},{"not_picked":["Calculated Gamble","Prepared"],"picked":"Outmaneuver","floor":18}],"player_experience":17443,"relics_obtained":[{"floor":9,"key":"Bottled Tornado"},{"floor":17,"key":"Vajra"},{"floor":17,"key":"Ornamental Fan"},{"floor":17,"key":"Peace Pipe"}],"event_choices":[{"damage_healed":0,"gold_gain":0,"player_choice":"Ignored","damage_taken":0,"max_hp_gain":0,"max_hp_loss":0,"event_name":"Golden Idol","floor":2,"gold_loss":0},{"damage_healed":0,"gold_gain":0,"player_choice":"Ignored","damage_taken":0,"max_hp_gain":0,"max_hp_loss":0,"event_name":"Golden Wing","floor":3,"gold_loss":0},{"damage_healed":0,"gold_gain":75,"player_choice":"Gather Gold","damage_taken":11,"max_hp_gain":0,"max_hp_loss":0,"event_name":"World of Goop","floor":5,"gold_loss":0},{"cards_removed":["Terror"],"damage_healed":0,"gold_gain":0,"player_choice":"Card Removal","damage_taken":0,"max_hp_gain":0,"max_hp_loss":0,"event_name":"The Cleric","floor":14,"gold_loss":50}],"is_beta":false,"boss_relics":[{"not_picked":["Ring of the Serpent","Tiny House"],"picked":"Calling Bell"}],"items_purged_floors":[8],"is_endless":false,"potions_floor_spawned":[4,11,13],"killed_by":"Chosen","ascension_level":0}