{"gold_per_floor":[110,127,52,52,52,87,87,101,101,25,60,60,80,118,118,246,246,271,287,287,301,131,131,174,208,261,261,186,197,211,238,238,334,334,347,347,367,367,589,617,617,617],"floor_reached":42,"playtime":3294,"items_purged":["Regret","Normality"],"score":747,"play_id":"7ae1ba44-79fb-47c1-be99-7d5b203b48d7","local_time":"20190709013405","is_ascension_mode":true,"campfire_choices":[{"floor":12,"key":"REST"},{"floor":15,"key":"REST"},{"floor":23,"key":"REST"},{"data":"A Thousand Cuts","floor":32,"key":"SMITH"},{"floor":41,"key":"REST"}],"neow_cost":"CURSE","seed_source_timestamp":325409971345504,"circlet_count":0,"master_deck":["AscendersBane","Strike_G","Strike_G","Strike_G","Strike_G","Strike_G","Defend_G","Defend_G+1","Defend_G","Defend_G+1","Survivor","Neutralize","After Image+1","Dash","Calculated Gamble","Footwork","Infinite Blades","A Thousand Cuts+1","Bouncing Flask+1","Blade Dance+1","Blade Dance+1","Well Laid Plans","Die Die Die","Backflip","Expertise+1","Backflip+1","Crippling Poison+1"],"relics":["Ring of the Snake","Bloody Idol","Strawberry","Gremlin Horn","Mercury Hourglass","Du-Vu Doll","Calling Bell","Matryoshka","Bird Faced Urn","War Paint","MutagenicStrength","Lantern","Red Mask","Oddly Smooth Stone","Anchor","Orichalcum","Empty Cage","Omamori"],"potions_floor_usage":[11,16,33,33,40,42,42],"damage_taken":[{"damage":14,"enemies":"Small Slimes","floor":1,"turns":6},{"damage":3,"enemies":"2 Louse","floor":2,"turns":4},{"damage":17,"enemies":"3 Sentries","floor":6,"turns":12},{"damage":0,"enemies":"Cultist","floor":8,"turns":4},{"damage":26,"enemies":"Lagavulin","floor":11,"turns":10},{"damage":0,"enemies":"3 Louse","floor":13,"turns":4},{"damage":5,"enemies":"Gremlin Nob","floor":14,"turns":5},{"damage":27,"enemies":"Hexaghost","floor":16,"turns":12},{"damage":19,"enemies":"Spheric Guardian","floor":18,"turns":6},{"damage":8,"enemies":"Shell Parasite","floor":19,"turns":6},{"damage":31,"enemies":"Chosen and Byrds","floor":21,"turns":5},{"damage":9,"enemies":"Gremlin Leader","floor":24,"turns":6},{"damage":0,"enemies":"Masked Bandits","floor":25,"turns":4},{"damage":7,"enemies":"Centurion and Healer","floor":29,"turns":6},{"damage":0,"enemies":"Cultist and Chosen","floor":30,"turns":4},{"damage":23,"enemies":"Book of Stabbing","floor":31,"turns":5},{"damage":35,"enemies":"Collector","floor":33,"turns":10},{"damage":36,"enemies":"3 Darklings","floor":35,"turns":5},{"damage":0,"enemies":"3 Shapes","floor":37,"turns":5},{"damage":45,"enemies":"Nemesis","floor":40,"turns":9},{"damage":108,"enemies":"Giant Head","floor":42,"turns":9}],"seed_played":"6765686959798199110","potions_obtained":[{"floor":6,"key":"SteroidPotion"},{"floor":11,"key":"SkillPotion"},{"floor":16,"key":"GamblersBrew"},{"floor":19,"key":"Dexterity Potion"},{"floor":24,"key":"Dexterity Potion"},{"floor":33,"key":"Swift Potion"},{"floor":35,"key":"PowerPotion"},{"floor":40,"key":"GhostInAJar"}],"is_trial":false,"path_per_floor":["M","M","$","?","?","E","?","M","T","$","E","R","M","E","R","B",null,"M","M","?","M","$","R","E","?","T","?","?","M","M","E","R","B",null,"M","?","M","?","?","E","R","E"],"character_chosen":"THE_SILENT","items_purchased":["Footwork","Well Laid Plans"],"campfire_rested":4,"item_purchase_floors":[10,22],"current_hp_per_floor":[49,46,46,46,46,36,36,36,36,36,10,31,31,26,47,20,59,48,46,46,23,23,44,45,51,51,51,51,57,68,56,56,36,63,42,42,55,55,60,30,50,0],"gold":617,"neow_bonus":"THREE_RARE_CARDS","is_prod":false,"is_daily":false,"chose_seed":false,"campfire_upgraded":1,"win_rate":0,"timestamp":1562650445,"path_taken":["M","M","$","?","?","E","?","M","T","$","E","R","M","E","R","BOSS","M","?","?","M","$","R","E","?","T","?","?","M","?","E","R","BOSS","M","?","M","?","?","E","R","E"],"build_version":"2019-07-03","purchased_purges":2,"victory":false,"max_hp_per_floor":[70,70,70,65,65,72,72,72,72,72,72,72,72,72,72,72,72,72,72,72,72,72,72,72,72,72,72,72,72,72,72,72,72,72,72,68,68,68,68,68,68,68],"card_choices":[{"not_picked":["Bullet Time","A Thousand Cuts"],"picked":"After Image","floor":0},{"not_picked":["Dagger Spray","Skewer","Bane"],"picked":"SKIP","floor":1},{"not_picked":["Backstab","Dagger Spray"],"picked":"Dash","floor":2},{"not_picked":["Poisoned Stab","Dagger Spray","Quick Slash"],"picked":"SKIP","floor":6},{"not_picked":["Dagger Throw","Deadly Poison"],"picked":"Calculated Gamble","floor":8},{"not_picked":["Choke","Endless Agony"],"picked":"Infinite Blades","floor":11},{"not_picked":["Storm of Steel","Quick Slash","Underhanded Strike"],"picked":"SKIP","floor":13},{"not_picked":["Poisoned Stab","Quick Slash","Prepared"],"picked":"SKIP","floor":14},{"not_picked":["After Image","Bullet Time"],"picked":"A Thousand Cuts","floor":16},{"not_picked":["Backstab","Leg Sweep+1"],"picked":"Bouncing Flask+1","floor":18},{"not_picked":["Dagger Spray","Caltrops+1"],"picked":"Blade Dance+1","floor":19},{"not_picked":["Poisoned Stab+1","Escape Plan"],"picked":"Blade Dance+1","floor":21},{"not_picked":["Underhanded Strike+1","Dagger Throw"],"picked":"Die Die Die","floor":24},{"not_picked":["Deadly Poison","Outmaneuver+1"],"picked":"Backflip","floor":25},{"not_picked":["Crippling Poison","Terror"],"picked":"Expertise+1","floor":29},{"not_picked":["Terror","Underhanded Strike+1","Flying Knee"],"picked":"SKIP","floor":30},{"not_picked":["Tools of the Trade","Masterful Stab","Slice"],"picked":"SKIP","floor":31},{"not_picked":["Endless Agony+1","Flying Knee+1","Catalyst"],"picked":"SKIP","floor":35},{"not_picked":["Accuracy","Heel Hook"],"picked":"Backflip+1","floor":37},{"not_picked":["Heel Hook+1","Prepared"],"picked":"Crippling Poison+1","floor":40}],"player_experience":719428,"relics_obtained":[{"floor":6,"key":"Strawberry"},{"floor":9,"key":"Gremlin Horn"},{"floor":11,"key":"Mercury Hourglass"},{"floor":14,"key":"Du-Vu Doll"},{"floor":17,"key":"Matryoshka"},{"floor":17,"key":"Bird Faced Urn"},{"floor":17,"key":"War Paint"},{"floor":24,"key":"Lantern"},{"floor":25,"key":"Red Mask"},{"floor":26,"key":"Oddly Smooth Stone"},{"floor":26,"key":"Anchor"},{"floor":31,"key":"Orichalcum"},{"floor":40,"key":"Omamori"}],"event_choices":[{"damage_healed":0,"gold_gain":0,"player_choice":"Lose Max HP","damage_taken":0,"relics_obtained":["Golden Idol"],"max_hp_gain":0,"max_hp_loss":5,"event_name":"Golden Idol","floor":4,"gold_loss":0},{"damage_healed":0,"gold_gain":0,"player_choice":"Grow","damage_taken":0,"max_hp_gain":0,"max_hp_loss":0,"event_name":"Living Wall","floor":5,"gold_loss":0,"cards_upgraded":["After Image"]},{"damage_healed":0,"gold_gain":0,"player_choice":"Bought 0 Potions","damage_taken":0,"max_hp_gain":0,"max_hp_loss":0,"event_name":"The Woman in Blue","floor":7,"gold_loss":0},{"damage_healed":0,"gold_gain":0,"player_choice":"Inject Mutagens","damage_taken":0,"relics_obtained":["MutagenicStrength"],"max_hp_gain":0,"max_hp_loss":0,"event_name":"Drug Dealer","floor":20,"gold_loss":0},{"damage_healed":0,"gold_gain":0,"player_choice":"Fought Bandits","damage_taken":0,"max_hp_gain":0,"max_hp_loss":0,"event_name":"Masked Bandits","floor":25,"gold_loss":0},{"damage_healed":0,"gold_gain":0,"player_choice":"Gave Idol","damage_taken":0,"relics_obtained":["Bloody Idol"],"max_hp_gain":0,"max_hp_loss":0,"event_name":"Forgotten Altar","floor":27,"relics_lost":["Golden Idol"],"gold_loss":0},{"cards_removed":["Doubt"],"damage_healed":0,"gold_gain":0,"player_choice":"Gave Gold","damage_taken":0,"max_hp_gain":0,"max_hp_loss":0,"event_name":"Beggar","floor":28,"gold_loss":75},{"damage_healed":0,"gold_gain":0,"player_choice":"Max HP","damage_taken":0,"max_hp_gain":0,"max_hp_loss":4,"event_name":"Winding Halls","floor":36,"gold_loss":0},{"damage_healed":0,"gold_gain":0,"player_choice":"Memory 1","damage_taken":0,"max_hp_gain":0,"max_hp_loss":0,"event_name":"SensoryStone","floor":38,"gold_loss":0},{"damage_healed":0,"gold_gain":222,"player_choice":"Wore Mask","damage_taken":0,"max_hp_gain":0,"max_hp_loss":0,"event_name":"Tomb of Lord Red Mask","floor":39,"gold_loss":0}],"is_beta":true,"boss_relics":[{"not_picked":["White Beast Statue","Philosopher\u0027s Stone"],"picked":"Calling Bell"},{"not_picked":["Pandora\u0027s Box","Velvet Choker"],"picked":"Empty Cage"}],"items_purged_floors":[3,22],"is_endless":false,"potions_floor_spawned":[6,11,16,19,24,25,31,33,35,37,40],"killed_by":"Giant Head","ascension_level":11}