{"gold_per_floor":[115,290,290,303,132,132,148,148,148,148,177,197,207,219,219,324,324,343,356,115,134,145,145,161,179,179,193,193,193,48,63,63,161,211,229,229,34,45,45,45,71,71,71,83,102,202,215,115,115,115],"floor_reached":50,"playtime":6236,"items_purged":["Pain","Doubt","Strike_R","Strike_R","Strike_R"],"score":553,"play_id":"1dcce235-6212-4f40-91a0-8804a1ac6af0","local_time":"20181229134859","is_ascension_mode":false,"campfire_choices":[{"data":"Anger","floor":8.0,"key":"SMITH"},{"data":"Body Slam","floor":15,"key":"SMITH"},{"data":"Armaments","floor":23,"key":"SMITH"},{"data":"True Grit","floor":28,"key":"SMITH"},{"data":"Rage","floor":32,"key":"SMITH"},{"data":"Barricade","floor":40,"key":"SMITH"},{"data":"Juggernaut","floor":42,"key":"SMITH"},{"data":"Double Tap","floor":49,"key":"SMITH"}],"neow_cost":"PERCENT_DAMAGE","seed_source_timestamp":48549968019721,"circlet_count":0,"master_deck":["Strike_R","Strike_R","Defend_R","Defend_R","Defend_R","Defend_R","Bash","Anger+1","Shrug It Off","Body Slam+1","Ghostly Armor+1","Bash","Rage+1","Shrug It Off","Clothesline","Double Tap+1","Shrug It Off","Seeing Red+1","Reaper","True Grit+1","Armaments+1","Feel No Pain+1","Ghostly Armor","Pommel Strike+1","Purity+1","Flame Barrier+1","Juggernaut+1","Entrench+1","Blind+1","Barricade+1","Body Slam+1","Entrench+1","Body Slam+1","Warcry+1"],"special_seed":0,"relics":["Burning Blood","WarpedTongs","Magic Flower","Mercury Hourglass","Smiling Mask","Sozu","Toxic Egg 2","Orichalcum","Tiny House","Oddly Smooth Stone","Pantograph","FossilizedHelix"],"potions_floor_usage":[16,21],"damage_taken":[{"damage":12.0,"enemies":"Cultist","floor":1.0,"turns":5.0},{"damage":7.0,"enemies":"2 Louse","floor":4.0,"turns":3.0},{"damage":2.0,"enemies":"Jaw Worm","floor":7.0,"turns":3.0},{"damage":11.0,"enemies":"Gremlin Nob","floor":11.0,"turns":5.0},{"damage":2.0,"enemies":"Large Slime","floor":12.0,"turns":5.0},{"damage":15.0,"enemies":"Gremlin Gang","floor":13.0,"turns":5.0},{"damage":0.0,"enemies":"Lots of Slimes","floor":14.0,"turns":3.0},{"damage":23,"enemies":"Slime Boss","floor":16,"turns":12},{"damage":9,"enemies":"Chosen","floor":18,"turns":5},{"damage":6,"enemies":"Spheric Guardian","floor":19,"turns":4},{"damage":32,"enemies":"Cultist and Chosen","floor":21,"turns":6},{"damage":5,"enemies":"Snake Plant","floor":22,"turns":4},{"damage":13,"enemies":"Centurion and Healer","floor":24,"turns":9},{"damage":21,"enemies":"3 Cultists","floor":25,"turns":7},{"damage":6,"enemies":"Snecko","floor":27,"turns":6},{"damage":24,"enemies":"Shelled Parasite and Fungi","floor":31,"turns":6},{"damage":75,"enemies":"Automaton","floor":33,"turns":16},{"damage":18,"enemies":"3 Shapes","floor":35,"turns":6},{"damage":18,"enemies":"3 Darklings","floor":38,"turns":6},{"damage":0,"enemies":"Giant Head","floor":41,"turns":10},{"damage":17,"enemies":"Jaw Worm Horde","floor":44,"turns":5},{"damage":0,"enemies":"Sphere and 2 Shapes","floor":45,"turns":5},{"damage":0,"enemies":"Mind Bloom Boss Battle","floor":46,"turns":7},{"damage":9,"enemies":"3 Darklings","floor":47,"turns":7},{"damage":106,"enemies":"Time Eater","floor":50,"turns":15}],"seed_played":"-8074437496801100802","potions_obtained":[{"floor":1.0,"key":"FearPotion"},{"floor":7.0,"key":"Swift Potion"},{"floor":13.0,"key":"BloodPotion"},{"floor":16,"key":"Energy Potion"}],"is_trial":false,"path_per_floor":["M","?","?","M","$","?","M","R","T","?","E","M","M","M","M","R","B",null,"M","M","$","M","M","R","M","M","T","M","R","?","$","M","R","B",null,"M","?","$","M","?","R","E","R","T","M","M","?","M","$","R","B"],"character_chosen":"IRONCLAD","items_purchased":["Shrug It Off","Body Slam","Reaper","True Grit","Purity+1","Barricade","Warcry+1"],"campfire_rested":0,"item_purchase_floors":[5,5,20,20,30,37,48],"current_hp_per_floor":[66,66,66,65,65,58,65,65,65,65,63,70,64,73,73,59,96,96,96,96,92,96,96,96,96,96,96,96,96,96,81,81,15,101,92,92,92,83,83,83,100,100,100,92,101,101,101,101,101,0],"gold":115,"neow_bonus":"TWENTY_PERCENT_HP_BONUS","is_prod":false,"is_daily":false,"chose_seed":false,"campfire_upgraded":8,"win_rate":0.0,"timestamp":1546109339,"path_taken":["M","?","?","?","$","?","M","R","T","?","E","M","M","M","R","BOSS","M","?","$","M","?","R","M","?","T","M","R","?","$","M","R","BOSS","M","?","$","M","?","R","E","R","T","M","M","?","M","$","R","BOSS"],"build_version":"2018-12-20","purchased_purges":5,"victory":false,"max_hp_per_floor":[96,96,96,96,96,96,96,96,96,96,96,96,96,96,96,96,96,96,96,96,96,96,96,96,96,96,96,96,96,96,96,96,96,101,101,101,101,101,101,101,101,101,101,101,101,101,101,101,101,101],"card_choices":[{"not_picked":["Combust","Clash","Perfected Strike"],"picked":"SKIP","floor":1.0},{"not_picked":["Dropkick","Clothesline"],"picked":"Anger","floor":4.0},{"not_picked":["Iron Wave","Searing Blow"],"picked":"Ghostly Armor","floor":7.0},{"not_picked":["Inflame","Power Through"],"picked":"Rage","floor":11.0},{"not_picked":["Second Wind","Bloodletting"],"picked":"Shrug It Off","floor":12.0},{"not_picked":["Hemokinesis","Twin Strike"],"picked":"Clothesline","floor":13.0},{"not_picked":["Anger","Spot Weakness","Twin Strike"],"picked":"SKIP","floor":14},{"not_picked":["Berserk","Dark Embrace"],"picked":"Double Tap","floor":16},{"not_picked":["Ghostly Armor","Iron Wave+1"],"picked":"Shrug It Off","floor":18},{"not_picked":["Anger","Cleave"],"picked":"Seeing Red+1","floor":19},{"not_picked":["Headbutt","Infernal Blade"],"picked":"Armaments","floor":21},{"not_picked":["Headbutt","Blood for Blood"],"picked":"Feel No Pain+1","floor":22},{"not_picked":["Perfected Strike","Iron Wave"],"picked":"Ghostly Armor","floor":24},{"not_picked":["Flex+1","Thunderclap","Twin Strike"],"picked":"SKIP","floor":25},{"not_picked":["Headbutt","Metallicize"],"picked":"Pommel Strike+1","floor":27},{"not_picked":["Carnage+1","Perfected Strike"],"picked":"Flame Barrier+1","floor":31},{"not_picked":["Feed","Bludgeon"],"picked":"Juggernaut","floor":33},{"not_picked":["Twin Strike","Perfected Strike"],"picked":"Entrench+1","floor":35},{"not_picked":["Thinking Ahead+1","Deep Breath+1"],"picked":"Blind+1","floor":36},{"not_picked":["Iron Wave+1","Bloodletting+1"],"picked":"Body Slam+1","floor":38},{"not_picked":["Twin Strike+1","Pummel+1","Sword Boomerang"],"picked":"SKIP","floor":41},{"not_picked":["Blood for Blood","True Grit+1"],"picked":"Entrench+1","floor":44},{"not_picked":["Pommel Strike+1","Twin Strike"],"picked":"Body Slam+1","floor":45},{"not_picked":["Sword Boomerang+1","Anger+1","Reaper"],"picked":"SKIP","floor":47}],"player_experience":36937,"relics_obtained":[{"floor":9.0,"key":"Mercury Hourglass"},{"floor":11.0,"key":"Smiling Mask"},{"floor":26,"key":"Toxic Egg 2"},{"floor":41,"key":"Oddly Smooth Stone"},{"floor":43,"key":"Pantograph"},{"floor":46,"key":"FossilizedHelix"}],"event_choices":[{"damage_healed":0.0,"max_hp_gain":0.0,"max_hp_loss":0.0,"gold_gain":175.0,"event_name":"Liars Game","player_choice":"AGREE","floor":2.0,"gold_loss":0.0,"damage_taken":0.0,"cards_obtained":["Doubt"]},{"damage_healed":0.0,"max_hp_gain":0.0,"max_hp_loss":0.0,"gold_gain":0.0,"event_name":"Accursed Blacksmith","player_choice":"Rummage","floor":3.0,"gold_loss":0.0,"damage_taken":0.0,"relics_obtained":["WarpedTongs"],"cards_obtained":["Pain"]},{"damage_healed":0.0,"max_hp_gain":0.0,"max_hp_loss":0.0,"gold_gain":0.0,"event_name":"Scrap Ooze","player_choice":"Success","floor":6.0,"gold_loss":0.0,"damage_taken":7.0,"relics_obtained":["Magic Flower"]},{"damage_healed":0.0,"max_hp_gain":0.0,"max_hp_loss":0.0,"gold_gain":0.0,"event_name":"Match and Keep!","player_choice":"2 cards matched","floor":10.0,"gold_loss":0.0,"damage_taken":0.0,"cards_obtained":["Bash","Flame Barrier"]},{"damage_healed":0,"gold_gain":0,"player_choice":"Opened","damage_taken":0,"relics_obtained":["Orichalcum"],"max_hp_gain":0,"max_hp_loss":0,"event_name":"The Mausoleum","floor":29,"gold_loss":0},{"damage_healed":0,"gold_gain":0,"player_choice":"Memory 1","damage_taken":0,"max_hp_gain":0,"max_hp_loss":0,"event_name":"SensoryStone","floor":36,"gold_loss":0},{"cards_removed":["Flame Barrier"],"damage_healed":0,"gold_gain":0,"player_choice":"Removed Skill","damage_taken":0,"max_hp_gain":0,"max_hp_loss":0,"event_name":"Falling","floor":39,"gold_loss":0},{"damage_healed":0,"gold_gain":0,"player_choice":"Fight","damage_taken":0,"max_hp_gain":0,"max_hp_loss":0,"event_name":"MindBloom","floor":46,"gold_loss":0}],"is_beta":false,"boss_relics":[{"not_picked":["Philosopher\u0027s Stone","Runic Dome"],"picked":"Sozu"},{"not_picked":["Busted Crown","Coffee Dripper"],"picked":"Tiny House"}],"items_purged_floors":[5,20,30,37,48],"is_endless":false,"potions_floor_spawned":[1,7,13,14,16,21,22,31,33,45,47],"killed_by":"Time Eater","ascension_level":0}