{"gold_per_floor":[119,119,5,18,18,18,62,80,380,399,399,399,413,26,26,26],"floor_reached":16,"playtime":556,"items_purged":["Strike_R"],"score":120,"play_id":"8a524971-b053-4691-ab30-3a60279d0da2","local_time":"20190709124737","is_ascension_mode":true,"campfire_choices":[{"data":"True Grit","floor":6,"key":"SMITH"},{"floor":15,"key":"REST"}],"neow_cost":"NONE","seed_source_timestamp":930686417396700,"circlet_count":0,"master_deck":["Strike_R","Strike_R","Strike_R","Defend_R","Defend_R","Defend_R","Defend_R","Bash","Exhume","True Grit+1","Second Wind","Iron Wave+1","Double Tap","Headbutt","Entrench+1","Pummel","Body Slam","Shrug It Off","True Grit"],"relics":["Burning Blood","Golden Idol","Du-Vu Doll","Old Coin","Shuriken"],"potions_floor_usage":[10,16,16],"damage_taken":[{"damage":7,"enemies":"2 Louse","floor":1,"turns":3},{"damage":11,"enemies":"Cultist","floor":4,"turns":6},{"damage":54,"enemies":"Lagavulin","floor":7,"turns":12},{"damage":12,"enemies":"Small Slimes","floor":8,"turns":4},{"damage":2,"enemies":"Looter","floor":10,"turns":4},{"damage":17,"enemies":"Lots of Slimes","floor":13,"turns":6},{"damage":34,"enemies":"Slime Boss","floor":16,"turns":8}],"seed_played":"3106995894747905247","potions_obtained":[{"floor":7,"key":"SteroidPotion"},{"floor":8,"key":"GamblersBrew"},{"floor":10,"key":"Strength Potion"}],"is_trial":false,"path_per_floor":["M","?","$","M","?","R","E","M","T","M","?","?","M","$","R","B"],"character_chosen":"IRONCLAD","items_purchased":["Second Wind","Shrug It Off","Shuriken","True Grit","Block Potion"],"campfire_rested":1,"item_purchase_floors":[3,14,14,14,14],"current_hp_per_floor":[79,74,74,69,69,69,21,15,15,19,19,19,8,8,30,0],"gold":26,"neow_bonus":"ONE_RANDOM_RARE_CARD","is_prod":false,"is_daily":false,"chose_seed":false,"campfire_upgraded":1,"win_rate":0,"timestamp":1562690857,"path_taken":["M","?","$","M","?","R","E","?","T","M","?","?","?","$","R","BOSS"],"build_version":"2019-01-23","purchased_purges":1,"victory":false,"max_hp_per_floor":[80,74,74,74,74,74,74,74,74,74,74,74,74,74,74,74],"card_choices":[{"not_picked":["Havoc","Body Slam"],"picked":"True Grit","floor":1},{"not_picked":["Heavy Blade","Blood for Blood"],"picked":"Iron Wave","floor":4},{"not_picked":["Cleave","Feed"],"picked":"Double Tap","floor":7},{"not_picked":["Disarm","Hemokinesis"],"picked":"Headbutt","floor":8},{"not_picked":["Battle Trance","Perfected Strike"],"picked":"Entrench","floor":10},{"not_picked":["Sword Boomerang","Clash"],"picked":"Body Slam","floor":13}],"player_experience":191215,"relics_obtained":[{"floor":7,"key":"Du-Vu Doll"},{"floor":9,"key":"Old Coin"}],"event_choices":[{"damage_healed":0,"gold_gain":0,"player_choice":"Lose Max HP","damage_taken":0,"relics_obtained":["Golden Idol"],"max_hp_gain":0,"max_hp_loss":6,"event_name":"Golden Idol","floor":2,"gold_loss":0},{"damage_healed":0,"gold_gain":0,"player_choice":"Upgraded","damage_taken":0,"max_hp_gain":0,"max_hp_loss":0,"event_name":"Upgrade Shrine","floor":5,"gold_loss":0,"cards_upgraded":["Iron Wave"]},{"damage_healed":0,"gold_gain":0,"cards_transformed":["Strike_R"],"player_choice":"Change","damage_taken":0,"max_hp_gain":0,"max_hp_loss":0,"event_name":"Living Wall","floor":11,"gold_loss":0,"cards_obtained":["Pummel"]},{"damage_healed":0,"gold_gain":0,"player_choice":"Forge","damage_taken":0,"max_hp_gain":0,"max_hp_loss":0,"event_name":"Accursed Blacksmith","floor":12,"gold_loss":0,"cards_upgraded":["Entrench"]}],"is_beta":false,"boss_relics":[],"items_purged_floors":[3],"is_endless":false,"potions_floor_spawned":[7,8,10],"killed_by":"Slime Boss","ascension_level":4}