{"gold_per_floor":[111,124,124,141,158,168,184,145,172,198,211,231,231,231,231,329,329,342,342,441,454,454,454,28,62,142,112,131,164,164,184,184,184],"floor_reached":33,"playtime":3550,"items_purged":[],"score":289,"play_id":"ae8aac4c-a4ae-473e-902c-8cabb532a0cd","local_time":"20180709213106","is_ascension_mode":false,"campfire_choices":[{"data":"Flame Barrier","floor":13,"key":"SMITH"},{"floor":15,"key":"REST"},{"floor":23,"key":"REST"},{"floor":30,"key":"REST"},{"floor":32,"key":"REST"}],"neow_cost":"NONE","seed_source_timestamp":49773734016380,"circlet_count":0,"master_deck":["Strike_R","Strike_R","Strike_R+1","Strike_R","Strike_R","Defend_R","Defend_R","Defend_R","Bash","Shockwave","Dropkick","Infernal Blade+1","Flex","Body Slam","Flex","Battle Trance","Infernal Blade","Flame Barrier+1","Iron Wave","Battle Trance","Reaper","Rupture+1","Iron Wave","Body Slam+1","Flex+1","Pommel Strike+1","Inflame"],"relics":["Burning Blood","Blood Vial","Orichalcum","Potion Belt","Fusion Hammer","Membership Card","Unceasing Top","Bag of Marbles","Mummified Hand","Juzu Bracelet"],"potions_floor_usage":[10,33,33,33,33,33],"damage_taken":[{"damage":5,"enemies":"Cultist","floor":1,"turns":4},{"damage":0,"enemies":"Small Slimes","floor":2,"turns":3},{"damage":9,"enemies":"2 Louse","floor":4,"turns":3},{"damage":5,"enemies":"Looter","floor":5,"turns":3},{"damage":18,"enemies":"Red Slaver","floor":6,"turns":4},{"damage":5,"enemies":"3 Louse","floor":7,"turns":3},{"damage":19,"enemies":"3 Sentries","floor":10,"turns":4},{"damage":0,"enemies":"2 Fungi Beasts","floor":11,"turns":3},{"damage":5,"enemies":"Large Slime","floor":12,"turns":5},{"damage":63,"enemies":"Hexaghost","floor":16,"turns":10},{"damage":6,"enemies":"Shell Parasite","floor":18,"turns":5},{"damage":0,"enemies":"3 Byrds","floor":21,"turns":3},{"damage":55,"enemies":"Gremlin Leader","floor":25,"turns":8},{"damage":19,"enemies":"Centurion and Healer","floor":28,"turns":5},{"damage":28,"enemies":"Book of Stabbing","floor":29,"turns":5},{"damage":30,"enemies":"Chosen and Byrds","floor":31,"turns":7},{"damage":81,"enemies":"Automaton","floor":33,"turns":6}],"seed_played":"-8031125237731974612","potions_obtained":[{"floor":1,"key":"Strength Potion"},{"floor":4,"key":"PowerPotion"},{"floor":5,"key":"SteroidPotion"},{"floor":21,"key":"PowerPotion"},{"floor":27,"key":"Dexterity Potion"},{"floor":27,"key":"Strength Potion"},{"floor":29,"key":"Strength Potion"}],"is_trial":false,"path_per_floor":["M","M","?","M","M","M","M","$","T","E","M","M","R","?","R","B",null,"M","$","?","M","?","R","$","E","T","?","M","E","R","M","R"],"character_chosen":"IRONCLAD","items_purchased":["Infernal Blade","Membership Card","Unceasing Top"],"campfire_rested":4,"item_purchase_floors":[8,24,24],"current_hp_per_floor":[80,80,64,65,66,54,55,55,55,44,52,55,55,48,72,17,80,80,80,80,80,64,80,80,52,52,52,55,35,59,52,76,0],"gold":184,"neow_bonus":"TRANSFORM_CARD","is_prod":false,"is_daily":false,"chose_seed":false,"campfire_upgraded":1,"win_rate":0.0,"timestamp":1531161066,"path_taken":["M","?","?","M","M","M","M","$","T","E","M","M","R","?","R","BOSS","M","$","?","M","?","R","?","E","T","?","M","E","R","M","R","BOSS"],"build_version":"2018-07-05","purchased_purges":0,"victory":false,"max_hp_per_floor":[80,80,80,80,80,80,80,80,80,80,80,80,80,80,80,80,80,80,80,80,80,80,80,80,80,80,80,80,80,80,80,80,80],"card_choices":[{"not_picked":["Second Wind","Headbutt"],"picked":"Dropkick","floor":1},{"not_picked":["Sever Soul","Ghostly Armor"],"picked":"Infernal Blade","floor":2},{"not_picked":["Twin Strike","Perfected Strike"],"picked":"Flex","floor":4},{"not_picked":["Sever Soul","Cleave"],"picked":"Body Slam","floor":5},{"not_picked":["Clothesline","Thunderclap"],"picked":"Flex","floor":6},{"not_picked":["Pummel","Thunderclap"],"picked":"Battle Trance","floor":7},{"not_picked":["Power Through","Rampage"],"picked":"Flame Barrier","floor":10},{"not_picked":["True Grit","Feel No Pain"],"picked":"Iron Wave","floor":11},{"not_picked":["Twin Strike","Body Slam"],"picked":"Battle Trance","floor":12},{"not_picked":["Offering","Feed"],"picked":"Reaper","floor":16},{"not_picked":["Clothesline","Body Slam"],"picked":"Rupture+1","floor":18},{"not_picked":["Flex","Warcry"],"picked":"Iron Wave","floor":21},{"not_picked":["Perfected Strike","Headbutt"],"picked":"Body Slam+1","floor":25},{"not_picked":["Entrench+1","Infernal Blade+1"],"picked":"Flex+1","floor":28},{"not_picked":["Headbutt+1","Shrug It Off"],"picked":"Pommel Strike+1","floor":29},{"not_picked":["Feel No Pain+1","Rupture"],"picked":"Inflame","floor":31}],"player_experience":4836,"relics_obtained":[{"floor":9,"key":"Blood Vial"},{"floor":10,"key":"Orichalcum"},{"floor":25,"key":"Bag of Marbles"},{"floor":26,"key":"Mummified Hand"},{"floor":29,"key":"Juzu Bracelet"}],"event_choices":[{"event_name":"Shining Light","player_choice":"Entered Light","floor":3,"damage_taken":0},{"event_name":"Scrap Ooze","player_choice":"success","floor":14,"damage_taken":7},{"event_name":"Nest","player_choice":"Stole From Cult","floor":20,"damage_taken":0},{"event_name":"Cursed Tome","player_choice":"Obtained Book","floor":22,"damage_taken":0},{"event_name":"The Woman in Blue","player_choice":"Bought 2 Potions","floor":27,"damage_taken":0}],"boss_relics":[{"not_picked":["Orrery","Calling Bell"],"picked":"Fusion Hammer"}],"items_purged_floors":[],"is_endless":false,"potions_floor_spawned":[1,4,5,7,21,29],"killed_by":"Automaton","ascension_level":0}