{"gold_per_floor":[112,112,37,55,73,73,85,95,166,166,177,204,204,204,204,303,303,313,329,35,54,54,54,54,54,54,54,4,4,23,23,23,120,120,138,138,153,153,168,168,168],"floor_reached":41,"playtime":3291,"items_purged":["Regret","Strike_R","Defend_R"],"score":418,"play_id":"4baad2ca-29d8-40ae-94f0-2a5aedbdd8c7","local_time":"20181013000531","is_ascension_mode":false,"campfire_choices":[{"data":"Iron Wave","floor":6,"key":"SMITH"},{"data":"Entrench","floor":10,"key":"SMITH"},{"data":"Ghostly Armor","floor":13,"key":"SMITH"},{"floor":15,"key":"REST"},{"floor":23,"key":"REST"},{"floor":25,"key":"REST"},{"data":"Ghostly","floor":32,"key":"SMITH"},{"data":"Barricade","floor":40,"key":"SMITH"}],"neow_cost":"NONE","seed_source_timestamp":15898835238615,"circlet_count":0,"master_deck":["Strike_R","Strike_R","Strike_R+1","Defend_R","Defend_R","Defend_R","Bash","Twin Strike","Burning Pact","Iron Wave+1","Entrench+1","Ghostly Armor+1","Headbutt+1","Demon Form","Iron Wave","Barricade+1","Shrug It Off","Discovery","Ghostly+1","Ghostly","Ghostly","Ghostly","Ghostly","Limit Break","Flex+1","Sentinel+1"],"relics":["Burning Blood","Bird Faced Urn","Dodecahedron","Lizard Tail","Tiny Chest","Shuriken","Nloth\u0027s Gift","Eternal Feather"],"potions_floor_usage":[16,22,30,41,41],"damage_taken":[{"damage":7,"enemies":"Small Slimes","floor":1,"turns":3},{"damage":1,"enemies":"2 Louse","floor":4,"turns":4},{"damage":0,"enemies":"Cultist","floor":5,"turns":4},{"damage":6,"enemies":"2 Fungi Beasts","floor":7,"turns":4},{"damage":3,"enemies":"Looter","floor":8,"turns":4},{"damage":1,"enemies":"Red Slaver","floor":11,"turns":5},{"damage":27,"enemies":"Gremlin Nob","floor":12,"turns":4},{"damage":42,"enemies":"Slime Boss","floor":16,"turns":19},{"damage":26,"enemies":"Shell Parasite","floor":18,"turns":13},{"damage":18,"enemies":"Chosen","floor":19,"turns":8},{"damage":25,"enemies":"Centurion and Healer","floor":21,"turns":10},{"damage":30,"enemies":"3 Cultists","floor":22,"turns":5},{"damage":20,"enemies":"Colosseum Slavers","floor":27,"turns":5},{"damage":50,"enemies":"Snake Plant","floor":30,"turns":9},{"damage":29,"enemies":"Automaton","floor":33,"turns":27},{"damage":8,"enemies":"3 Shapes","floor":35,"turns":17},{"damage":2,"enemies":"3 Darklings","floor":37,"turns":19},{"damage":0,"enemies":"Sphere and 2 Shapes","floor":39,"turns":10},{"damage":44,"enemies":"Reptomancer","floor":41,"turns":10}],"seed_played":"-8554803546371150218","potions_obtained":[{"floor":5,"key":"Fire Potion"},{"floor":11,"key":"GamblersBrew"},{"floor":16,"key":"Poison Potion"},{"floor":19,"key":"SmokeBomb"},{"floor":33,"key":"Weak Potion"},{"floor":39,"key":"BloodPotion"}],"is_trial":false,"path_per_floor":["M","?","$","M","M","R","M","M","T","R","M","E","R","?","R","B",null,"M","M","$","M","M","R","?","R","T","?","$","?","M","?","R","B",null,"M","$","M","?","M","R"],"character_chosen":"IRONCLAD","items_purchased":["Shrug It Off","Discovery","Tiny Chest"],"campfire_rested":3,"item_purchase_floors":[20,20,20],"current_hp_per_floor":[79,79,79,80,80,80,80,80,80,80,80,59,59,43,67,31,80,60,50,50,35,13,37,37,61,61,47,47,47,46,40,40,17,40,40,40,40,38,38,38,0],"gold":168,"neow_bonus":"TRANSFORM_CARD","is_prod":false,"is_daily":false,"chose_seed":false,"campfire_upgraded":5,"win_rate":0,"timestamp":1539378331,"path_taken":["M","?","?","M","M","R","M","M","T","R","M","E","R","?","R","BOSS","M","M","$","M","M","R","?","R","T","?","$","?","M","?","R","BOSS","M","$","M","?","M","R","?"],"build_version":"2018-10-11","purchased_purges":3,"victory":false,"max_hp_per_floor":[80,80,80,80,80,80,80,80,80,80,80,80,80,80,80,80,80,80,80,80,80,80,80,80,80,80,80,80,80,80,40,40,40,40,40,40,40,38,38,38,38],"card_choices":[{"not_picked":["Warcry","Clash"],"picked":"Burning Pact","floor":1},{"not_picked":["Warcry","Shrug It Off"],"picked":"Iron Wave","floor":4},{"not_picked":["Corruption","Twin Strike","Reckless Charge"],"picked":"SKIP","floor":5},{"not_picked":["Berserk","Searing Blow","Sword Boomerang"],"picked":"SKIP","floor":7},{"not_picked":["Hemokinesis","Shrug It Off"],"picked":"Entrench","floor":8},{"not_picked":["Warcry","Sever Soul"],"picked":"Ghostly Armor","floor":11},{"not_picked":["Evolve","True Grit"],"picked":"Headbutt","floor":12},{"not_picked":["Berserk","Brutality"],"picked":"Demon Form","floor":16},{"not_picked":["Thunderclap","Havoc"],"picked":"Iron Wave","floor":18},{"not_picked":["Body Slam","Thunderclap"],"picked":"Barricade","floor":19},{"not_picked":["Havoc","True Grit","Shockwave"],"picked":"SKIP","floor":21},{"not_picked":["Spot Weakness+1","Feed","Clash"],"picked":"SKIP","floor":30},{"not_picked":["Dark Embrace","Fiend Fire"],"picked":"Limit Break","floor":33},{"not_picked":["Intimidate+1","Cleave","Reckless Charge+1"],"picked":"SKIP","floor":35},{"not_picked":["Rupture","Blood for Blood+1"],"picked":"Flex+1","floor":37},{"not_picked":["Dropkick+1","Clothesline"],"picked":"Sentinel+1","floor":39}],"player_experience":73144,"relics_obtained":[{"floor":9,"key":"Dodecahedron"},{"floor":12,"key":"Smiling Mask"},{"floor":26,"key":"Shuriken"}],"event_choices":[{"event_name":"Big Fish","player_choice":"Box","floor":2,"damage_taken":0},{"event_name":"Shining Light","player_choice":"Entered Light","floor":14,"damage_taken":0},{"event_name":"Beggar","player_choice":"Ignored","floor":24,"damage_taken":0},{"event_name":"Colosseum","player_choice":"Fight","floor":27,"damage_taken":0},{"event_name":"Colosseum","player_choice":"Fled From Nobs","floor":27,"damage_taken":0},{"event_name":"N\u0027loth","player_choice":"Traded a Smiling Mask","floor":29,"damage_taken":0},{"event_name":"Ghosts","player_choice":"Became a Ghost","floor":31,"damage_taken":0},{"event_name":"Winding Halls","player_choice":"Max HP","floor":38,"damage_taken":0}],"is_beta":false,"boss_relics":[{"not_picked":["Astrolabe","Tiny House"],"picked":"Lizard Tail"},{"not_picked":["Calling Bell","Philosopher\u0027s Stone"],"picked":"Eternal Feather"}],"items_purged_floors":[3,20,28],"is_endless":false,"potions_floor_spawned":[5,11,16,19,22,33,39],"killed_by":"Reptomancer","ascension_level":0}