{"gold_per_floor":[19,19,19,19,31,65,65,90,90,109,109,34,34,50,50,147,147,157,157,33,33,43,43,63,89,89,89,37,37,37,50,50,148,148,159,159,259,259,273,273,285,331,331,366,113,146,163,173,173,173,173,173,73,108,108],"floor_reached":56,"playtime":3476,"items_purged":["Strike_B","Strike_B","Defend_B","Defend_B"],"score":1471,"play_id":"b7814ea8-8ee3-4025-b72b-8a8cef9e76c0","local_time":"20190228123107","is_ascension_mode":false,"campfire_choices":[{"data":"Gash","floor":15.0,"key":"SMITH"},{"data":"Go for the Eyes","floor":23.0,"key":"SMITH"},{"data":"Zap","floor":27.0,"key":"SMITH"},{"floor":32.0,"key":"REST"},{"data":"Seek","floor":40.0,"key":"SMITH"},{"floor":49.0,"key":"RECALL"},{"data":"Dualcast","floor":52,"key":"SMITH"}],"neow_cost":"NO_GOLD","seed_source_timestamp":0,"circlet_count":0,"master_deck":["Defend_B","Zap+1","Dualcast+1","Gash+1","Buffer","Go for the Eyes+1","Steam","Steam","Steam+1","Beam Cell+1","Gash","Seek+1","Gash+1","Reprogram+1","Gash+1"],"special_seed":0,"relics":["Cracked Core","FossilizedHelix","Prayer Wheel","Juzu Bracelet","Dream Catcher","Singing Bowl","White Beast Statue","Turnip","Anchor","Smiling Mask","Inserter","Unceasing Top","Emotion Chip","Bottled Lightning","Medical Kit","Bag of Preparation","Art of War"],"potions_floor_usage":[55,55,55],"damage_taken":[{"damage":0.0,"enemies":"Small Slimes","floor":1.0,"turns":4.0},{"damage":0.0,"enemies":"2 Louse","floor":5.0,"turns":2.0},{"damage":43.0,"enemies":"3 Sentries","floor":6.0,"turns":12.0},{"damage":0.0,"enemies":"Cultist","floor":10.0,"turns":4.0},{"damage":8.0,"enemies":"Large Slime","floor":14.0,"turns":5.0},{"damage":37.0,"enemies":"The Guardian","floor":16.0,"turns":12.0},{"damage":0.0,"enemies":"Chosen","floor":18.0,"turns":6.0},{"damage":20.0,"enemies":"Shell Parasite","floor":22.0,"turns":13.0},{"damage":15.0,"enemies":"Centurion and Healer","floor":24.0,"turns":15.0},{"damage":30.0,"enemies":"Slavers","floor":25.0,"turns":5.0},{"damage":0.0,"enemies":"Snake Plant","floor":31.0,"turns":6.0},{"damage":57.0,"enemies":"Automaton","floor":33.0,"turns":11.0},{"damage":43.0,"enemies":"3 Darklings","floor":35.0,"turns":11.0},{"damage":32.0,"enemies":"Mind Bloom Boss Battle","floor":37.0,"turns":15.0},{"damage":7.0,"enemies":"3 Shapes","floor":39.0,"turns":6.0},{"damage":0.0,"enemies":"Jaw Worm Horde","floor":41.0,"turns":4.0},{"damage":18.0,"enemies":"2 Orb Walkers","floor":42.0,"turns":5.0},{"damage":0.0,"enemies":"Giant Head","floor":44.0,"turns":5.0},{"damage":0.0,"enemies":"Nemesis","floor":46.0,"turns":3.0},{"damage":0.0,"enemies":"Spire Growth","floor":47.0,"turns":2.0},{"damage":0.0,"enemies":"Sphere and 2 Shapes","floor":48.0,"turns":3.0},{"damage":0,"enemies":"Awakened One","floor":50,"turns":3},{"damage":0,"enemies":"Shield and Spear","floor":54,"turns":2},{"damage":1,"enemies":"The Heart","floor":55,"turns":4}],"seed_played":"2191852081690722535","potions_obtained":[{"floor":5.0,"key":"Swift Potion"},{"floor":10.0,"key":"Fruit Juice"},{"floor":14.0,"key":"Fruit Juice"},{"floor":18.0,"key":"PowerPotion"},{"floor":21.0,"key":"Block Potion"},{"floor":21.0,"key":"PowerPotion"},{"floor":24.0,"key":"Block Potion"},{"floor":25.0,"key":"FairyPotion"},{"floor":31.0,"key":"PowerPotion"},{"floor":33.0,"key":"FocusPotion"},{"floor":35.0,"key":"Ancient Potion"},{"floor":39.0,"key":"Block Potion"},{"floor":44.0,"key":"Dexterity Potion"},{"floor":46.0,"key":"Block Potion"}],"is_trial":false,"path_per_floor":["M","?","?","?","M","E","?","T","T","M","?","$","?","M","R","B",null,"M","?","$","?","M","R","M","E","T","R","$","?","?","M","R","B",null,"M","?","?","?","M","R","M","?","T","E","$","E","M","M","R","B",null,"R","$","E","B",null],"character_chosen":"DEFECT","items_purchased":["Steam","Gash","Medical Kit","Block Potion"],"campfire_rested":1,"item_purchase_floors":[20,28,45,53],"current_hp_per_floor":[75,68,61,61,61,18,18,18,18,27,27,27,55,56,56,19,93,93,84,84,84,66,66,53,25,25,25,25,25,25,29,59,4,105,66,66,36,93,88,88,92,76,76,76,76,78,82,84,84,84,109,109,109,111,110],"gold":108,"neow_bonus":"ONE_RARE_RELIC","is_prod":false,"is_daily":false,"chose_seed":false,"campfire_upgraded":5,"win_rate":0,"timestamp":1551346267,"path_taken":["M","?","?","?","?","E","?","?","T","M","?","$","?","M","R","BOSS","M","?","$","?","M","R","M","E","T","R","?","?","?","M","R","BOSS","M","?","?","?","M","R","M","?","T","E","$","E","M","M","R","BOSS","R","$","E","BOSS"],"build_version":"2019-01-23","purchased_purges":4,"victory":true,"max_hp_per_floor":[75,75,75,75,75,75,75,75,75,84,84,84,84,93,93,93,93,93,93,93,93,95,95,97,99,99,99,99,99,99,103,103,105,105,109,104,106,93,95,95,99,101,101,101,101,103,107,109,109,109,109,109,109,111,111],"card_choices":[{"not_picked":["Sweeping Beam","Rebound","Capacitor"],"picked":"SKIP","floor":1.0},{"not_picked":["Redo","Reinforced Body","Conserve Battery"],"picked":"SKIP","floor":5.0},{"not_picked":["Undo","Streamline","White Noise"],"picked":"SKIP","floor":5.0},{"not_picked":["Reboot","Sweeping Beam"],"picked":"Gash","floor":6.0},{"not_picked":["Redo","Capacitor","Barrage"],"picked":"Singing Bowl","floor":10.0},{"not_picked":["Sweeping Beam","Consume","Reprogram"],"picked":"Singing Bowl","floor":10.0},{"not_picked":["Thunder Strike","Storm","Reinforced Body"],"picked":"Singing Bowl","floor":14.0},{"not_picked":["Rebound","Barrage","Glacier"],"picked":"Singing Bowl","floor":14.0},{"not_picked":["Core Surge","Machine Learning"],"picked":"Buffer","floor":16.0},{"not_picked":["Coolheaded","Cold Snap"],"picked":"Go for the Eyes","floor":18.0},{"not_picked":["Stack","Conserve Battery"],"picked":"Steam","floor":18.0},{"not_picked":["Cold Snap","Compile Driver+1"],"picked":"Steam+1","floor":22.0},{"not_picked":["Loop","Steam","Coolheaded"],"picked":"Singing Bowl","floor":22.0},{"not_picked":["Chaos","Steam"],"picked":"Beam Cell+1","floor":24.0},{"not_picked":["Compile Driver","Rebound+1","Cold Snap"],"picked":"Singing Bowl","floor":24.0},{"not_picked":["Compile Driver+1","Loop","Hello World"],"picked":"Singing Bowl","floor":25.0},{"not_picked":["Force Field+1","Turbo","Sunder"],"picked":"Singing Bowl","floor":31.0},{"not_picked":["Aggregate","Streamline+1","Rebound"],"picked":"Singing Bowl","floor":31.0},{"not_picked":["Tempest+1","Coolheaded"],"picked":"Seek","floor":32.0},{"not_picked":["Reboot","Multi-Cast","All For One"],"picked":"Singing Bowl","floor":33.0},{"not_picked":["Consume+1","Reinforced Body+1","Barrage+1"],"picked":"Singing Bowl","floor":35.0},{"not_picked":["Conserve Battery","Genetic Algorithm","Steam Power+1"],"picked":"Singing Bowl","floor":35.0},{"not_picked":["Stack+1","Consume+1","Beam Cell+1"],"picked":"Singing Bowl","floor":37.0},{"not_picked":["Hello World","Steam Power+1","Static Discharge+1"],"picked":"Singing Bowl","floor":39.0},{"not_picked":["Redo","Ball Lightning+1"],"picked":"Gash+1","floor":39.0},{"not_picked":["Double Energy","Steam Power+1","Electrodynamics"],"picked":"Singing Bowl","floor":41.0},{"not_picked":["Auto Shields+1","Streamline+1","Cold Snap"],"picked":"Singing Bowl","floor":41.0},{"not_picked":["Rip and Tear","Consume+1","Conserve Battery"],"picked":"Singing Bowl","floor":42.0},{"not_picked":["Tempest+1","Core Surge"],"picked":"Reprogram+1","floor":44.0},{"not_picked":["Recycle","Beam Cell+1","Thunder Strike"],"picked":"Singing Bowl","floor":46.0},{"not_picked":["Barrage+1","Stack","Ball Lightning"],"picked":"Singing Bowl","floor":47.0},{"not_picked":["Compile Driver","Conserve Battery","Ball Lightning"],"picked":"Singing Bowl","floor":47.0},{"not_picked":["Ball Lightning+1","Go for the Eyes","FTL"],"picked":"Singing Bowl","floor":48.0},{"not_picked":["Sunder","Rebound"],"picked":"Gash+1","floor":48.0},{"not_picked":["Sweeping Beam+1","All For One","Hologram"],"picked":"Singing Bowl","floor":54}],"player_experience":935456,"relics_obtained":[{"floor":6.0,"key":"Juzu Bracelet"},{"floor":8.0,"key":"Dream Catcher"},{"floor":9.0,"key":"Singing Bowl"},{"floor":25.0,"key":"Turnip"},{"floor":26.0,"key":"Anchor"},{"floor":29.0,"key":"Smiling Mask"},{"floor":37.0,"key":"Unceasing Top"},{"floor":42.0,"key":"Emotion Chip"},{"floor":44.0,"key":"Bottled Lightning"},{"floor":46.0,"key":"Bag of Preparation"},{"floor":54,"key":"Art of War"}],"event_choices":[{"damage_healed":0.0,"max_hp_gain":0.0,"max_hp_loss":0.0,"gold_gain":0.0,"event_name":"Scrap Ooze","player_choice":"Success","floor":2.0,"gold_loss":0.0,"damage_taken":7.0,"relics_obtained":["Prayer Wheel"]},{"cards_removed":["Strike_B"],"damage_healed":0.0,"max_hp_gain":0.0,"max_hp_loss":0.0,"gold_gain":0.0,"event_name":"Golden Wing","player_choice":"Card Removal","floor":3.0,"gold_loss":0.0,"damage_taken":7.0},{"cards_removed":["Defend_B"],"damage_healed":0.0,"max_hp_gain":0.0,"max_hp_loss":0.0,"gold_gain":0.0,"event_name":"Bonfire Elementals","player_choice":"Offered Basic","floor":4.0,"gold_loss":0.0,"damage_taken":0.0},{"cards_removed":["Strike_B"],"damage_healed":0.0,"max_hp_gain":0.0,"max_hp_loss":0.0,"gold_gain":0.0,"event_name":"Living Wall","player_choice":"Forget","floor":7.0,"gold_loss":0.0,"damage_taken":0.0},{"damage_healed":0.0,"max_hp_gain":0.0,"max_hp_loss":0.0,"gold_gain":0.0,"event_name":"Liars Game","player_choice":"Ignored","floor":11.0,"gold_loss":0.0,"damage_taken":0.0},{"damage_healed":28.0,"max_hp_gain":0.0,"max_hp_loss":0.0,"gold_gain":0.0,"event_name":"Big Fish","player_choice":"Banana","floor":13.0,"gold_loss":0.0,"damage_taken":0.0},{"damage_healed":0.0,"max_hp_gain":0.0,"max_hp_loss":0.0,"gold_gain":0.0,"event_name":"Wheel of Change","player_choice":"Damaged","floor":19.0,"gold_loss":0.0,"damage_taken":9.0},{"damage_healed":0.0,"max_hp_gain":0.0,"max_hp_loss":0.0,"gold_gain":0.0,"event_name":"Lab","player_choice":"Got Potions","floor":21.0,"gold_loss":0.0,"damage_taken":0.0},{"damage_healed":0.0,"max_hp_gain":0.0,"max_hp_loss":0.0,"gold_gain":0.0,"event_name":"Wheel of Change","player_choice":"Relic","floor":29.0,"gold_loss":0.0,"damage_taken":0.0},{"damage_healed":0.0,"max_hp_gain":0.0,"max_hp_loss":0.0,"gold_gain":0.0,"event_name":"Ghosts","player_choice":"Ignored","floor":30.0,"gold_loss":0.0,"damage_taken":0.0},{"damage_healed":0.0,"max_hp_gain":0.0,"max_hp_loss":5.0,"gold_gain":0.0,"event_name":"Winding Halls","player_choice":"Max HP","floor":36.0,"gold_loss":0.0,"damage_taken":0.0},{"damage_healed":0.0,"max_hp_gain":0.0,"max_hp_loss":0.0,"gold_gain":0.0,"event_name":"MindBloom","player_choice":"Fight","floor":37.0,"gold_loss":0.0,"damage_taken":0.0},{"damage_healed":93.0,"max_hp_gain":0.0,"max_hp_loss":13.0,"gold_gain":0.0,"event_name":"The Moai Head","player_choice":"Heal","floor":38.0,"gold_loss":0.0,"damage_taken":0.0},{"damage_healed":0.0,"max_hp_gain":0.0,"max_hp_loss":0.0,"gold_gain":0.0,"event_name":"Mysterious Sphere","player_choice":"Fight","floor":42.0,"gold_loss":0.0,"damage_taken":0.0}],"is_beta":false,"boss_relics":[{"not_picked":["Eternal Feather","Lizard Tail"],"picked":"White Beast Statue"},{"not_picked":["Fusion Hammer","Velvet Choker"],"picked":"Inserter"}],"items_purged_floors":[12,20,45,53],"is_endless":false,"potions_floor_spawned":[5,10,14,18,22,24,25,31,33,35,37,39,41,42,44,46,47,48,54],"ascension_level":0}