{"gold_per_floor":[119,132,132,57,74,74,100,100,100,100,163,163,183,0,0,105,105,122,138,588,588,388,388,415,415,415,73,172,172,172,172,172,276,276,290,301,346,171,181,199,212,212,212,212,12,12,44,44,44,44],"floor_reached":51,"playtime":1708,"items_purged":["Strike_R","Strike_R","Feel No Pain","Combust","Defend_R","Defend_R"],"score":862,"play_id":"5c0f7b03-4505-4ea5-9b46-007a75229aa1","local_time":"20190222115708","is_ascension_mode":false,"campfire_choices":[{"data":"Searing Blow","floor":6,"key":"SMITH"},{"data":"Searing Blow+1","floor":8,"key":"SMITH"},{"data":"Searing Blow+2","floor":10,"key":"SMITH"},{"data":"Searing Blow+3","floor":12,"key":"SMITH"},{"data":"Searing Blow+4","floor":15,"key":"SMITH"},{"data":"Searing Blow+5","floor":23,"key":"SMITH"},{"data":"Armaments","floor":25,"key":"SMITH"},{"data":"Searing Blow+6","floor":29,"key":"SMITH"},{"data":"Searing Blow+7","floor":30,"key":"SMITH"},{"data":"Searing Blow+8","floor":32,"key":"SMITH"},{"data":"Searing Blow+9","floor":42,"key":"SMITH"},{"data":"Searing Blow+10","floor":44,"key":"SMITH"},{"data":"Searing Blow+11","floor":49,"key":"SMITH"}],"neow_cost":"PERCENT_DAMAGE","seed_source_timestamp":39659093407150,"circlet_count":0,"master_deck":["Defend_R","Searing Blow+12","Battle Trance","Armaments+1","Shrug It Off","Shrug It Off+1","Finesse"],"relics":["Burning Blood","Mango","WingedGreaves","Juzu Bracelet","Busted Crown","Blood Vial","Bronze Scales","Oddly Smooth Stone","Coffee Dripper","Champion Belt","Vajra","PreservedInsect"],"potions_floor_usage":[2,11,24,24,50],"damage_taken":[{"damage":1,"enemies":"Cultist","floor":1,"turns":4},{"damage":7,"enemies":"Small Slimes","floor":2,"turns":5},{"damage":0,"enemies":"2 Louse","floor":5,"turns":2},{"damage":16,"enemies":"3 Sentries","floor":7,"turns":8},{"damage":14,"enemies":"Lagavulin Event","floor":11,"turns":3},{"damage":0,"enemies":"Blue Slaver","floor":13,"turns":3},{"damage":7,"enemies":"The Guardian","floor":16,"turns":5},{"damage":0,"enemies":"3 Byrds","floor":18,"turns":3},{"damage":0,"enemies":"2 Thieves","floor":19,"turns":2},{"damage":9,"enemies":"Gremlin Leader","floor":24,"turns":3},{"damage":0,"enemies":"Collector","floor":33,"turns":2},{"damage":0,"enemies":"Orb Walker","floor":35,"turns":1},{"damage":1,"enemies":"3 Darklings","floor":36,"turns":3},{"damage":0,"enemies":"2 Orb Walkers","floor":37,"turns":2},{"damage":0,"enemies":"Maw","floor":39,"turns":3},{"damage":0,"enemies":"Writhing Mass","floor":40,"turns":2},{"damage":0,"enemies":"Spire Growth","floor":41,"turns":2},{"damage":0,"enemies":"Giant Head","floor":47,"turns":3},{"damage":21,"enemies":"Awakened One","floor":50,"turns":5}],"seed_played":"8336199019516891742","potions_obtained":[{"floor":1,"key":"GamblersBrew"},{"floor":7,"key":"Poison Potion"},{"floor":11,"key":"Ancient Potion"},{"floor":13,"key":"PowerPotion"},{"floor":16,"key":"GamblersBrew"},{"floor":35,"key":"EssenceOfSteel"},{"floor":36,"key":"FearPotion"},{"floor":47,"key":"Dexterity Potion"}],"is_trial":false,"path_per_floor":["M","M","?","$","M","R","E","R","T","R","?","R","M","$","R","B",null,"M","M","?","?","$","R","E","R","T","$","?","R","R","$","R","B",null,"M","M","?","$","M","M","M","R","T","R","$","?","E","?","R","B",null],"character_chosen":"IRONCLAD","items_purchased":["Trip","Regen Potion","Shrug It Off","Oddly Smooth Stone"],"campfire_rested":0,"item_purchase_floors":[14,22,27,27],"current_hp_per_floor":[61,60,53,53,59,59,63,63,63,63,55,55,61,61,61,60,94,94,94,40,40,40,40,46,46,46,46,46,46,46,46,46,54,94,94,94,94,94,94,94,94,94,94,94,94,94,94,94,94,79],"gold":44,"neow_bonus":"TRANSFORM_TWO_CARDS","is_prod":false,"is_daily":false,"chose_seed":false,"campfire_upgraded":13,"win_rate":0,"timestamp":1550825828,"path_taken":["M","?","?","$","M","R","E","R","T","R","?","R","M","$","R","BOSS","M","M","?","?","$","R","E","R","T","$","?","R","R","?","R","BOSS","M","M","?","$","M","M","M","R","T","R","$","?","E","?","R","BOSS"],"build_version":"2019-01-23","purchased_purges":6,"victory":true,"max_hp_per_floor":[80,80,80,80,80,80,94,94,94,94,94,94,94,94,94,94,94,94,94,94,94,94,94,94,94,94,94,94,94,94,94,94,94,94,94,94,94,94,94,94,94,94,94,94,94,94,94,94,94,94],"card_choices":[{"not_picked":["Intimidate","Sword Boomerang","Body Slam"],"picked":"SKIP","floor":1},{"not_picked":["Carnage","Warcry"],"picked":"Armaments","floor":2},{"not_picked":["Anger","Metallicize","Body Slam"],"picked":"SKIP","floor":5},{"not_picked":["Burning Pact","Infernal Blade","Anger"],"picked":"SKIP","floor":7},{"not_picked":["Heavy Blade","Perfected Strike","Dark Embrace"],"picked":"SKIP","floor":13},{"not_picked":["Spot Weakness"],"picked":"SKIP","floor":18},{"not_picked":["Perfected Strike"],"picked":"SKIP","floor":19},{"not_picked":["Wild Strike"],"picked":"SKIP","floor":24},{"not_picked":["Seeing Red"],"picked":"SKIP","floor":35},{"not_picked":[],"picked":"Shrug It Off+1","floor":36},{"not_picked":["Iron Wave"],"picked":"SKIP","floor":39},{"not_picked":["Perfected Strike+1"],"picked":"SKIP","floor":40},{"not_picked":["Clash+1"],"picked":"SKIP","floor":41},{"not_picked":[],"picked":"Finesse","floor":46},{"not_picked":["Sever Soul"],"picked":"SKIP","floor":47}],"player_experience":866564,"relics_obtained":[{"floor":7,"key":"Mango"},{"floor":9,"key":"WingedGreaves"},{"floor":11,"key":"Juzu Bracelet"},{"floor":24,"key":"Blood Vial"},{"floor":26,"key":"Bronze Scales"},{"floor":37,"key":"Champion Belt"},{"floor":43,"key":"Vajra"},{"floor":47,"key":"PreservedInsect"}],"event_choices":[{"cards_removed":["Strike_R"],"damage_healed":0,"gold_gain":0,"player_choice":"Card Removal","damage_taken":7,"max_hp_gain":0,"max_hp_loss":0,"event_name":"Golden Wing","floor":3,"gold_loss":0},{"damage_healed":0,"gold_gain":30,"player_choice":"Searched \u00272\u0027 times","damage_taken":0,"max_hp_gain":0,"max_hp_loss":0,"event_name":"Dead Adventurer","floor":11,"gold_loss":0},{"damage_healed":0,"gold_gain":450,"player_choice":"GOLD GOLD GOLD GOLD GOLD ","damage_taken":54,"max_hp_gain":0,"max_hp_loss":0,"event_name":"Knowing Skull","floor":20,"potions_obtained":[],"gold_loss":0,"cards_obtained":[]},{"damage_healed":0,"gold_gain":0,"cards_transformed":["Strike_R","Bash"],"player_choice":"Became Test Subject","damage_taken":0,"max_hp_gain":0,"max_hp_loss":0,"event_name":"Drug Dealer","floor":21,"gold_loss":0,"cards_obtained":["Feel No Pain","Combust"]},{"damage_healed":0,"gold_gain":99,"player_choice":"Stole From Cult","damage_taken":0,"max_hp_gain":0,"max_hp_loss":0,"event_name":"Nest","floor":28,"gold_loss":0},{"damage_healed":0,"gold_gain":0,"player_choice":"Fight","damage_taken":0,"max_hp_gain":0,"max_hp_loss":0,"event_name":"Mysterious Sphere","floor":37,"gold_loss":0},{"damage_healed":0,"gold_gain":0,"player_choice":"Memory 1","damage_taken":0,"max_hp_gain":0,"max_hp_loss":0,"event_name":"SensoryStone","floor":46,"gold_loss":0},{"cards_removed":["Trip"],"damage_healed":0,"gold_gain":0,"player_choice":"Removed Skill","damage_taken":0,"max_hp_gain":0,"max_hp_loss":0,"event_name":"Falling","floor":48,"gold_loss":0}],"is_beta":false,"boss_relics":[{"not_picked":["Calling Bell","Fusion Hammer"],"picked":"Busted Crown"},{"not_picked":["Astrolabe","Runic Dome"],"picked":"Coffee Dripper"}],"items_purged_floors":[4,14,22,27,38,45],"is_endless":false,"potions_floor_spawned":[1,7,11,13,16,19,35,36,37,47],"ascension_level":0}