{"gold_per_floor":[112,14,25,25,1,30,41,41,41,41,67,67,67,84,84,84],"floor_reached":16,"playtime":761,"items_purged":["Shame"],"score":133,"play_id":"9b56ebe4-eb4b-472f-a0a1-d2c8465e0a88","local_time":"20181007222010","is_ascension_mode":false,"campfire_choices":[{"data":"Armaments","floor":8,"key":"SMITH"},{"data":"Heavy Blade","floor":10,"key":"SMITH"},{"data":"Bloodletting","floor":12,"key":"SMITH"},{"floor":15,"key":"REST"}],"neow_cost":"CURSE","seed_source_timestamp":40891130469176,"circlet_count":0,"master_deck":["Strike_R","Strike_R","Strike_R","Strike_R","Strike_R","Defend_R","Defend_R","Defend_R","Defend_R","Bash","Heavy Blade+1","Flex","Bloodletting+1","Armaments+1"],"relics":["Burning Blood","Bottled Lightning","Self Forming Clay","Ice Cream","Dodecahedron"],"potions_floor_usage":[6],"damage_taken":[{"damage":16,"enemies":"Cultist","floor":1,"turns":5},{"damage":8,"enemies":"Jaw Worm","floor":3,"turns":3},{"damage":44,"enemies":"3 Sentries","floor":6,"turns":10},{"damage":5,"enemies":"Small Slimes","floor":7,"turns":4},{"damage":20,"enemies":"Lagavulin","floor":11,"turns":8},{"damage":12,"enemies":"2 Fungi Beasts","floor":14,"turns":4},{"damage":55,"enemies":"The Guardian","floor":16,"turns":14}],"seed_played":"6646717038973045603","potions_obtained":[{"floor":3,"key":"Ancient Potion"},{"floor":14,"key":"SpeedPotion"}],"is_trial":false,"path_per_floor":["M","$","M","T","$","E","M","R","T","R","E","R","?","M","R"],"character_chosen":"IRONCLAD","items_purchased":["Flex","Armaments"],"campfire_rested":1,"item_purchase_floors":[2,5],"current_hp_per_floor":[86,86,84,84,84,46,47,47,47,47,33,33,33,27,55,0],"gold":84,"neow_bonus":"TWENTY_PERCENT_HP_BONUS","is_prod":false,"is_daily":false,"chose_seed":false,"campfire_upgraded":3,"win_rate":0,"timestamp":1538940010,"path_taken":["M","$","?","?","?","E","?","R","T","R","E","R","?","M","R","BOSS"],"build_version":"2018-10-04v2","purchased_purges":1,"victory":false,"max_hp_per_floor":[96,96,96,96,96,96,96,96,96,96,96,96,96,96,96,96],"card_choices":[{"not_picked":["True Grit","Headbutt"],"picked":"Heavy Blade","floor":1},{"not_picked":["Wild Strike","Heavy Blade"],"picked":"Bloodletting","floor":3},{"not_picked":["Evolve","Thunderclap","Armaments"],"picked":"SKIP","floor":6},{"not_picked":["Shrug It Off","Clothesline","Perfected Strike"],"picked":"SKIP","floor":7},{"not_picked":["Evolve","Heavy Blade","Hemokinesis"],"picked":"SKIP","floor":11},{"not_picked":["Perfected Strike","Pommel Strike","Sword Boomerang"],"picked":"SKIP","floor":14}],"player_experience":57274,"relics_obtained":[{"floor":4,"key":"Bottled Lightning"},{"floor":6,"key":"Self Forming Clay"},{"floor":9,"key":"Ice Cream"},{"floor":11,"key":"Dodecahedron"}],"event_choices":[{"event_name":"Golden Idol","player_choice":"Ignored","floor":13,"damage_taken":0}],"is_beta":false,"boss_relics":[],"items_purged_floors":[2],"is_endless":false,"potions_floor_spawned":[3,14],"killed_by":"The Guardian","ascension_level":0}