{"gold_per_floor":[19,19,31,50,50,50,63,81,163,182,182,198,223,233,233,330,330,350,361,361,286,385,385,285,298,351,351,451,451,451,465,465,563,563,575,189,289,309,327,362,322,322,322,322,332,36,56,71,71,71],"floor_reached":51,"playtime":4197,"items_purged":["Defend_B","Dualcast","Defend_B","Defend_B"],"score":781,"play_id":"aa71d71a-eb97-4658-bedd-f3d00547c483","local_time":"20190228095107","is_ascension_mode":false,"campfire_choices":[{"data":"Redo","floor":6.0,"key":"SMITH"},{"data":"Consume","floor":11.0,"key":"SMITH"},{"data":"Redo","floor":15.0,"key":"SMITH"},{"data":"Machine Learning","floor":23.0,"key":"SMITH"},{"data":"Redo","floor":27.0,"key":"SMITH"},{"floor":32.0,"key":"REST"},{"data":"Biased Cognition","floor":42.0,"key":"SMITH"},{"data":"Streamline","floor":49.0,"key":"SMITH"}],"neow_cost":"NO_GOLD","seed_source_timestamp":0,"circlet_count":0,"master_deck":["Strike_B","Strike_B","Strike_B","Defend_B","Redo+1","Redo+1","Consume+1","Redo+1","Cold Snap","Machine Learning+1","Cold Snap","Cold Snap","Streamline+1","Biased Cognition+1","Coolheaded+1","Cold Snap+1","Cold Snap","Core Surge","Cold Snap"],"special_seed":0,"relics":["FossilizedHelix","Prayer Wheel","Singing Bowl","Juzu Bracelet","Eternal Feather","Nloth\u0027s Gift","Dream Catcher","Turnip","Bottled Lightning","Inserter","Sundial","Unceasing Top","Emotion Chip","Darkstone Periapt","DataDisk"],"potions_floor_usage":[50,50,50,50,50,50],"damage_taken":[{"damage":0.0,"enemies":"Small Slimes","floor":1.0,"turns":4.0},{"damage":0.0,"enemies":"2 Louse","floor":3.0,"turns":3.0},{"damage":0.0,"enemies":"Cultist","floor":4.0,"turns":3.0},{"damage":0.0,"enemies":"Large Slime","floor":7.0,"turns":4.0},{"damage":0.0,"enemies":"Blue Slaver","floor":8.0,"turns":2.0},{"damage":3.0,"enemies":"2 Fungi Beasts","floor":10.0,"turns":3.0},{"damage":0.0,"enemies":"3 Louse","floor":12.0,"turns":3.0},{"damage":13.0,"enemies":"3 Sentries","floor":13.0,"turns":5.0},{"damage":0.0,"enemies":"Red Slaver","floor":14.0,"turns":4.0},{"damage":50.0,"enemies":"The Guardian","floor":16.0,"turns":12.0},{"damage":0.0,"enemies":"Chosen","floor":18.0,"turns":4.0},{"damage":5.0,"enemies":"Shell Parasite","floor":19.0,"turns":13.0},{"damage":4.0,"enemies":"Centurion and Healer","floor":25.0,"turns":10.0},{"damage":0.0,"enemies":"Colosseum Slavers","floor":28.0,"turns":6.0},{"damage":48.0,"enemies":"Colosseum Nobs","floor":28.0,"turns":7.0},{"damage":14.0,"enemies":"Snake Plant","floor":31.0,"turns":11.0},{"damage":53.0,"enemies":"Automaton","floor":33.0,"turns":20.0},{"damage":2.0,"enemies":"3 Darklings","floor":35.0,"turns":13.0},{"damage":0.0,"enemies":"Mind Bloom Boss Battle","floor":37.0,"turns":14.0},{"damage":0.0,"enemies":"3 Shapes","floor":38.0,"turns":10.0},{"damage":47.0,"enemies":"Jaw Worm Horde","floor":39.0,"turns":10.0},{"damage":0.0,"enemies":"Giant Head","floor":40.0,"turns":13.0},{"damage":0.0,"enemies":"Spire Growth","floor":45.0,"turns":12.0},{"damage":5.0,"enemies":"Sphere and 2 Shapes","floor":47.0,"turns":14.0},{"damage":10.0,"enemies":"Jaw Worm Horde","floor":48.0,"turns":10.0},{"damage":0,"enemies":"Awakened One","floor":50,"turns":41}],"seed_played":"2191852081690722535","potions_obtained":[{"floor":3.0,"key":"Swift Potion"},{"floor":7.0,"key":"Fruit Juice"},{"floor":8.0,"key":"Block Potion"},{"floor":12.0,"key":"Fire Potion"},{"floor":13.0,"key":"SkillPotion"},{"floor":18.0,"key":"Fruit Juice"},{"floor":25.0,"key":"Block Potion"},{"floor":37.0,"key":"PowerPotion"},{"floor":41.0,"key":"PowerPotion"},{"floor":41.0,"key":"EntropicBrew"},{"floor":41.0,"key":"Ancient Potion"},{"floor":45.0,"key":"FearPotion"}],"is_trial":false,"path_per_floor":["M","?","M","M","?","R","M","M","T","M","R","M","E","M","R","B",null,"M","M","?","$","?","R","$","M","T","R","?","?","?","M","R","B",null,"M","$","?","M","M","E","?","R","T","?","M","$","M","M","R","B",null],"character_chosen":"DEFECT","items_purchased":["Sundial","DataDisk"],"campfire_rested":1,"item_purchase_floors":[36,46],"current_hp_per_floor":[75,68,68,68,61,61,66,66,66,65,65,69,58,62,62,12,92,99,98,98,98,98,103,103,101,101,105,59,59,59,49,91,38,111,113,113,113,115,70,70,70,82,82,82,86,86,85,79,88,88],"gold":71,"neow_bonus":"ONE_RARE_RELIC","is_prod":false,"is_daily":false,"chose_seed":false,"campfire_upgraded":7,"win_rate":0,"timestamp":1551336667,"path_taken":["M","?","M","M","?","R","M","M","T","M","R","M","E","M","R","BOSS","M","M","?","$","?","R","$","M","T","R","?","?","?","M","R","BOSS","M","$","?","M","M","E","?","R","T","?","M","$","M","M","R","BOSS"],"build_version":"2019-01-23","purchased_purges":4,"victory":true,"max_hp_per_floor":[75,75,75,75,75,75,80,80,80,82,82,86,88,92,92,92,92,99,103,103,103,103,103,103,105,105,105,107,107,107,111,111,111,111,115,115,115,117,119,119,119,119,119,119,123,123,127,131,131,131],"card_choices":[{"not_picked":["Sweeping Beam","Rebound","Capacitor"],"picked":"SKIP","floor":1.0},{"not_picked":["Reinforced Body","Conserve Battery"],"picked":"Redo","floor":3.0},{"not_picked":["Undo","Streamline","White Noise"],"picked":"SKIP","floor":3.0},{"not_picked":["Capacitor","Barrage"],"picked":"Redo","floor":4.0},{"not_picked":["Reboot","Gash","Sweeping Beam"],"picked":"SKIP","floor":4.0},{"not_picked":["Sweeping Beam","Reprogram"],"picked":"Consume","floor":7.0},{"not_picked":["Double Energy","Beam Cell","Fusion"],"picked":"SKIP","floor":7.0},{"not_picked":["Doom and Gloom","Sweeping Beam"],"picked":"Redo","floor":8.0},{"not_picked":["Go for the Eyes","Turbo","Reboot"],"picked":"SKIP","floor":8.0},{"not_picked":["Leap","Hologram"],"picked":"Cold Snap","floor":10.0},{"not_picked":["Go for the Eyes","Genetic Algorithm","Recycle"],"picked":"Singing Bowl","floor":10.0},{"not_picked":["Sweeping Beam","Creative AI","Chaos"],"picked":"Singing Bowl","floor":12.0},{"not_picked":["Storm","Turbo","Go for the Eyes"],"picked":"Singing Bowl","floor":12.0},{"not_picked":["Streamline","Heatsinks","Double Energy"],"picked":"Singing Bowl","floor":13.0},{"not_picked":["Recycle","Leap","Steam"],"picked":"Singing Bowl","floor":14.0},{"not_picked":["Hologram","Stack","Tempest"],"picked":"Singing Bowl","floor":14.0},{"not_picked":["Echo Form","Multi-Cast"],"picked":"Machine Learning","floor":16.0},{"not_picked":["Go for the Eyes","Coolheaded"],"picked":"Cold Snap","floor":18.0},{"not_picked":["Steam","Stack","Conserve Battery"],"picked":"Singing Bowl","floor":18.0},{"not_picked":["Streamline+1","Heatsinks+1","Melter"],"picked":"Singing Bowl","floor":19.0},{"not_picked":["Leap","Hologram","Steam"],"picked":"Singing Bowl","floor":19.0},{"not_picked":["Gash","Turbo+1"],"picked":"Cold Snap","floor":25.0},{"not_picked":["Barrage","Hello World","Buffer"],"picked":"Singing Bowl","floor":25.0},{"not_picked":["Beam Cell","Turbo","Hello World"],"picked":"Singing Bowl","floor":28.0},{"not_picked":["Ball Lightning+1","Force Field+1","Turbo+1"],"picked":"Singing Bowl","floor":31.0},{"not_picked":["Hologram","Aggregate","Streamline"],"picked":"Singing Bowl","floor":31.0},{"not_picked":["Hologram","Rip and Tear"],"picked":"Streamline","floor":32.0},{"not_picked":["Reboot","Multi-Cast"],"picked":"Biased Cognition","floor":33.0},{"not_picked":["Multi-Cast","Reinforced Body+1","Barrage+1"],"picked":"Singing Bowl","floor":35.0},{"not_picked":["Stack","Hyperbeam","Leap"],"picked":"Singing Bowl","floor":35.0},{"not_picked":["Turbo+1","Redo"],"picked":"Coolheaded+1","floor":37.0},{"not_picked":["Reboot","Compile Driver+1"],"picked":"Cold Snap+1","floor":38.0},{"not_picked":["Double Energy","Steam Power+1","Electrodynamics"],"picked":"Singing Bowl","floor":38.0},{"not_picked":["Auto Shields+1","Streamline+1"],"picked":"Cold Snap","floor":39.0},{"not_picked":["Rip and Tear","Consume+1","Conserve Battery"],"picked":"Singing Bowl","floor":39.0},{"not_picked":["Tempest+1","Amplify"],"picked":"Core Surge","floor":40.0},{"not_picked":["Gash+1","Go for the Eyes","Tempest"],"picked":"Singing Bowl","floor":45.0},{"not_picked":["Core Surge","FTL+1","Chaos"],"picked":"Singing Bowl","floor":45.0},{"not_picked":["Ball Lightning+1","Go for the Eyes","FTL"],"picked":"Singing Bowl","floor":47.0},{"not_picked":["Compile Driver","Conserve Battery","Ball Lightning"],"picked":"Singing Bowl","floor":47.0},{"not_picked":["Sunder","Rebound","Gash+1"],"picked":"Singing Bowl","floor":48.0},{"not_picked":["Steam Power+1","Sweeping Beam+1","Stack+1"],"picked":"Singing Bowl","floor":48.0}],"player_experience":929924,"relics_obtained":[{"floor":9.0,"key":"Singing Bowl"},{"floor":13.0,"key":"Juzu Bracelet"},{"floor":26.0,"key":"Dream Catcher"},{"floor":28.0,"key":"Turnip"},{"floor":28.0,"key":"Bottled Lightning"},{"floor":37.0,"key":"Unceasing Top"},{"floor":40.0,"key":"Emotion Chip"},{"floor":43.0,"key":"Darkstone Periapt"}],"event_choices":[{"damage_healed":0.0,"max_hp_gain":0.0,"max_hp_loss":0.0,"gold_gain":0.0,"event_name":"Scrap Ooze","player_choice":"Success","floor":2.0,"gold_loss":0.0,"damage_taken":7.0,"relics_obtained":["Prayer Wheel"]},{"cards_removed":["Strike_B"],"damage_healed":0.0,"max_hp_gain":0.0,"max_hp_loss":0.0,"gold_gain":0.0,"event_name":"Golden Wing","player_choice":"Card Removal","floor":5.0,"gold_loss":0.0,"damage_taken":7.0},{"damage_healed":0.0,"max_hp_gain":0.0,"max_hp_loss":0.0,"gold_gain":0.0,"event_name":"N\u0027loth","player_choice":"Traded Relic","floor":20.0,"relics_lost":["Cracked Core"],"gold_loss":0.0,"damage_taken":0.0,"relics_obtained":["Nloth\u0027s Gift"]},{"damage_healed":0.0,"max_hp_gain":0.0,"max_hp_loss":0.0,"gold_gain":99.0,"event_name":"Nest","player_choice":"Stole From Cult","floor":22.0,"gold_loss":0.0,"damage_taken":0.0},{"damage_healed":0.0,"max_hp_gain":0.0,"max_hp_loss":0.0,"gold_gain":0.0,"event_name":"Colosseum","player_choice":"Fight","floor":28.0,"gold_loss":0.0,"damage_taken":0.0},{"damage_healed":0.0,"max_hp_gain":0.0,"max_hp_loss":0.0,"gold_gain":0.0,"event_name":"Colosseum","player_choice":"Fought Nobs","floor":28.0,"gold_loss":0.0,"damage_taken":0.0},{"damage_healed":0.0,"max_hp_gain":0.0,"max_hp_loss":0.0,"gold_gain":0.0,"event_name":"Ghosts","player_choice":"Ignored","floor":29.0,"gold_loss":0.0,"damage_taken":0.0},{"damage_healed":0.0,"max_hp_gain":0.0,"max_hp_loss":0.0,"gold_gain":0.0,"event_name":"Cursed Tome","player_choice":"Ignored","floor":30.0,"gold_loss":0.0,"damage_taken":0.0},{"damage_healed":0.0,"max_hp_gain":0.0,"max_hp_loss":0.0,"gold_gain":0.0,"event_name":"MindBloom","player_choice":"Fight","floor":37.0,"gold_loss":0.0,"damage_taken":0.0},{"damage_healed":0.0,"max_hp_gain":0.0,"max_hp_loss":0.0,"gold_gain":0.0,"event_name":"The Woman in Blue","player_choice":"Bought 3 Potions","floor":41.0,"gold_loss":0.0,"damage_taken":0.0},{"damage_healed":0.0,"max_hp_gain":0.0,"max_hp_loss":0.0,"gold_gain":0.0,"cards_transformed":["Zap"],"event_name":"Transmorgrifier","player_choice":"Transformed","floor":44.0,"gold_loss":0.0,"damage_taken":0.0,"cards_obtained":["Cold Snap"]}],"is_beta":false,"boss_relics":[{"not_picked":["White Beast Statue","Lizard Tail"],"picked":"Eternal Feather"},{"not_picked":["Fusion Hammer","Velvet Choker"],"picked":"Inserter"}],"items_purged_floors":[21,24,36,46],"is_endless":false,"potions_floor_spawned":[3,7,8,12,13,18,25,37,45,47],"ascension_level":0}