{"gold_per_floor":[114,126,144,90,108,108,138,67,67,92,171,188,214,232,232,333,333,344,188,463,480,480],"floor_reached":22,"playtime":742,"items_purged":[],"score":245,"play_id":"4b0514ec-67b6-4ea0-87fc-a1afa3186622","local_time":"20190415035204","is_ascension_mode":true,"campfire_choices":[{"data":"Armaments","floor":6,"key":"SMITH"},{"data":"Bash","floor":15,"key":"SMITH"}],"neow_cost":"NONE","seed_source_timestamp":319828781137540,"circlet_count":0,"master_deck":["Strike_R","Strike_R","Strike_R","Strike_R","Strike_R","Defend_R","Defend_R","Defend_R","Defend_R","Bash+1","Headbutt","Inflame","Cleave","Armaments+1","Thunderclap","Anger","Inflame","Metallicize","Headbutt","Whirlwind+1","Cleave+1","Berserk","Clothesline+1","Regret","Cleave+1"],"relics":["Burning Blood","Lantern","Bottled Flame","Pantograph","Odd Mushroom","Dodecahedron","Molten Egg 2","Black Star","Pen Nib"],"potions_floor_usage":[13,16,21],"damage_taken":[{"damage":1,"enemies":"Cultist","floor":1,"turns":3},{"damage":2,"enemies":"Jaw Worm","floor":2,"turns":3},{"damage":0,"enemies":"Small Slimes","floor":3,"turns":2},{"damage":14,"enemies":"Red Slaver","floor":5,"turns":3},{"damage":35,"enemies":"Lagavulin","floor":7,"turns":6},{"damage":6,"enemies":"The Mushroom Lair","floor":10,"turns":2},{"damage":10,"enemies":"Blue Slaver","floor":12,"turns":2},{"damage":34,"enemies":"Gremlin Nob","floor":13,"turns":5},{"damage":0,"enemies":"Gremlin Gang","floor":14,"turns":1},{"damage":30,"enemies":"Slime Boss","floor":16,"turns":7},{"damage":23,"enemies":"2 Thieves","floor":18,"turns":4},{"damage":31,"enemies":"Shell Parasite","floor":21,"turns":6},{"damage":30,"enemies":"Centurion and Healer","floor":22,"turns":4}],"seed_played":"7942147638120326596","potions_obtained":[{"floor":3,"key":"Ancient Potion"},{"floor":7,"key":"SkillPotion"},{"floor":12,"key":"Ancient Potion"},{"floor":13,"key":"PowerPotion"},{"floor":14,"key":"SpeedPotion"}],"is_trial":false,"path_per_floor":["M","M","M","$","M","R","E","$","T","?","T","M","E","M","R","B",null,"M","$","?","M","M"],"character_chosen":"IRONCLAD","items_purchased":["Armaments","Inflame","Pen Nib"],"campfire_rested":0,"item_purchase_floors":[4,8,19],"current_hp_per_floor":[80,80,80,80,72,72,43,43,43,43,43,39,11,17,17,18,65,48,48,48,23,0],"gold":480,"neow_bonus":"RANDOM_COMMON_RELIC","is_prod":false,"is_daily":false,"chose_seed":false,"campfire_upgraded":2,"win_rate":0,"timestamp":1555271524,"path_taken":["M","M","M","$","M","R","E","$","T","?","?","M","E","M","R","BOSS","M","$","?","M","?"],"build_version":"2019-01-23","purchased_purges":0,"victory":false,"max_hp_per_floor":[80,80,80,80,80,80,80,80,80,80,80,80,80,80,80,80,80,80,80,80,80,80],"card_choices":[{"not_picked":["Twin Strike","Clothesline"],"picked":"Headbutt","floor":1},{"not_picked":["Iron Wave","Rupture"],"picked":"Inflame","floor":2},{"not_picked":["Iron Wave","Rupture"],"picked":"Cleave","floor":3},{"not_picked":["Metallicize","True Grit"],"picked":"Thunderclap","floor":5},{"not_picked":["Battle Trance","Sever Soul"],"picked":"Anger","floor":7},{"not_picked":["Sentinel","Reckless Charge"],"picked":"Metallicize","floor":10},{"not_picked":["Twin Strike","Feel No Pain"],"picked":"Headbutt","floor":12},{"not_picked":["Impervious","Feel No Pain"],"picked":"Whirlwind","floor":13},{"not_picked":["Wild Strike+1","Havoc"],"picked":"Cleave+1","floor":14},{"not_picked":["Bludgeon+1","Barricade"],"picked":"Berserk","floor":16},{"not_picked":["Wild Strike+1","Perfected Strike+1"],"picked":"Clothesline+1","floor":18},{"not_picked":["Carnage+1","Headbutt+1"],"picked":"Cleave+1","floor":21}],"player_experience":241109,"relics_obtained":[{"floor":7,"key":"Bottled Flame"},{"floor":9,"key":"Pantograph"},{"floor":10,"key":"Odd Mushroom"},{"floor":11,"key":"Dodecahedron"},{"floor":13,"key":"Molten Egg 2"}],"event_choices":[{"damage_healed":0,"gold_gain":0,"player_choice":"Fought Mushrooms","damage_taken":0,"max_hp_gain":0,"max_hp_loss":0,"event_name":"Mushrooms","floor":10,"gold_loss":0},{"damage_healed":0,"gold_gain":275,"player_choice":"Desecrate","damage_taken":0,"max_hp_gain":0,"max_hp_loss":0,"event_name":"Golden Shrine","floor":20,"gold_loss":0,"cards_obtained":["Regret"]}],"is_beta":false,"boss_relics":[{"not_picked":["Cursed Key","Empty Cage"],"picked":"Black Star"}],"items_purged_floors":[],"is_endless":false,"potions_floor_spawned":[3,7,12,13,14],"killed_by":"Centurion and Healer","ascension_level":5}