{"gold_per_floor":[213,231,231,231,243,243,275,275,275,55,133,164,177,187,187,286,286,297,297,315,329,329,362,362,285,285,285,303,319,65,91,91,193,193,209,209,16,34,46,77,102,133,172,210,238,0,26,38,50,62,74,86,20,52,52],"floor_reached":55,"playtime":2168,"items_purged":[],"score":1097,"play_id":"71bda2ef-b972-4e6b-a6bf-417af24b6859","local_time":"20190418122615","is_ascension_mode":true,"campfire_choices":[{"data":"Pommel Strike","floor":6,"key":"SMITH"},{"data":"Bash","floor":8,"key":"SMITH"},{"data":"Warcry","floor":15,"key":"SMITH"},{"data":"Armaments","floor":24,"key":"SMITH"},{"data":"Pommel Strike","floor":27,"key":"SMITH"},{"data":"Iron Wave","floor":32,"key":"SMITH"},{"floor":49,"key":"RECALL"},{"data":"Limit Break","floor":52,"key":"SMITH"}],"neow_cost":"NONE","seed_source_timestamp":175599965623674,"circlet_count":0,"master_deck":["Strike_R","Strike_R","Strike_R","Strike_R+1","Strike_R+1","Defend_R","Defend_R","Defend_R","Bash+1","Shrug It Off","Pommel Strike+1","Pommel Strike+1","Reaper","Clash","Warcry+1","Iron Wave+1","Ghostly Armor","Clothesline","Limit Break+1","Spot Weakness","Pommel Strike+1","Armaments+1","Cleave","Spot Weakness","Spot Weakness","Infernal Blade+1","Disarm+1","Immolate","Heavy Blade","Bandage Up","Heavy Blade+1","Armaments+1","Anger+1","Clash","Flex+1","Cleave+1","Cleave+1","Iron Wave"],"relics":["Burning Blood","Self Forming Clay","Happy Flower","StoneCalendar","Vajra","Tiny Chest","Thread and Needle","Philosopher\u0027s Stone","Incense Burner","Shuriken","Meat on the Bone","Matryoshka","Velvet Choker","ClockworkSouvenir","Orichalcum","Art of War","MawBank","The Courier","Bronze Scales","Omamori","Red Mask","Mango"],"potions_floor_usage":[7,16,23,31,31,50,50,54,54,54,55],"damage_taken":[{"damage":1,"enemies":"Cultist","floor":1,"turns":4},{"damage":10,"enemies":"Jaw Worm","floor":2,"turns":4},{"damage":3,"enemies":"Small Slimes","floor":5,"turns":3},{"damage":41,"enemies":"Lagavulin","floor":7,"turns":6},{"damage":28,"enemies":"3 Sentries","floor":12,"turns":7},{"damage":2,"enemies":"Red Slaver","floor":13,"turns":3},{"damage":0,"enemies":"Blue Slaver","floor":14,"turns":2},{"damage":27,"enemies":"Hexaghost","floor":16,"turns":9},{"damage":18,"enemies":"2 Thieves","floor":18,"turns":4},{"damage":7,"enemies":"Shell Parasite","floor":20,"turns":2},{"damage":35,"enemies":"Centurion and Healer","floor":21,"turns":5},{"damage":25,"enemies":"Gremlin Leader","floor":23,"turns":4},{"damage":9,"enemies":"Sentry and Sphere","floor":28,"turns":4},{"damage":23,"enemies":"Snake Plant","floor":29,"turns":2},{"damage":19,"enemies":"Book of Stabbing","floor":31,"turns":5},{"damage":28,"enemies":"Champ","floor":33,"turns":8},{"damage":24,"enemies":"3 Darklings","floor":35,"turns":3},{"damage":6,"enemies":"Orb Walker","floor":38,"turns":3},{"damage":0,"enemies":"Transient","floor":39,"turns":5},{"damage":28,"enemies":"Giant Head","floor":40,"turns":6},{"damage":28,"enemies":"Nemesis","floor":42,"turns":3},{"damage":0,"enemies":"Reptomancer","floor":44,"turns":5},{"damage":5,"enemies":"Sphere and 2 Shapes","floor":45,"turns":2},{"damage":0,"enemies":"Writhing Mass","floor":47,"turns":3},{"damage":67,"enemies":"Donu and Deca","floor":50,"turns":6},{"damage":76,"enemies":"Shield and Spear","floor":54,"turns":4},{"damage":70,"enemies":"The Heart","floor":55,"turns":5}],"seed_played":"2442483073061259306","potions_obtained":[{"floor":2,"key":"EssenceOfSteel"},{"floor":7,"key":"Block Potion"},{"floor":13,"key":"Explosive Potion"},{"floor":14,"key":"Dexterity Potion"},{"floor":16,"key":"Swift Potion"},{"floor":29,"key":"Block Potion"},{"floor":31,"key":"Dexterity Potion"},{"floor":35,"key":"PowerPotion"},{"floor":39,"key":"Block Potion"},{"floor":44,"key":"SkillPotion"},{"floor":47,"key":"AttackPotion"},{"floor":54,"key":"EssenceOfSteel"}],"is_trial":false,"path_per_floor":["M","M","?","T","M","R","E","R","T","$","T","E","M","M","R","B",null,"M","?","M","M","?","E","R","$","T","R","M","M","$","E","R","B",null,"M","?","$","M","M","E","T","E","T","E","M","?","M","$","R","B",null,"R","$","E","B"],"character_chosen":"IRONCLAD","items_purchased":["Vajra","Clash","Warcry","Spot Weakness","Meat on the Bone","ClockworkSouvenir","SkillPotion","FearPotion"],"campfire_rested":0,"item_purchase_floors":[10,10,10,25,30,37,53,53],"current_hp_per_floor":[77,73,57,57,60,60,25,25,25,25,25,18,29,42,42,21,65,58,58,57,44,44,42,42,42,42,42,52,47,47,46,46,36,69,77,77,77,77,80,64,64,54,54,78,79,79,80,80,80,35,69,69,69,36,0],"gold":52,"neow_bonus":"HUNDRED_GOLD","is_prod":false,"is_daily":false,"chose_seed":false,"campfire_upgraded":7,"win_rate":0,"timestamp":1555561575,"path_taken":["M","M","?","?","?","R","E","R","T","$","?","E","M","M","R","BOSS","M","?","M","?","?","E","R","$","T","R","M","M","$","E","R","BOSS","M","?","?","M","?","E","?","E","T","E","M","?","M","$","R","BOSS","R","$","E","BOSS"],"build_version":"2019-01-23","purchased_purges":0,"victory":false,"max_hp_per_floor":[80,80,80,80,80,80,80,80,80,80,80,80,80,80,80,80,80,80,80,80,80,80,80,80,80,80,80,80,80,80,80,80,80,80,80,80,80,80,80,80,80,80,80,80,80,80,80,80,80,80,80,80,80,94,94],"card_choices":[{"not_picked":["Iron Wave","Flex"],"picked":"Shrug It Off","floor":1},{"not_picked":["Evolve","Flex"],"picked":"Pommel Strike","floor":2},{"not_picked":["Intimidate","Sever Soul"],"picked":"Pommel Strike","floor":5},{"not_picked":["Ghostly Armor","Burning Pact"],"picked":"Reaper","floor":7},{"not_picked":["Clothesline","Twin Strike"],"picked":"Iron Wave","floor":12},{"not_picked":["Perfected Strike","Power Through"],"picked":"Ghostly Armor","floor":13},{"not_picked":["Perfected Strike","Rupture"],"picked":"Clothesline","floor":14},{"not_picked":["Barricade","Juggernaut"],"picked":"Limit Break","floor":16},{"not_picked":["Carnage+1","Dropkick+1"],"picked":"Spot Weakness","floor":18},{"not_picked":["Headbutt","Clothesline"],"picked":"Pommel Strike+1","floor":20},{"not_picked":["Searing Blow","Warcry"],"picked":"Armaments","floor":21},{"not_picked":["Headbutt+1","Reckless Charge+1"],"picked":"Cleave","floor":23},{"not_picked":["Second Wind","Pommel Strike"],"picked":"Spot Weakness","floor":28},{"not_picked":["Carnage","Havoc"],"picked":"Infernal Blade+1","floor":29},{"not_picked":["Bludgeon","Entrench+1"],"picked":"Disarm+1","floor":31},{"not_picked":["Berserk","Barricade"],"picked":"Immolate","floor":33},{"not_picked":["Perfected Strike+1","Shrug It Off+1"],"picked":"Heavy Blade","floor":35},{"not_picked":["Good Instincts","Chrysalis"],"picked":"Bandage Up","floor":36},{"not_picked":["Sentinel","Shrug It Off"],"picked":"Heavy Blade+1","floor":38},{"not_picked":["Feel No Pain","Sword Boomerang"],"picked":"Armaments+1","floor":39},{"not_picked":["Havoc","Wild Strike"],"picked":"Anger+1","floor":40},{"not_picked":["Clothesline+1","Bludgeon"],"picked":"Clash","floor":42},{"not_picked":["Heavy Blade","Limit Break"],"picked":"Flex+1","floor":44},{"not_picked":["Pummel","Twin Strike"],"picked":"Cleave+1","floor":45},{"not_picked":["Sword Boomerang","Flame Barrier+1"],"picked":"Cleave+1","floor":47},{"not_picked":["Reaper","Havoc"],"picked":"Iron Wave","floor":54}],"player_experience":243925,"relics_obtained":[{"floor":4,"key":"Self Forming Clay"},{"floor":7,"key":"Happy Flower"},{"floor":9,"key":"StoneCalendar"},{"floor":11,"key":"Tiny Chest"},{"floor":12,"key":"Thread and Needle"},{"floor":23,"key":"Incense Burner"},{"floor":26,"key":"Shuriken"},{"floor":31,"key":"Matryoshka"},{"floor":40,"key":"Orichalcum"},{"floor":41,"key":"Art of War"},{"floor":42,"key":"MawBank"},{"floor":43,"key":"The Courier"},{"floor":43,"key":"Bronze Scales"},{"floor":44,"key":"Omamori"},{"floor":54,"key":"Mango"}],"event_choices":[{"damage_healed":0,"gold_gain":0,"player_choice":"Entered Light","damage_taken":16,"max_hp_gain":0,"max_hp_loss":0,"event_name":"Shining Light","floor":3,"gold_loss":0,"cards_upgraded":["Strike_R","Strike_R"]},{"cards_removed":["Defend_R"],"damage_healed":0,"gold_gain":0,"player_choice":"Offered Basic","damage_taken":0,"max_hp_gain":0,"max_hp_loss":0,"event_name":"Bonfire Elementals","floor":19,"gold_loss":0},{"damage_healed":0,"gold_gain":0,"player_choice":"Ignored","damage_taken":0,"max_hp_gain":0,"max_hp_loss":0,"event_name":"Ghosts","floor":22,"gold_loss":0},{"damage_healed":0,"gold_gain":0,"player_choice":"Memory 1","damage_taken":0,"max_hp_gain":0,"max_hp_loss":0,"event_name":"SensoryStone","floor":36,"gold_loss":0},{"damage_healed":0,"gold_gain":0,"player_choice":"Paid","damage_taken":0,"relics_obtained":["Red Mask"],"max_hp_gain":0,"max_hp_loss":0,"event_name":"Tomb of Lord Red Mask","floor":46,"gold_loss":250}],"is_beta":false,"boss_relics":[{"not_picked":["Runic Cube","Sozu"],"picked":"Philosopher\u0027s Stone"},{"not_picked":["Cursed Key","Runic Dome"],"picked":"Velvet Choker"}],"items_purged_floors":[],"is_endless":false,"potions_floor_spawned":[2,7,13,14,16,29,31,35,39,44,47,54],"killed_by":"The Heart","ascension_level":6}