{"gold_per_floor":[13,13,13,13,32,58,58,84,114,139,154,154,166,7,7,111,111,126,142,161,26,50,50,79,99,124,138,138,158,158,69,69,170,170,188,188,73,90,190,190,205,6,6,38,38,53,82,101,101,101],"floor_reached":51,"playtime":2502,"items_purged":["Pain","Strike_R"],"score":1168,"play_id":"23d86faa-3dd9-48ba-a2cd-7da257784ae5","local_time":"20190430203623","is_ascension_mode":true,"campfire_choices":[{"floor":7,"key":"REST"},{"floor":12,"key":"REST"},{"data":"Perfected Strike","floor":15,"key":"SMITH"},{"floor":23,"key":"REST"},{"data":"Infernal Blade","floor":28,"key":"SMITH"},{"data":"Panacea","floor":30,"key":"SMITH"},{"data":"Feel No Pain","floor":32,"key":"SMITH"},{"data":"Corruption","floor":40,"key":"SMITH"},{"data":"Exhume","floor":45,"key":"SMITH"},{"data":"Seeing Red","floor":49,"key":"SMITH"}],"neow_cost":"NO_GOLD","seed_source_timestamp":561826998105462,"circlet_count":0,"master_deck":["AscendersBane","Strike_R","Strike_R","Strike_R","Strike_R","Defend_R","Defend_R","Defend_R","Defend_R","Bash","Swift Strike","Perfected Strike+1","Rage","Perfected Strike+1","Uppercut+1","Ghostly Armor","Panacea+1","Limit Break","Feel No Pain+1","True Grit","Infernal Blade+1","Second Wind+1","Dramatic Entrance+1","Exhume+1","Corruption+1","Seeing Red","Perfected Strike+1","Dramatic Entrance+1","Sentinel","Seeing Red+1"],"relics":["Black Blood","Molten Egg 2","WarpedTongs","Red Skull","Sundial","Tiny Chest","Dead Branch","Runic Dome","Pen Nib","Happy Flower","Bronze Scales","Shuriken","Incense Burner","DollysMirror","Ornamental Fan","Prayer Wheel","Lantern"],"potions_floor_usage":[10,16,16,16,33,33,44,50,50],"damage_taken":[{"damage":9,"enemies":"Small Slimes","floor":1,"turns":4},{"damage":8,"enemies":"2 Louse","floor":5,"turns":3},{"damage":45,"enemies":"3 Sentries","floor":6,"turns":9},{"damage":24,"enemies":"Lagavulin","floor":8,"turns":4},{"damage":7,"enemies":"3 Sentries","floor":10,"turns":7},{"damage":1,"enemies":"Cultist","floor":11,"turns":2},{"damage":9,"enemies":"Red Slaver","floor":13,"turns":2},{"damage":9,"enemies":"Hexaghost","floor":16,"turns":8},{"damage":22,"enemies":"2 Thieves","floor":18,"turns":4},{"damage":16,"enemies":"Spheric Guardian","floor":19,"turns":4},{"damage":12,"enemies":"Cultist and Chosen","floor":20,"turns":4},{"damage":16,"enemies":"Gremlin Leader","floor":24,"turns":6},{"damage":12,"enemies":"Snake Plant","floor":25,"turns":4},{"damage":9,"enemies":"Shelled Parasite and Fungi","floor":27,"turns":3},{"damage":0,"enemies":"3 Cultists","floor":29,"turns":4},{"damage":31,"enemies":"Champ","floor":33,"turns":9},{"damage":2,"enemies":"3 Shapes","floor":35,"turns":4},{"damage":17,"enemies":"3 Darklings","floor":38,"turns":2},{"damage":0,"enemies":"Mind Bloom Boss Battle","floor":39,"turns":3},{"damage":2,"enemies":"Transient","floor":41,"turns":5},{"damage":1,"enemies":"Reptomancer","floor":44,"turns":4},{"damage":5,"enemies":"Sphere and 2 Shapes","floor":46,"turns":3},{"damage":10,"enemies":"Giant Head","floor":47,"turns":6},{"damage":11,"enemies":"4 Shapes","floor":48,"turns":4},{"damage":47,"enemies":"Awakened One","floor":50,"turns":6}],"seed_played":"-126061183242097807","potions_obtained":[{"floor":6,"key":"Swift Potion"},{"floor":8,"key":"Swift Potion"},{"floor":10,"key":"Regen Potion"},{"floor":11,"key":"SteroidPotion"},{"floor":19,"key":"GamblersBrew"},{"floor":24,"key":"Ancient Potion"},{"floor":27,"key":"Weak Potion"},{"floor":29,"key":"Fire Potion"},{"floor":35,"key":"SmokeBomb"},{"floor":39,"key":"Swift Potion"},{"floor":46,"key":"Dexterity Potion"}],"is_trial":false,"path_per_floor":["M","?","?","?","M","E","R","E","T","E","M","R","M","$","R","B",null,"M","M","M","$","T","R","E","M","T","M","R","M","R","$","R","B",null,"M","T","$","M","?","R","M","$","T","E","R","M","E","M","R","B",null],"character_chosen":"IRONCLAD","items_purchased":["Panacea","Infernal Blade","Dramatic Entrance+1","Corruption","Seeing Red","DollysMirror"],"campfire_rested":3,"item_purchase_floors":[14,21,31,37,37,42],"current_hp_per_floor":[69,57,50,50,48,9,33,15,15,14,19,43,40,40,40,52,73,57,47,41,41,41,65,55,49,49,46,46,52,52,52,52,27,67,75,75,75,68,78,78,80,80,80,80,80,80,80,79,79,42],"gold":101,"neow_bonus":"RANDOM_COLORLESS_2","is_prod":false,"is_daily":false,"chose_seed":false,"campfire_upgraded":7,"win_rate":0,"timestamp":1556678183,"path_taken":["M","?","?","?","M","E","R","E","T","E","?","R","M","$","R","BOSS","M","M","M","$","?","R","E","M","T","M","R","M","R","$","R","BOSS","M","?","$","M","?","R","M","?","T","E","R","?","E","M","R","BOSS"],"build_version":"2019-04-23","purchased_purges":2,"victory":true,"max_hp_per_floor":[80,80,80,80,80,80,80,80,80,80,80,80,80,80,80,80,80,80,80,80,80,80,80,80,80,80,80,80,80,80,80,80,80,80,80,80,80,80,80,80,80,80,80,80,80,80,80,80,80,80],"card_choices":[{"not_picked":["Dropkick","Spot Weakness"],"picked":"Perfected Strike","floor":1},{"not_picked":["Seeing Red","True Grit","Spot Weakness"],"picked":"SKIP","floor":5},{"not_picked":["Sever Soul+1","Warcry","Rupture"],"picked":"SKIP","floor":6},{"not_picked":["Demon Form","Cleave+1"],"picked":"Rage","floor":8},{"not_picked":["Power Through","Cleave+1"],"picked":"Perfected Strike+1","floor":10},{"not_picked":["Clothesline+1","Intimidate"],"picked":"Uppercut+1","floor":11},{"not_picked":["Entrench","Sentinel"],"picked":"Ghostly Armor","floor":13},{"not_picked":["Berserk","Immolate+1"],"picked":"Limit Break","floor":16},{"not_picked":["Anger+1","Armaments"],"picked":"Feel No Pain","floor":18},{"not_picked":["Sword Boomerang+1","Body Slam+1"],"picked":"True Grit","floor":19},{"not_picked":["Dual Wield","Metallicize","Shrug It Off"],"picked":"SKIP","floor":20},{"not_picked":["Limit Break","Havoc"],"picked":"Second Wind+1","floor":24},{"not_picked":["Spot Weakness","Wild Strike+1","Anger+1"],"picked":"SKIP","floor":25},{"not_picked":["Second Wind","Wild Strike+1","Thunderclap+1"],"picked":"SKIP","floor":27},{"not_picked":["Wild Strike+1","Rage","Heavy Blade+1"],"picked":"SKIP","floor":29},{"not_picked":["Reaper+1","Impervious"],"picked":"Exhume","floor":33},{"not_picked":["Combust+1","Armaments+1","Power Through+1"],"picked":"SKIP","floor":35},{"not_picked":["Spot Weakness","Evolve+1","Shrug It Off"],"picked":"SKIP","floor":38},{"not_picked":["Cleave+1","Twin Strike+1"],"picked":"Perfected Strike+1","floor":41},{"not_picked":["Second Wind+1","Combust","Fire Breathing+1"],"picked":"SKIP","floor":44},{"not_picked":["Clash+1","Heavy Blade+1"],"picked":"Sentinel","floor":46},{"not_picked":["Havoc","Corruption","Wild Strike+1"],"picked":"SKIP","floor":46},{"not_picked":["Perfected Strike+1","Cleave+1","Exhume"],"picked":"SKIP","floor":47},{"not_picked":["Shrug It Off","Cleave+1"],"picked":"Seeing Red","floor":48},{"not_picked":["Body Slam+1","Uppercut+1","Pommel Strike+1"],"picked":"SKIP","floor":48}],"player_experience":581701,"relics_obtained":[{"floor":6,"key":"Red Skull"},{"floor":8,"key":"Sundial"},{"floor":9,"key":"Tiny Chest"},{"floor":10,"key":"Dead Branch"},{"floor":22,"key":"Pen Nib"},{"floor":24,"key":"Happy Flower"},{"floor":26,"key":"Bronze Scales"},{"floor":36,"key":"Shuriken"},{"floor":39,"key":"Incense Burner"},{"floor":43,"key":"Ornamental Fan"},{"floor":44,"key":"Prayer Wheel"},{"floor":47,"key":"Lantern"}],"event_choices":[{"damage_healed":0,"gold_gain":0,"player_choice":"Success","damage_taken":12,"relics_obtained":["Molten Egg 2"],"max_hp_gain":0,"max_hp_loss":0,"event_name":"Scrap Ooze","floor":2,"gold_loss":0},{"cards_removed":["Impatience"],"damage_healed":0,"gold_gain":0,"player_choice":"Card Removal","damage_taken":7,"max_hp_gain":0,"max_hp_loss":0,"event_name":"Golden Wing","floor":3,"gold_loss":0},{"damage_healed":0,"gold_gain":0,"player_choice":"Rummage","damage_taken":0,"relics_obtained":["WarpedTongs"],"max_hp_gain":0,"max_hp_loss":0,"event_name":"Accursed Blacksmith","floor":4,"gold_loss":0,"cards_obtained":["Pain"]},{"damage_healed":0,"gold_gain":0,"player_choice":"Fight","damage_taken":0,"max_hp_gain":0,"max_hp_loss":0,"event_name":"MindBloom","floor":39,"gold_loss":0}],"is_beta":true,"boss_relics":[{"not_picked":["Busted Crown","Coffee Dripper"],"picked":"Runic Dome"},{"not_picked":["Velvet Choker","White Beast Statue"],"picked":"Black Blood"}],"items_purged_floors":[14,21],"is_endless":false,"potions_floor_spawned":[6,8,10,11,19,24,27,29,35,39,46,47],"ascension_level":10}