{"gold_per_floor":[118,118,118,43,61,61,61,61,141,171,171,181,181,198,198,296,296,306,306,325,339,239,266,277,310,336,211,310,310,330,330,330,430,430,444,460,140,153,2,2,20,20,45,57,89,115,127,154,166,178],"floor_reached":51,"playtime":2052,"items_purged":["Darkness","Strike_B","Strike_B","Strike_B"],"score":687,"play_id":"9ca24db3-ccb8-4258-81e9-80a077b89d99","local_time":"20190225153556","is_ascension_mode":false,"campfire_choices":[{"data":"Zap","floor":6.0,"key":"SMITH"},{"data":"Defend_B","floor":8.0,"key":"SMITH"},{"data":"Core Surge","floor":11.0,"key":"SMITH"},{"data":"Conserve Battery","floor":13.0,"key":"SMITH"},{"data":"Dualcast","floor":15.0,"key":"SMITH"},{"data":"Conserve Battery","floor":29.0,"key":"SMITH"},{"data":"Electrodynamics","floor":32.0,"key":"SMITH"},{"data":"Apotheosis","floor":40.0,"key":"SMITH"},{"data":"Machine Learning","floor":42.0,"key":"SMITH"},{"data":"Defend_B","floor":47.0,"key":"SMITH"},{"data":"Core Surge","floor":49.0,"key":"SMITH"}],"neow_cost":"TEN_PERCENT_HP_LOSS","seed_source_timestamp":46255687043524,"circlet_count":0,"master_deck":["Defend_B+1","Defend_B+1","Defend_B+1","Zap+1","Dualcast+1","Glacier+1","Core Surge+1","Conserve Battery+1","Ball Lightning","Electrodynamics+1","Conserve Battery+1","Ball Lightning","Machine Learning+1","Self Repair+1","Skim+1","Apotheosis+1","Core Surge+1","Static Discharge+1","Capacitor+1"],"special_seed":0,"relics":["Cracked Core","Kunai","Pen Nib","Velvet Choker","Cables","Ornamental Fan","Bronze Scales","Blue Candle","Sozu","Oddly Smooth Stone","MawBank"],"potions_floor_usage":[50,50,50],"damage_taken":[{"damage":1.0,"enemies":"2 Louse","floor":1.0,"turns":3.0},{"damage":0.0,"enemies":"Jaw Worm","floor":5.0,"turns":3.0},{"damage":17.0,"enemies":"3 Sentries","floor":10.0,"turns":10.0},{"damage":0.0,"enemies":"Cultist","floor":12.0,"turns":2.0},{"damage":0.0,"enemies":"Red Slaver","floor":14.0,"turns":4.0},{"damage":24.0,"enemies":"Hexaghost","floor":16.0,"turns":12.0},{"damage":0.0,"enemies":"Chosen","floor":18.0,"turns":4.0},{"damage":0.0,"enemies":"Shell Parasite","floor":20.0,"turns":5.0},{"damage":0.0,"enemies":"3 Cultists","floor":21.0,"turns":3.0},{"damage":3.0,"enemies":"Gremlin Leader","floor":23.0,"turns":5.0},{"damage":4.0,"enemies":"Shelled Parasite and Fungi","floor":24.0,"turns":4.0},{"damage":1.0,"enemies":"Book of Stabbing","floor":25.0,"turns":6.0},{"damage":0.0,"enemies":"Snecko","floor":30.0,"turns":4.0},{"damage":20.0,"enemies":"Collector","floor":33.0,"turns":11.0},{"damage":7.0,"enemies":"3 Darklings","floor":35.0,"turns":2.0},{"damage":7.0,"enemies":"3 Shapes","floor":36.0,"turns":2.0},{"damage":0.0,"enemies":"3 Darklings","floor":38.0,"turns":2.0},{"damage":23.0,"enemies":"Maw","floor":41.0,"turns":7.0},{"damage":1.0,"enemies":"Sphere and 2 Shapes","floor":45.0,"turns":3.0},{"damage":0.0,"enemies":"4 Shapes","floor":46.0,"turns":3.0},{"damage":0.0,"enemies":"Writhing Mass","floor":48.0,"turns":5.0},{"damage":24,"enemies":"Time Eater","floor":50,"turns":9}],"seed_played":"-311345520269324834","potions_obtained":[{"floor":16.0,"key":"Explosive Potion"},{"floor":23.0,"key":"SpeedPotion"},{"floor":24.0,"key":"FocusPotion"},{"floor":25.0,"key":"EssenceOfSteel"}],"is_trial":false,"path_per_floor":["M","?","?","$","M","R","T","R","T","E","R","M","R","M","R","B",null,"M","?","M","M","$","E","M","E","T","$","?","R","M","T","R","B",null,"M","M","$","M","$","R","M","R","T","?","M","M","R","M","R","B",null],"character_chosen":"DEFECT","items_purchased":["Apotheosis","Oddly Smooth Stone"],"campfire_rested":0,"item_purchase_floors":[37,39],"current_hp_per_floor":[67,72,57,57,57,57,57,57,57,40,40,40,40,40,40,16,73,73,73,73,73,73,70,66,65,65,65,65,65,65,65,65,45,73,66,69,69,73,73,73,60,60,60,60,69,73,73,73,73,59],"gold":190,"neow_bonus":"TRANSFORM_TWO_CARDS","is_prod":false,"is_daily":false,"chose_seed":false,"campfire_upgraded":11,"win_rate":0,"timestamp":1551098156,"path_taken":["M","?","?","?","M","R","?","R","T","E","R","?","R","M","R","BOSS","M","?","M","M","$","E","M","E","T","$","?","R","M","?","R","BOSS","M","M","$","M","$","R","?","R","T","?","M","?","R","M","R","BOSS"],"build_version":"2019-01-23","purchased_purges":4,"victory":true,"max_hp_per_floor":[68,73,73,73,73,73,73,73,73,73,73,73,73,73,73,73,73,73,73,73,73,73,73,73,73,73,73,73,73,73,73,73,73,73,73,73,73,73,73,73,73,73,73,73,73,73,73,73,73,73],"card_choices":[{"not_picked":["Coolheaded","Doom and Gloom","Ball Lightning"],"picked":"SKIP","floor":1.0},{"not_picked":["Hologram","Skim","Compile Driver"],"picked":"SKIP","floor":5.0},{"not_picked":["Rip and Tear","Chaos"],"picked":"Core Surge","floor":10.0},{"not_picked":["Hologram","Steam"],"picked":"Conserve Battery","floor":12.0},{"not_picked":["Barrage","Gash"],"picked":"Ball Lightning","floor":14.0},{"not_picked":["Fission","Machine Learning"],"picked":"Electrodynamics","floor":16.0},{"not_picked":["Cold Snap","Glacier"],"picked":"Conserve Battery","floor":18.0},{"not_picked":["Leap","Undo","Self Repair"],"picked":"SKIP","floor":20.0},{"not_picked":["Gash","White Noise"],"picked":"Ball Lightning","floor":21.0},{"not_picked":["Leap+1","Gash","Undo"],"picked":"SKIP","floor":23.0},{"not_picked":["Recycle","Steam+1","Gash"],"picked":"SKIP","floor":24.0},{"not_picked":["Redo+1","Fusion","Heatsinks+1"],"picked":"SKIP","floor":25.0},{"not_picked":["Fusion","White Noise","Tempest+1"],"picked":"SKIP","floor":30.0},{"not_picked":["Electrodynamics","Fission"],"picked":"Machine Learning","floor":33.0},{"not_picked":["Sweeping Beam","Steam+1"],"picked":"Self Repair+1","floor":35.0},{"not_picked":["Go for the Eyes+1","Gash"],"picked":"Skim+1","floor":36.0},{"not_picked":["Compile Driver","Glacier","Genetic Algorithm+1"],"picked":"SKIP","floor":38.0},{"not_picked":["Beam Cell","Glacier"],"picked":"Core Surge","floor":41.0},{"not_picked":["Coolheaded+1","Hello World+1","Conserve Battery"],"picked":"SKIP","floor":45.0},{"not_picked":["Stack","Turbo+1"],"picked":"Static Discharge+1","floor":46.0},{"not_picked":["Go for the Eyes","Doom and Gloom+1"],"picked":"Capacitor+1","floor":48.0}],"player_experience":890142,"relics_obtained":[{"floor":9.0,"key":"Kunai"},{"floor":10.0,"key":"Pen Nib"},{"floor":23.0,"key":"Cables"},{"floor":25.0,"key":"Ornamental Fan"},{"floor":26.0,"key":"Bronze Scales"},{"floor":31.0,"key":"Blue Candle"},{"floor":43.0,"key":"MawBank"}],"event_choices":[{"damage_healed":0.0,"max_hp_gain":5.0,"max_hp_loss":0.0,"gold_gain":0.0,"event_name":"Big Fish","player_choice":"Donut","floor":2.0,"gold_loss":0.0,"damage_taken":0.0},{"damage_healed":0.0,"max_hp_gain":0.0,"max_hp_loss":0.0,"gold_gain":0.0,"event_name":"Shining Light","player_choice":"Entered Light","floor":3.0,"gold_loss":0.0,"damage_taken":15.0,"cards_upgraded":["Defend_B","Glacier"]},{"damage_healed":0.0,"max_hp_gain":0.0,"max_hp_loss":0.0,"gold_gain":0.0,"event_name":"Ghosts","player_choice":"Ignored","floor":19.0,"gold_loss":0.0,"damage_taken":0.0},{"damage_healed":0.0,"max_hp_gain":0.0,"max_hp_loss":0.0,"gold_gain":99.0,"event_name":"Nest","player_choice":"Stole From Cult","floor":28.0,"gold_loss":0.0,"damage_taken":0.0},{"damage_healed":0.0,"max_hp_gain":0.0,"max_hp_loss":0.0,"gold_gain":0.0,"event_name":"SecretPortal","player_choice":"Ignored","floor":44.0,"gold_loss":0.0,"damage_taken":0.0}],"is_beta":false,"boss_relics":[{"not_picked":["Lizard Tail","Runic Dome"],"picked":"Velvet Choker"},{"not_picked":["Orrery","Cursed Key"],"picked":"Sozu"}],"items_purged_floors":[4,22,27,37],"is_endless":false,"potions_floor_spawned":[16,23,24,25,36,38],"ascension_level":0}