{"gold_per_floor":[115,125,136,153,153,153,179,195,277,277,287,307,339,349,349,447,497,517,529,540,557,50,50,85,85,85,10,30,30,30],"floor_reached":30,"playtime":2118,"items_purged":["Strike_B"],"score":266,"play_id":"67d1b17b-d310-4c01-a49c-15492a52e745","local_time":"20190108000948","is_ascension_mode":false,"campfire_choices":[{"data":"Zap","floor":6.0,"key":"SMITH"},{"data":"Genetic Algorithm","floor":10.0,"key":"SMITH"},{"floor":15.0,"key":"REST"},{"data":"Loop","floor":23,"key":"SMITH"},{"floor":25,"key":"REST"}],"neow_cost":"NONE","seed_source_timestamp":0,"circlet_count":0,"master_deck":["Strike_B+1","Defend_B","Defend_B","Defend_B","Defend_B","Zap+1","Dualcast","Rip and Tear","Coolheaded","Chill","Coolheaded","Static Discharge","Genetic Algorithm+1","Cold Snap","Chaos+1","Ball Lightning","Aggregate+1","Coolheaded+1","Darkness+1","Multi-Cast+1","Redo+1","Loop+1","Rainbow+1","Chill+1","Capacitor","Blizzard","Panache","White Noise+1","Steam Power+1"],"special_seed":0,"relics":["Cracked Core","Toxic Egg 2","Matryoshka","Girya","Tiny House","Gremlin Horn","Bronze Scales","Sundial","Mummified Hand","Enchiridion"],"potions_floor_usage":[16,16,21,24,24,28],"damage_taken":[{"damage":0.0,"enemies":"Small Slimes","floor":1.0,"turns":2.0},{"damage":0.0,"enemies":"Cultist","floor":2.0,"turns":4.0},{"damage":0.0,"enemies":"2 Louse","floor":3.0,"turns":1.0},{"damage":6.0,"enemies":"Looter","floor":4.0,"turns":4.0},{"damage":13.0,"enemies":"3 Sentries","floor":7.0,"turns":8.0},{"damage":2.0,"enemies":"Blue Slaver","floor":8.0,"turns":2.0},{"damage":9.0,"enemies":"Exordium Wildlife","floor":11.0,"turns":4.0},{"damage":0.0,"enemies":"2 Fungi Beasts","floor":12.0,"turns":3.0},{"damage":35.0,"enemies":"Gremlin Nob","floor":13.0,"turns":5.0},{"damage":2.0,"enemies":"Large Slime","floor":14.0,"turns":5.0},{"damage":25,"enemies":"Slime Boss","floor":16,"turns":8},{"damage":4,"enemies":"3 Byrds","floor":18,"turns":6},{"damage":1,"enemies":"Chosen","floor":19,"turns":3},{"damage":30,"enemies":"Snake Plant","floor":20,"turns":2},{"damage":7,"enemies":"Shelled Parasite and Fungi","floor":21,"turns":6},{"damage":22,"enemies":"Book of Stabbing","floor":24,"turns":6},{"damage":4,"enemies":"Sentry and Sphere","floor":28,"turns":3},{"damage":23,"enemies":"Snake Plant","floor":30,"turns":2}],"seed_played":"1332211481918822169","potions_obtained":[{"floor":2.0,"key":"Energy Potion"},{"floor":8.0,"key":"SneckoOil"},{"floor":12.0,"key":"Block Potion"},{"floor":13.0,"key":"Explosive Potion"},{"floor":14.0,"key":"SkillPotion"},{"floor":17,"key":"GamblersBrew"},{"floor":19,"key":"EssenceOfSteel"},{"floor":24,"key":"Swift Potion"},{"floor":28,"key":"Explosive Potion"}],"is_trial":false,"path_per_floor":["M","M","M","M","?","R","E","M","T","R","M","M","E","M","R","B",null,"M","M","M","M","$","R","E","R","T","$","M","?","M"],"character_chosen":"DEFECT","items_purchased":["Gremlin Horn","Blizzard","Panache"],"campfire_rested":2,"item_purchase_floors":[22,22,22],"current_hp_per_floor":[75,75,75,69,69,69,56,54,54,54,45,45,10,8,30,5,80,76,75,45,38,38,38,16,40,40,40,36,20,0],"gold":30,"neow_bonus":"TRANSFORM_CARD","is_prod":false,"is_daily":false,"chose_seed":false,"campfire_upgraded":3,"win_rate":0.0,"timestamp":1546877388,"path_taken":["M","M","M","M","?","R","E","M","T","R","?","M","E","M","R","BOSS","M","M","M","M","$","R","E","R","T","$","M","?","M"],"build_version":"2019-01-03v4","purchased_purges":1,"victory":false,"max_hp_per_floor":[75,75,75,75,75,75,75,75,75,75,75,75,75,75,75,75,80,80,80,80,80,80,80,80,80,80,80,80,80,80],"card_choices":[{"not_picked":["Beam Cell","Turbo"],"picked":"Coolheaded","floor":1.0},{"not_picked":["Coolheaded","Compile Driver"],"picked":"Chill","floor":2.0},{"not_picked":["Gash","Streamline"],"picked":"Coolheaded","floor":3.0},{"not_picked":["Coolheaded","Rebound"],"picked":"Static Discharge","floor":4.0},{"not_picked":["Machine Learning","Steam"],"picked":"Cold Snap","floor":7.0},{"not_picked":["Beam Cell","Rebound"],"picked":"Chaos+1","floor":8.0},{"not_picked":["Go for the Eyes","Turbo+1"],"picked":"Ball Lightning","floor":11.0},{"not_picked":["Beam Cell","Coolheaded+1"],"picked":"Aggregate+1","floor":12.0},{"not_picked":["Hello World","Turbo+1"],"picked":"Coolheaded+1","floor":13.0},{"not_picked":["Thunder Strike","Leap+1"],"picked":"Darkness+1","floor":14.0},{"not_picked":["Hyperbeam","Meteor Strike"],"picked":"Multi-Cast+1","floor":16},{"not_picked":["Stack+1","Capacitor"],"picked":"Redo+1","floor":17},{"not_picked":["Streamline","Steam+1"],"picked":"Loop","floor":18},{"not_picked":["Steam+1","Gash"],"picked":"Rainbow+1","floor":19},{"not_picked":["Steam Power+1","FTL"],"picked":"Chill+1","floor":20},{"not_picked":["BootSequence+1","Gash"],"picked":"Capacitor","floor":21},{"not_picked":["Double Energy+1","Hello World"],"picked":"White Noise+1","floor":24},{"not_picked":["Go for the Eyes","Chill+1"],"picked":"Steam Power+1","floor":28}],"player_experience":85844,"relics_obtained":[{"floor":7.0,"key":"Toxic Egg 2"},{"floor":9.0,"key":"Matryoshka"},{"floor":13.0,"key":"Girya"},{"floor":24,"key":"Bronze Scales"},{"floor":26,"key":"Sundial"},{"floor":26,"key":"Mummified Hand"},{"floor":29,"key":"Enchiridion"}],"event_choices":[{"damage_healed":0.0,"max_hp_gain":0.0,"max_hp_loss":0.0,"gold_gain":0.0,"cards_transformed":["Strike_B"],"event_name":"Transmorgrifier","player_choice":"Transformed","floor":5.0,"gold_loss":0.0,"damage_taken":0.0,"cards_obtained":["Genetic Algorithm"]},{"damage_healed":0,"gold_gain":0,"player_choice":"Obtained Book","damage_taken":16,"max_hp_gain":0,"max_hp_loss":0,"event_name":"Cursed Tome","floor":29,"gold_loss":0}],"is_beta":false,"boss_relics":[{"not_picked":["Velvet Choker","Snecko Eye"],"picked":"Tiny House"}],"items_purged_floors":[27],"is_endless":false,"potions_floor_spawned":[2,8,12,13,14,19,24,28],"killed_by":"Snake Plant","ascension_level":0}