{"gold_per_floor":[116,135,60,74,90,151,163,176,202,202,231,324,336,375,387,501,513,513,513,513,250,250,250,250,250,250,250,250,250,119,119,119,119,119,119,119,69,69,69,69,69,69,69,69,69,69,69,69,69,69],"floor_reached":51,"playtime":3890,"items_purged":["Normality","Strike_G","Strike_G","Defend_G"],"score":945,"play_id":"680e2fb4-d695-4ffd-b1a9-36d2ae75fc0f","local_time":"20181215163604","is_ascension_mode":false,"campfire_choices":[{"floor":13.0,"key":"REST"},{"data":"Footwork","floor":15.0,"key":"SMITH"},{"data":"After Image","floor":23.0,"key":"SMITH"},{"data":"After Image","floor":25.0,"key":"SMITH"},{"data":"Neutralize","floor":27.0,"key":"SMITH"},{"data":"Blade Dance","floor":32.0,"key":"SMITH"},{"data":"Adrenaline","floor":41,"key":"SMITH"},{"data":"Caltrops","floor":49,"key":"SMITH"}],"neow_cost":"CURSE","seed_source_timestamp":16954235176321,"circlet_count":0,"master_deck":["Defend_G","Defend_G","Defend_G","Defend_G","Survivor+1","Neutralize+1","Dagger Throw","Die Die Die","Caltrops+1","Blur+1","Calculated Gamble","Footwork+1","Poisoned Stab","Escape Plan","After Image+1","Poisoned Stab","Blur","After Image+1","Cloak And Dagger+1","Masterful Stab","Blade Dance+1","Caltrops","Adrenaline+1","Blade Dance+1","Backflip+1","Blur+1","Leg Sweep+1","Infinite Blades+1","Parasite","Blade Dance+1"],"special_seed":0,"relics":["Ring of the Snake","Tiny Chest","Oddly Smooth Stone","MawBank","Mercury Hourglass","Centennial Puzzle","Ectoplasm","Smiling Mask","Regal Pillow","Black Star","Ancient Tea Set","Dream Catcher","Gremlin Horn","The Courier","War Paint","Mango"],"potions_floor_usage":[33,40,46,50,50,50],"damage_taken":[{"damage":0.0,"enemies":"2 Louse","floor":1.0,"turns":1.0},{"damage":1.0,"enemies":"Jaw Worm","floor":2.0,"turns":5.0},{"damage":0.0,"enemies":"Small Slimes","floor":4.0,"turns":1.0},{"damage":0.0,"enemies":"Exordium Thugs","floor":5.0,"turns":2.0},{"damage":11.0,"enemies":"3 Sentries","floor":6.0,"turns":10.0},{"damage":0.0,"enemies":"Looter","floor":7.0,"turns":4.0},{"damage":0.0,"enemies":"Blue Slaver","floor":8.0,"turns":5.0},{"damage":18.0,"enemies":"Gremlin Nob","floor":11.0,"turns":6.0},{"damage":0.0,"enemies":"The Guardian","floor":16.0,"turns":16.0},{"damage":0.0,"enemies":"Spheric Guardian","floor":18.0,"turns":6.0},{"damage":0.0,"enemies":"Chosen","floor":19.0,"turns":5.0},{"damage":12.0,"enemies":"Centurion and Healer","floor":20.0,"turns":8.0},{"damage":0.0,"enemies":"Snecko","floor":22.0,"turns":7.0},{"damage":0.0,"enemies":"Sentry and Sphere","floor":24.0,"turns":8.0},{"damage":0.0,"enemies":"Book of Stabbing","floor":28.0,"turns":6.0},{"damage":0.0,"enemies":"Snake Plant","floor":29.0,"turns":4.0},{"damage":4.0,"enemies":"3 Cultists","floor":31.0,"turns":4.0},{"damage":0,"enemies":"Champ","floor":33,"turns":19},{"damage":0,"enemies":"3 Shapes","floor":35,"turns":4},{"damage":0,"enemies":"Orb Walker","floor":36,"turns":4},{"damage":0,"enemies":"Sphere and 2 Shapes","floor":38,"turns":4},{"damage":0,"enemies":"Maw","floor":39,"turns":10},{"damage":0,"enemies":"Reptomancer","floor":40,"turns":9},{"damage":0,"enemies":"Spire Growth","floor":42,"turns":7},{"damage":0,"enemies":"3 Darklings","floor":46,"turns":5},{"damage":4,"enemies":"Nemesis","floor":47,"turns":11},{"damage":1,"enemies":"Writhing Mass","floor":48,"turns":10},{"damage":0,"enemies":"Donu and Deca","floor":50,"turns":11}],"seed_played":"-7808774632393904676","potions_obtained":[{"floor":1.0,"key":"Explosive Potion"},{"floor":5.0,"key":"Regen Potion"},{"floor":6.0,"key":"Ancient Potion"},{"floor":7.0,"key":"GhostInAJar"},{"floor":11.0,"key":"PowerPotion"},{"floor":18.0,"key":"AttackPotion"},{"floor":36,"key":"AttackPotion"},{"floor":40,"key":"Poison Potion"},{"floor":42,"key":"Swift Potion"},{"floor":47,"key":"SteroidPotion"},{"floor":48,"key":"Dexterity Potion"}],"is_trial":false,"path_per_floor":["M","M","$","M","M","E","M","M","T","?","E","T","R","T","R","B",null,"M","M","M","$","M","R","M","R","T","R","E","M","$","M","R","B",null,"M","M","$","M","M","E","R","M","T","?","T","M","E","M","R","B",null],"character_chosen":"THE_SILENT","items_purchased":["After Image","Caltrops"],"campfire_rested":1,"item_purchase_floors":[21,30],"current_hp_per_floor":[70,69,69,69,69,58,58,58,58,51,48,48,69,69,69,69,70,70,70,58,58,58,58,58,58,58,58,58,58,58,54,54,54,70,70,70,70,70,70,70,70,70,70,66,66,66,76,75,75,75],"gold":69,"neow_bonus":"TRANSFORM_TWO_CARDS","is_prod":false,"is_daily":false,"chose_seed":false,"campfire_upgraded":7,"win_rate":0,"timestamp":1544880964,"path_taken":["M","M","$","M","M","E","M","M","T","?","E","?","R","?","R","BOSS","M","M","M","$","M","R","M","R","T","R","E","M","$","M","R","BOSS","M","M","$","M","M","E","R","M","T","?","?","M","E","M","R","BOSS"],"build_version":"2018-12-13","purchased_purges":4,"victory":true,"max_hp_per_floor":[70,70,70,70,70,70,70,70,70,70,70,70,70,70,70,70,70,70,70,70,70,70,70,70,70,70,70,70,70,70,70,70,70,70,70,70,70,70,70,70,70,70,70,66,66,66,80,80,80,80],"card_choices":[{"not_picked":["Expertise","Slice"],"picked":"Caltrops","floor":1.0},{"not_picked":["Poisoned Stab","Eviscerate"],"picked":"Blur","floor":2.0},{"not_picked":["Cloak And Dagger","Sucker Punch"],"picked":"Calculated Gamble","floor":4.0},{"not_picked":["Blade Dance","Dagger Throw","Bane"],"picked":"SKIP","floor":5.0},{"not_picked":["Concentrate","Quick Slash","Finisher"],"picked":"SKIP","floor":6.0},{"not_picked":["Escape Plan","Slice"],"picked":"Footwork","floor":7.0},{"not_picked":["Quick Slash","Crippling Poison"],"picked":"Poisoned Stab","floor":8.0},{"not_picked":["All Out Attack","Dash"],"picked":"Escape Plan","floor":11.0},{"not_picked":["Storm of Steel","Doppelganger"],"picked":"After Image","floor":16.0},{"not_picked":["Escape Plan","Flying Knee+1","Catalyst"],"picked":"SKIP","floor":18.0},{"not_picked":["Deflect+1","Sucker Punch"],"picked":"Poisoned Stab","floor":19.0},{"not_picked":["Blade Dance","Dagger Throw"],"picked":"Blur","floor":20.0},{"not_picked":["Underhanded Strike","Slice"],"picked":"Cloak And Dagger+1","floor":22.0},{"not_picked":["Prepared","All Out Attack","Dagger Throw"],"picked":"SKIP","floor":24.0},{"not_picked":["Bane","Catalyst+1"],"picked":"Masterful Stab","floor":28.0},{"not_picked":["Crippling Poison","Bouncing Flask"],"picked":"Blade Dance","floor":29.0},{"not_picked":["Deflect","Endless Agony","Dagger Throw"],"picked":"SKIP","floor":31.0},{"not_picked":["Phantasmal Killer","Venomology"],"picked":"Adrenaline","floor":33},{"not_picked":["Eviscerate+1","Slice+1"],"picked":"Blade Dance+1","floor":35},{"not_picked":["Poisoned Stab+1","Backstab+1"],"picked":"Backflip+1","floor":36},{"not_picked":["Terror+1","Flying Knee"],"picked":"Blur+1","floor":38},{"not_picked":["Prepared","Deflect","Expertise"],"picked":"SKIP","floor":39},{"not_picked":["Flying Knee+1","Venomology"],"picked":"Leg Sweep+1","floor":40},{"not_picked":["Deflect+1","Eviscerate","Sucker Punch"],"picked":"SKIP","floor":42},{"not_picked":["Catalyst+1","Slice+1"],"picked":"Infinite Blades+1","floor":46},{"not_picked":["Deadly Poison","Distraction","Dash"],"picked":"SKIP","floor":47},{"not_picked":["Deflect+1","Slice+1"],"picked":"Blade Dance+1","floor":48}],"player_experience":317836,"relics_obtained":[{"floor":6.0,"key":"Tiny Chest"},{"floor":9.0,"key":"Oddly Smooth Stone"},{"floor":11.0,"key":"MawBank"},{"floor":12.0,"key":"Mercury Hourglass"},{"floor":14.0,"key":"Centennial Puzzle"},{"floor":26.0,"key":"Smiling Mask"},{"floor":28.0,"key":"Regal Pillow"},{"floor":40,"key":"Ancient Tea Set"},{"floor":40,"key":"Dream Catcher"},{"floor":43,"key":"Gremlin Horn"},{"floor":45,"key":"The Courier"},{"floor":47,"key":"War Paint"},{"floor":47,"key":"Mango"}],"event_choices":[{"cards_removed":["Strike_G"],"damage_healed":0.0,"max_hp_gain":0.0,"max_hp_loss":0.0,"gold_gain":0.0,"event_name":"Golden Wing","player_choice":"Card Removal","floor":10.0,"gold_loss":0.0,"damage_taken":7.0},{"damage_healed":0,"gold_gain":0,"player_choice":"Max HP","damage_taken":0,"max_hp_gain":0,"max_hp_loss":4,"event_name":"Winding Halls","floor":44,"gold_loss":0}],"is_beta":false,"boss_relics":[{"not_picked":["Coffee Dripper","Astrolabe"],"picked":"Ectoplasm"},{"not_picked":["Ring of the Serpent","HoveringKite"],"picked":"Black Star"}],"items_purged_floors":[3,21,30,37],"is_endless":false,"potions_floor_spawned":[1,5,6,7,11,18,20,22,31,36,40,42,47,48],"ascension_level":0}