{"gold_per_floor":[113,113,113,113,128,128,145,176,176,176,90,115,115,115,115,192,192,207,182,182,216,232,232,258,258,258,269,280,290,300,41,41,117,117,135,135,148,47,66,66,66,66,66,77,89,89,106,106,106,106],"floor_reached":51,"playtime":2636,"items_purged":[],"score":1231,"play_id":"a9ec91a4-ac47-4b02-a740-d01e64ab8291","local_time":"20190226003535","is_ascension_mode":true,"campfire_choices":[{"data":"Streamline","floor":6,"key":"SMITH"},{"data":"Reinforced Body","floor":10,"key":"SMITH"},{"data":"Conserve Battery","floor":13,"key":"SMITH"},{"data":"Ball Lightning","floor":15,"key":"SMITH"},{"data":"Hologram","floor":23,"key":"SMITH"},{"floor":25,"key":"REST"},{"data":"Capacitor","floor":32,"key":"SMITH"},{"data":"Consume","floor":40,"key":"SMITH"},{"data":"Biased Cognition","floor":41,"key":"SMITH"},{"data":"Chill","floor":42,"key":"SMITH"},{"data":"Echo Form","floor":46,"key":"SMITH"},{"data":"Beam Cell","floor":49,"key":"SMITH"}],"neow_cost":"NONE","seed_source_timestamp":72610085429200,"circlet_count":0,"master_deck":["AscendersBane","Dualcast","Conserve Battery+1","Streamline+1","Ball Lightning+1","Reinforced Body+1","Core Surge","Compile Driver","Echo Form+1","Doom and Gloom","Sunder","Chill+1","Scrape","Auto Shields","Static Discharge","Rebound","Beam Cell+1","Hologram+1","Cold Snap","BootSequence","Self Repair","Leap","Capacitor+1","Biased Cognition+1","Coolheaded+1","Defragment+1","Dark Shackles","Consume+1","Hologram+1"],"relics":["Cracked Core","DataDisk","Question Card","Mercury Hourglass","WingedGreaves","Pandora\u0027s Box","Red Mask","Bird Faced Urn","Symbiotic Virus","Pen Nib","Velvet Choker","Pear"],"potions_floor_usage":[12,17,33,33,50],"damage_taken":[{"damage":0,"enemies":"Small Slimes","floor":1,"turns":2},{"damage":1,"enemies":"2 Louse","floor":5,"turns":3},{"damage":0,"enemies":"Jaw Worm","floor":7,"turns":2},{"damage":18,"enemies":"3 Sentries","floor":8,"turns":6},{"damage":4,"enemies":"Lagavulin","floor":12,"turns":5},{"damage":18,"enemies":"Hexaghost","floor":16,"turns":9},{"damage":0,"enemies":"Spheric Guardian","floor":18,"turns":3},{"damage":26,"enemies":"Masked Bandits","floor":21,"turns":3},{"damage":11,"enemies":"Shell Parasite","floor":22,"turns":5},{"damage":18,"enemies":"Book of Stabbing","floor":24,"turns":4},{"damage":7,"enemies":"Centurion and Healer","floor":27,"turns":4},{"damage":2,"enemies":"Snecko","floor":28,"turns":5},{"damage":3,"enemies":"Snake Plant","floor":29,"turns":3},{"damage":0,"enemies":"Centurion and Healer","floor":30,"turns":6},{"damage":20,"enemies":"Champ","floor":33,"turns":10},{"damage":13,"enemies":"3 Darklings","floor":35,"turns":4},{"damage":0,"enemies":"3 Shapes","floor":37,"turns":5},{"damage":36,"enemies":"Spire Growth","floor":39,"turns":5},{"damage":5,"enemies":"Jaw Worm Horde","floor":44,"turns":5},{"damage":0,"enemies":"4 Shapes","floor":45,"turns":6},{"damage":11,"enemies":"Transient","floor":47,"turns":6},{"damage":19,"enemies":"Awakened One","floor":50,"turns":16}],"seed_played":"-5253377167479240633","potions_obtained":[{"floor":7,"key":"Poison Potion"},{"floor":12,"key":"Fruit Juice"},{"floor":16,"key":"GamblersBrew"},{"floor":21,"key":"Block Potion"},{"floor":27,"key":"Block Potion"},{"floor":45,"key":"Weak Potion"}],"is_trial":false,"path_per_floor":["M","?","?","?","M","R","M","E","T","R","$","E","R","$","R","B",null,"M","$","?","?","M","R","E","R","T","M","M","M","M","$","R","B",null,"M","?","M","$","M","R","R","R","T","M","M","R","M","?","R","B",null],"character_chosen":"DEFECT","items_purchased":["Core Surge","Hologram","Capacitor","Pen Nib","Dark Shackles"],"campfire_rested":1,"item_purchase_floors":[11,19,31,31,38],"current_hp_per_floor":[64,57,62,62,61,61,61,43,43,43,43,39,39,39,39,21,67,67,67,67,41,30,30,12,36,36,31,31,28,39,39,39,43,72,67,67,80,80,60,60,60,60,70,78,91,91,91,91,91,89],"gold":106,"neow_bonus":"RANDOM_COMMON_RELIC","is_prod":false,"is_daily":false,"chose_seed":false,"campfire_upgraded":11,"win_rate":0,"timestamp":1551170135,"path_taken":["M","?","?","?","M","R","M","E","T","R","$","E","R","?","R","BOSS","M","$","?","?","M","R","E","R","T","M","M","M","M","$","R","BOSS","M","?","M","$","M","R","R","R","T","?","M","R","M","?","R","BOSS"],"build_version":"2019-01-23","purchased_purges":0,"victory":true,"max_hp_per_floor":[71,71,76,76,76,76,76,76,76,76,76,76,76,76,76,76,81,81,81,81,81,81,81,81,81,81,81,81,81,81,81,81,81,81,81,81,81,81,81,81,81,81,91,91,91,91,91,91,91,91],"card_choices":[{"not_picked":["Sweeping Beam","Darkness"],"picked":"Conserve Battery","floor":1},{"not_picked":["Tempest","Turbo"],"picked":"Streamline","floor":5},{"not_picked":["Reboot","Compile Driver"],"picked":"Ball Lightning","floor":7},{"not_picked":["Recycle","Barrage"],"picked":"Reinforced Body","floor":8},{"not_picked":["Turbo","Doom and Gloom","Fusion"],"picked":"Compile Driver","floor":12},{"not_picked":["Meteor Strike","All For One","Rainbow"],"picked":"Echo Form","floor":16},{"not_picked":["Hello World","Ball Lightning","Rebound"],"picked":"Beam Cell","floor":18},{"not_picked":["Aggregate","Static Discharge","Steam"],"picked":"Cold Snap","floor":22},{"not_picked":["Recycle","Steam","Aggregate+1"],"picked":"BootSequence","floor":24},{"not_picked":["Skim","Blizzard","Steam","Stack"],"picked":"SKIP","floor":27},{"not_picked":["Aggregate","Compile Driver","Barrage"],"picked":"Self Repair","floor":28},{"not_picked":["Scrape","Reprogram","Ball Lightning","White Noise"],"picked":"SKIP","floor":29},{"not_picked":["Consume","Redo","Amplify"],"picked":"Leap","floor":30},{"not_picked":["Rainbow","Meteor Strike","Echo Form"],"picked":"Biased Cognition","floor":33},{"not_picked":["Rebound","Consume","Leap+1"],"picked":"Coolheaded+1","floor":35},{"not_picked":["Stack+1","Gash+1","Hello World"],"picked":"Defragment+1","floor":37},{"not_picked":["Undo","Barrage","Gash"],"picked":"Consume","floor":39},{"not_picked":["Self Repair","Beam Cell","Reprogram"],"picked":"Hologram+1","floor":44},{"not_picked":["Gash+1","Redo","Conserve Battery","Sweeping Beam"],"picked":"SKIP","floor":45},{"not_picked":["Reinforced Body","Static Discharge+1","Steam+1","Ball Lightning+1"],"picked":"SKIP","floor":47}],"player_experience":441702,"relics_obtained":[{"floor":8,"key":"Question Card"},{"floor":9,"key":"Mercury Hourglass"},{"floor":12,"key":"WingedGreaves"},{"floor":21,"key":"Red Mask"},{"floor":24,"key":"Bird Faced Urn"},{"floor":26,"key":"Symbiotic Virus"},{"floor":43,"key":"Pear"}],"event_choices":[{"cards_removed":["Strike_B"],"damage_healed":0,"gold_gain":0,"player_choice":"Card Removal","damage_taken":7,"max_hp_gain":0,"max_hp_loss":0,"event_name":"Golden Wing","floor":2,"gold_loss":0},{"damage_healed":0,"gold_gain":0,"player_choice":"Donut","damage_taken":0,"max_hp_gain":5,"max_hp_loss":0,"event_name":"Big Fish","floor":3,"gold_loss":0},{"damage_healed":0,"gold_gain":0,"player_choice":"Grow","damage_taken":0,"max_hp_gain":0,"max_hp_loss":0,"event_name":"Living Wall","floor":4,"gold_loss":0,"cards_upgraded":["Zap"]},{"damage_healed":0,"gold_gain":0,"player_choice":"Ignored","damage_taken":0,"max_hp_gain":0,"max_hp_loss":0,"event_name":"Ghosts","floor":20,"gold_loss":0},{"damage_healed":0,"gold_gain":0,"player_choice":"Fought Bandits","damage_taken":0,"max_hp_gain":0,"max_hp_loss":0,"event_name":"Masked Bandits","floor":21,"gold_loss":0},{"damage_healed":0,"gold_gain":0,"player_choice":"Leave","damage_taken":0,"max_hp_gain":0,"max_hp_loss":0,"event_name":"FaceTrader","floor":36,"gold_loss":0},{"cards_removed":["Zap"],"damage_healed":0,"gold_gain":0,"player_choice":"Removed Skill","damage_taken":0,"max_hp_gain":0,"max_hp_loss":0,"event_name":"Falling","floor":48,"gold_loss":0}],"is_beta":false,"boss_relics":[{"not_picked":["Runic Pyramid","Tiny House"],"picked":"Pandora\u0027s Box"},{"not_picked":["Runic Dome","Calling Bell"],"picked":"Velvet Choker"}],"items_purged_floors":[],"is_endless":false,"potions_floor_spawned":[7,12,16,21,27,28,29,45],"ascension_level":17}