{"gold_per_floor":[109,125,200,200,7,7,41,41,41,41,59,73,99,121,133,219,231,231,231,231,231,231,231,231,231,231,231,231,231,35,35,35,35,35,35,35,35,35,35,35,35,35,35,35,35,35,35,35,35,35],"floor_reached":50,"playtime":3754,"items_purged":[],"score":998,"play_id":"05e1961f-54d9-4459-ad04-99c1ec11a1a1","local_time":"20190116003042","is_ascension_mode":true,"campfire_choices":[{"data":"After Image","floor":6.0,"key":"SMITH"},{"floor":8.0,"key":"REST"},{"data":"Neutralize","floor":10.0,"key":"SMITH"},{"data":"Cloak And Dagger","floor":15.0,"key":"SMITH"},{"floor":23.0,"key":"REST"},{"floor":28.0,"key":"REST"},{"floor":32.0,"key":"REST"},{"floor":40.0,"key":"REST"},{"floor":44.0,"key":"REST"},{"floor":47.0,"key":"REST"},{"floor":49.0,"key":"REST"}],"neow_cost":"NONE","seed_source_timestamp":15814620754474,"circlet_count":0,"master_deck":["AscendersBane","Defend_G","Defend_G","Defend_G","Defend_G+1","Defend_G+1","Strike_G","Strike_G","Strike_G","Strike_G","Strike_G","Survivor","Neutralize+1","Leg Sweep","Terror","After Image+1","Dash","Endless Agony","Heel Hook","PiercingWail","Cloak And Dagger+1","Malaise","Concentrate+1","Footwork","Predator","Backflip","Night Terror","Endless Agony","Panache","Corpse Explosion","Regret","Decay","Bouncing Flask+1","Blur","Calculated Gamble+1","After Image"],"special_seed":0,"relics":["Ring of the Snake","NeowsBlessing","Mercury Hourglass","Singing Bowl","MawBank","Ectoplasm","Red Mask","Bottled Flame","Blood Vial","Calling Bell","Vajra","Gremlin Horn","StoneCalendar","Omamori","Nunchaku"],"potions_floor_usage":[50,50],"damage_taken":[{"damage":0.0,"enemies":"2 Louse","floor":1.0,"turns":1.0},{"damage":0.0,"enemies":"Small Slimes","floor":2.0,"turns":1.0},{"damage":0.0,"enemies":"3 Sentries","floor":7.0,"turns":2.0},{"damage":1.0,"enemies":"Jaw Worm","floor":11.0,"turns":3.0},{"damage":3.0,"enemies":"Exordium Thugs","floor":12.0,"turns":4.0},{"damage":12.0,"enemies":"Lagavulin","floor":13.0,"turns":8.0},{"damage":0.0,"enemies":"Gremlin Gang","floor":14.0,"turns":5.0},{"damage":1.0,"enemies":"Hexaghost","floor":16.0,"turns":12.0},{"damage":7.0,"enemies":"Shell Parasite","floor":18.0,"turns":6.0},{"damage":6.0,"enemies":"Spheric Guardian","floor":19.0,"turns":10.0},{"damage":25.0,"enemies":"Snecko","floor":20.0,"turns":8.0},{"damage":12.0,"enemies":"Masked Bandits","floor":21.0,"turns":7.0},{"damage":6.0,"enemies":"Cultist and Chosen","floor":24.0,"turns":11.0},{"damage":0.0,"enemies":"Snake Plant","floor":25.0,"turns":8.0},{"damage":17.0,"enemies":"Gremlin Leader","floor":27.0,"turns":9.0},{"damage":0.0,"enemies":"Centurion and Healer","floor":29.0,"turns":9.0},{"damage":44.0,"enemies":"Collector","floor":33.0,"turns":16.0},{"damage":32.0,"enemies":"3 Darklings","floor":35.0,"turns":6.0},{"damage":8.0,"enemies":"3 Shapes","floor":38.0,"turns":6.0},{"damage":14.0,"enemies":"3 Darklings","floor":39.0,"turns":3.0},{"damage":30.0,"enemies":"Transient","floor":42.0,"turns":6.0},{"damage":0.0,"enemies":"Mind Bloom Boss Battle","floor":45.0,"turns":7.0},{"damage":22.0,"enemies":"Writhing Mass","floor":46.0,"turns":8.0},{"damage":4.0,"enemies":"Sphere and 2 Shapes","floor":48.0,"turns":5.0},{"damage":60,"enemies":"Time Eater","floor":50,"turns":13}],"seed_played":"5946986740182179446","potions_obtained":[{"floor":1.0,"key":"Energy Potion"},{"floor":13.0,"key":"SkillPotion"},{"floor":18.0,"key":"PowerPotion"},{"floor":20.0,"key":"Weak Potion"},{"floor":21.0,"key":"GhostInAJar"},{"floor":24.0,"key":"Ancient Potion"},{"floor":27.0,"key":"Weak Potion"},{"floor":38.0,"key":"AttackPotion"},{"floor":42.0,"key":"SkillPotion"},{"floor":45.0,"key":"Block Potion"},{"floor":46.0,"key":"Weak Potion"}],"is_trial":false,"path_per_floor":["M","M","?","?","$","R","E","R","T","R","M","M","E","M","R","B",null,"M","M","M","?","?","R","M","M","T","E","R","M","$","$","R","B",null,"M","?","?","M","M","R","?","M","T","R","?","M","R","M","R","B"],"character_chosen":"THE_SILENT","items_purchased":["After Image","Dash","Panache"],"campfire_rested":8,"item_purchase_floors":[5,5,30],"current_hp_per_floor":[59,59,48,28,28,28,28,47,47,47,46,45,33,33,33,32,59,54,50,25,15,15,37,31,31,31,14,36,38,38,38,60,18,60,32,32,32,26,14,35,35,7,7,28,32,12,34,34,56,0],"gold":35,"neow_bonus":"THREE_ENEMY_KILL","is_prod":false,"is_daily":false,"chose_seed":false,"campfire_upgraded":3,"win_rate":0,"timestamp":1547587842,"path_taken":["M","M","?","?","?","R","E","R","T","R","M","?","E","M","R","BOSS","M","M","?","?","?","R","M","M","T","E","R","M","?","$","R","BOSS","M","?","?","M","M","R","?","?","T","R","?","M","R","M","R","BOSS"],"build_version":"2019-01-10","purchased_purges":0,"victory":false,"max_hp_per_floor":[66,66,66,66,66,66,66,66,66,66,66,68,68,68,68,68,68,70,72,72,74,74,74,74,74,74,74,74,74,74,74,74,74,74,76,76,72,72,72,72,72,72,72,72,74,74,74,76,76,76],"card_choices":[{"not_picked":["Accuracy","Dodge and Roll"],"picked":"Leg Sweep","floor":1.0},{"not_picked":["Deadly Poison","Backflip"],"picked":"Terror","floor":2.0},{"not_picked":["Outmaneuver","Concentrate"],"picked":"Endless Agony","floor":7.0},{"not_picked":["Dagger Spray","Accuracy"],"picked":"Heel Hook","floor":11.0},{"not_picked":["Infinite Blades","Acrobatics","Dodge and Roll"],"picked":"Singing Bowl","floor":12.0},{"not_picked":["Deadly Poison","Bouncing Flask"],"picked":"PiercingWail","floor":13.0},{"not_picked":["Venomology","Dagger Spray"],"picked":"Cloak And Dagger","floor":14.0},{"not_picked":["Grand Finale","Doppelganger"],"picked":"Malaise","floor":16.0},{"not_picked":["Deadly Poison","Accuracy","Crippling Poison"],"picked":"Singing Bowl","floor":18.0},{"not_picked":["Concentrate","Prepared","Poisoned Stab"],"picked":"Singing Bowl","floor":19.0},{"not_picked":["Deadly Poison","Bane"],"picked":"Concentrate+1","floor":20.0},{"not_picked":["Dodge and Roll","Catalyst","PiercingWail"],"picked":"Singing Bowl","floor":21.0},{"not_picked":["Slice","Flechettes+1"],"picked":"Predator","floor":24.0},{"not_picked":["Tactician","Leg Sweep"],"picked":"Backflip","floor":25.0},{"not_picked":["Dagger Throw","Outmaneuver"],"picked":"Night Terror","floor":27.0},{"not_picked":["Acrobatics","Blade Dance"],"picked":"Endless Agony","floor":29.0},{"not_picked":["Doppelganger","Grand Finale"],"picked":"Corpse Explosion","floor":33.0},{"not_picked":["Poisoned Stab","Eviscerate","Distraction+1"],"picked":"Singing Bowl","floor":35.0},{"not_picked":["Slice","Infinite Blades"],"picked":"Bouncing Flask+1","floor":38.0},{"not_picked":["Dash","Deflect"],"picked":"Blur","floor":39.0},{"not_picked":["Flechettes","Crippling Poison"],"picked":"Calculated Gamble+1","floor":42.0},{"not_picked":["Dagger Spray","Outmaneuver","Riddle With Holes"],"picked":"Singing Bowl","floor":45.0},{"not_picked":["Prepared","Dodge and Roll+1"],"picked":"After Image","floor":46.0},{"not_picked":["Setup","Heel Hook+1","Riddle With Holes"],"picked":"Singing Bowl","floor":48.0}],"player_experience":468510,"relics_obtained":[{"floor":7.0,"key":"Mercury Hourglass"},{"floor":9.0,"key":"Singing Bowl"},{"floor":13.0,"key":"MawBank"},{"floor":21.0,"key":"Red Mask"},{"floor":26.0,"key":"Bottled Flame"},{"floor":27.0,"key":"Blood Vial"},{"floor":34.0,"key":"Vajra"},{"floor":34.0,"key":"Gremlin Horn"},{"floor":34.0,"key":"StoneCalendar"},{"floor":43.0,"key":"Omamori"},{"floor":45.0,"key":"Nunchaku"}],"event_choices":[{"damage_healed":0.0,"max_hp_gain":0.0,"max_hp_loss":0.0,"gold_gain":75.0,"event_name":"World of Goop","player_choice":"Gather Gold","floor":3.0,"gold_loss":0.0,"damage_taken":11.0},{"damage_healed":0.0,"max_hp_gain":0.0,"max_hp_loss":0.0,"gold_gain":0.0,"event_name":"Shining Light","player_choice":"Entered Light","floor":4.0,"gold_loss":0.0,"damage_taken":20.0,"cards_upgraded":["Defend_G","Defend_G"]},{"damage_healed":0.0,"max_hp_gain":0.0,"max_hp_loss":0.0,"gold_gain":0.0,"event_name":"Masked Bandits","player_choice":"Fought Bandits","floor":21.0,"gold_loss":0.0,"damage_taken":0.0},{"damage_healed":0.0,"max_hp_gain":0.0,"max_hp_loss":0.0,"gold_gain":0.0,"event_name":"The Library","player_choice":"Read","floor":22.0,"gold_loss":0.0,"damage_taken":0.0,"cards_obtained":["Footwork"]},{"damage_healed":0.0,"max_hp_gain":0.0,"max_hp_loss":0.0,"gold_gain":0.0,"event_name":"The Moai Head","player_choice":"Ignored","floor":36.0,"gold_loss":0.0,"damage_taken":0.0},{"damage_healed":0.0,"max_hp_gain":0.0,"max_hp_loss":4.0,"gold_gain":0.0,"event_name":"Winding Halls","player_choice":"Max HP","floor":37.0,"gold_loss":0.0,"damage_taken":0.0},{"cards_removed":["Pain"],"damage_healed":0.0,"max_hp_gain":0.0,"max_hp_loss":0.0,"gold_gain":0.0,"event_name":"Purifier","player_choice":"Purged","floor":41.0,"gold_loss":0.0,"damage_taken":0.0},{"damage_healed":0.0,"max_hp_gain":0.0,"max_hp_loss":0.0,"gold_gain":0.0,"event_name":"MindBloom","player_choice":"Fight","floor":45.0,"gold_loss":0.0,"damage_taken":0.0}],"is_beta":false,"boss_relics":[{"not_picked":["Astrolabe","White Beast Statue"],"picked":"Ectoplasm"},{"not_picked":["Coffee Dripper","Black Star"],"picked":"Calling Bell"}],"items_purged_floors":[],"is_endless":false,"potions_floor_spawned":[1,13,18,20,21,24,27,38,42,45,46],"killed_by":"Time Eater","ascension_level":19}