{"gold_per_floor":[361,436,154,154,169,169,194,194,194,206,281,281,297,311,311,410,410,421,439,166,166],"floor_reached":21,"playtime":1095,"items_purged":["Strike_B","Strike_B"],"score":179,"play_id":"4155fc0d-bbee-4348-bab7-eb19153325c0","local_time":"20181119002539","is_ascension_mode":false,"campfire_choices":[{"floor":6,"key":"REST"},{"floor":12,"key":"REST"},{"data":"Reinforced Body","floor":15,"key":"SMITH"}],"neow_cost":"PERCENT_DAMAGE","seed_source_timestamp":47123284604303,"circlet_count":0,"master_deck":["Strike_B+1","Strike_B","Defend_B","Defend_B","Defend_B","Defend_B","Zap+1","Dualcast","Conserve Battery","Capacitor","Reinforced Body+1","Rainbow","Self Repair"],"relics":["Cracked Core","Membership Card","Potion Belt","Pear","Nuclear Battery","FossilizedHelix"],"potions_floor_usage":[14,21,21],"damage_taken":[{"damage":1,"enemies":"Jaw Worm","floor":1,"turns":5},{"damage":2,"enemies":"2 Louse","floor":5,"turns":3},{"damage":10,"enemies":"Lagavulin","floor":7,"turns":10},{"damage":2,"enemies":"Small Slimes","floor":10,"turns":3},{"damage":4,"enemies":"Exordium Thugs","floor":13,"turns":6},{"damage":3,"enemies":"Lots of Slimes","floor":14,"turns":4},{"damage":49,"enemies":"Hexaghost","floor":16,"turns":15},{"damage":33,"enemies":"3 Byrds","floor":18,"turns":7},{"damage":7,"enemies":"Spheric Guardian","floor":19,"turns":5},{"damage":68,"enemies":"Chosen and Byrds","floor":21,"turns":12}],"seed_played":"1970032608830063763","potions_obtained":[{"floor":1,"key":"Fire Potion"},{"floor":10,"key":"SteroidPotion"},{"floor":19,"key":"PowerPotion"}],"is_trial":false,"path_per_floor":["M","?","$","?","M","R","E","?","T","M","?","R","M","M","R","B",null,"M","M","$","M"],"character_chosen":"DEFECT","items_purchased":["Membership Card","Capacitor","Self Repair","Regen Potion","FossilizedHelix"],"campfire_rested":2,"item_purchase_floors":[3,3,20,20,20],"current_hp_per_floor":[53,42,42,42,40,62,52,37,47,45,37,62,58,55,55,6,85,52,45,45,0],"gold":166,"neow_bonus":"TWO_FIFTY_GOLD","is_prod":false,"is_daily":false,"chose_seed":false,"campfire_upgraded":1,"win_rate":0.0,"timestamp":1542576339,"path_taken":["M","?","$","?","M","R","E","?","T","M","?","R","?","M","R","BOSS","M","M","$","M"],"build_version":"2018-11-15","purchased_purges":2,"victory":false,"max_hp_per_floor":[75,75,75,75,75,75,75,75,85,85,85,85,85,85,85,85,85,85,85,85,85],"card_choices":[{"not_picked":["Melter","Skim"],"picked":"Conserve Battery","floor":1},{"not_picked":["Skim","Barrage"],"picked":"Reinforced Body","floor":5},{"not_picked":["Gash","Compile Driver","Skim"],"picked":"SKIP","floor":7},{"not_picked":["Reprogram","Blizzard","Coolheaded"],"picked":"SKIP","floor":10},{"not_picked":["Coolheaded","Steam","Sunder"],"picked":"SKIP","floor":13},{"not_picked":["Rebound","Genetic Algorithm","FTL"],"picked":"SKIP","floor":14},{"not_picked":["All For One","Meteor Strike"],"picked":"Rainbow","floor":16},{"not_picked":["Double Energy+1","Go for the Eyes","Aggregate"],"picked":"SKIP","floor":18},{"not_picked":["BootSequence","Beam Cell","Sweeping Beam"],"picked":"SKIP","floor":19}],"player_experience":196609,"relics_obtained":[{"floor":7,"key":"Potion Belt"},{"floor":9,"key":"Pear"}],"event_choices":[{"damage_healed":0,"gold_gain":75,"player_choice":"Gather Gold","damage_taken":11,"max_hp_gain":0,"max_hp_loss":0,"event_name":"World of Goop","floor":2,"gold_loss":0},{"damage_healed":0,"gold_gain":0,"player_choice":"Ignored","damage_taken":0,"max_hp_gain":0,"max_hp_loss":0,"event_name":"Liars Game","floor":4,"gold_loss":0},{"damage_healed":0,"gold_gain":0,"player_choice":"Entered Light","damage_taken":15,"max_hp_gain":0,"max_hp_loss":0,"event_name":"Shining Light","floor":8,"gold_loss":0,"cards_upgraded":["Zap","Strike_B"]},{"damage_healed":0,"gold_gain":75,"player_choice":"Touch","damage_taken":8,"max_hp_gain":0,"max_hp_loss":0,"event_name":"FaceTrader","floor":11,"gold_loss":0}],"is_beta":false,"boss_relics":[{"not_picked":["Black Star","Runic Pyramid"],"picked":"Nuclear Battery"}],"items_purged_floors":[3,20],"is_endless":false,"potions_floor_spawned":[1,10,19],"killed_by":"Chosen and Byrds","ascension_level":0}