{"gold_per_floor":[12,12,24,24,24,24,24,24,54,64,98,112,132,143,143,242,242,258,276,276,291,309,309,309,309,356,367,367,378,378,395,395,495,495,510,453,465,465,46,46,81,81,134,161,261,274,290,390,390,390],"floor_reached":51,"playtime":4609,"items_purged":[],"score":1096,"play_id":"f39d899d-a604-4087-8fd2-d428afdfc34e","local_time":"20190111225750","is_ascension_mode":true,"campfire_choices":[{"data":"Tools of the Trade","floor":6.0,"key":"SMITH"},{"data":"Distraction","floor":8.0,"key":"SMITH"},{"data":"Phantasmal Killer","floor":15.0,"key":"SMITH"},{"data":"Cloak And Dagger","floor":23.0,"key":"SMITH"},{"data":"Neutralize","floor":25.0,"key":"SMITH"},{"data":"Footwork","floor":28.0,"key":"SMITH"},{"floor":32.0,"key":"REST"},{"floor":40,"key":"REST"},{"floor":42,"key":"REST"},{"floor":49,"key":"REST"}],"neow_cost":"NO_GOLD","seed_source_timestamp":11409104546217,"circlet_count":0,"master_deck":["AscendersBane","Defend_G","Defend_G","Defend_G","Defend_G","Defend_G","Survivor","Neutralize+1","PiercingWail","Flash of Steel","Distraction+1","Slice","Tools of the Trade+1","Predator","Phantasmal Killer+1","Cloak And Dagger+1","Terror","Escape Plan","After Image","Deflect","Bite","Bite","Bite","Bite","Bite","Infinite Blades","Underhanded Strike+1","Footwork+1","Bullet Time","Glass Knife","Concentrate+1","Leg Sweep+1","Footwork+1","Footwork","Skewer+1","After Image","Deflect+1","Noxious Fumes","Acrobatics"],"special_seed":0,"relics":["Ring of the Snake","Tiny Chest","Vajra","Runic Pyramid","Strawberry","Potion Belt","Fusion Hammer","Oddly Smooth Stone","DollysMirror","Bronze Scales","Letter Opener","Bag of Marbles","Dream Catcher","Turnip"],"potions_floor_usage":[46,50,50,50],"damage_taken":[{"damage":0.0,"enemies":"2 Louse","floor":1.0,"turns":6.0},{"damage":0.0,"enemies":"Cultist","floor":3.0,"turns":3.0},{"damage":0.0,"enemies":"Small Slimes","floor":10.0,"turns":3.0},{"damage":18.0,"enemies":"Lagavulin","floor":11.0,"turns":6.0},{"damage":7.0,"enemies":"Gremlin Gang","floor":12.0,"turns":3.0},{"damage":1.0,"enemies":"Exordium Wildlife","floor":13.0,"turns":3.0},{"damage":0.0,"enemies":"Looter","floor":14.0,"turns":2.0},{"damage":27.0,"enemies":"Slime Boss","floor":16.0,"turns":13.0},{"damage":1.0,"enemies":"Shell Parasite","floor":18.0,"turns":8.0},{"damage":3.0,"enemies":"Chosen","floor":19.0,"turns":5.0},{"damage":11.0,"enemies":"Snecko","floor":21.0,"turns":8.0},{"damage":27.0,"enemies":"Cultist and Chosen","floor":22.0,"turns":8.0},{"damage":17.0,"enemies":"Sentry and Sphere","floor":27.0,"turns":8.0},{"damage":15.0,"enemies":"Centurion and Healer","floor":29.0,"turns":7.0},{"damage":8.0,"enemies":"Snake Plant","floor":31.0,"turns":4.0},{"damage":24.0,"enemies":"Collector","floor":33.0,"turns":15.0},{"damage":25.0,"enemies":"3 Shapes","floor":35.0,"turns":7.0},{"damage":3.0,"enemies":"Orb Walker","floor":37.0,"turns":3.0},{"damage":16,"enemies":"Giant Head","floor":41,"turns":8},{"damage":33,"enemies":"Nemesis","floor":44,"turns":7},{"damage":19,"enemies":"Writhing Mass","floor":46,"turns":8},{"damage":2,"enemies":"Sphere and 2 Shapes","floor":47,"turns":7},{"damage":0,"enemies":"Mind Bloom Boss Battle","floor":48,"turns":8},{"damage":17,"enemies":"Donu and Deca","floor":50,"turns":10}],"seed_played":"-705152384741580727","potions_obtained":[{"floor":10.0,"key":"Regen Potion"},{"floor":11.0,"key":"Fire Potion"},{"floor":14.0,"key":"LiquidBronze"},{"floor":18.0,"key":"Strength Potion"},{"floor":29.0,"key":"Poison Potion"},{"floor":30.0,"key":"GhostInAJar"},{"floor":30.0,"key":"Strength Potion"},{"floor":33.0,"key":"Weak Potion"},{"floor":41,"key":"Regen Potion"},{"floor":48,"key":"SkillPotion"}],"is_trial":false,"path_per_floor":["M","?","M","$","?","R","?","R","T","M","E","M","M","M","R","B",null,"M","M","?","M","M","R","T","R","T","M","R","M","?","M","R","B",null,"M","?","M","?","$","R","E","R","T","E","?","M","M","?","R","B",null],"character_chosen":"THE_SILENT","items_purchased":["DollysMirror","Bronze Scales","Footwork"],"campfire_rested":4,"item_purchase_floors":[39,39,39],"current_hp_per_floor":[77,77,77,77,77,77,77,77,77,77,71,64,63,63,63,36,72,71,68,58,54,37,37,44,44,44,43,43,38,38,38,57,63,65,50,50,55,55,55,65,61,65,65,38,38,44,48,62,65,58],"gold":390,"neow_bonus":"TWENTY_PERCENT_HP_BONUS","is_prod":false,"is_daily":false,"chose_seed":false,"campfire_upgraded":6,"win_rate":0,"timestamp":1547236670,"path_taken":["M","?","M","?","?","R","?","R","T","M","E","M","?","M","R","BOSS","M","M","?","M","M","R","?","R","T","M","R","M","?","?","R","BOSS","M","?","?","?","$","R","E","R","T","E","?","M","?","?","R","BOSS"],"build_version":"2019-01-10","purchased_purges":0,"victory":true,"max_hp_per_floor":[84,84,84,84,84,84,84,84,84,84,84,84,84,84,84,84,84,84,84,58,58,58,58,65,65,65,65,65,65,65,65,65,65,65,65,65,65,65,65,65,65,65,65,65,65,65,65,65,65,65],"card_choices":[{"not_picked":["Catalyst","Dagger Spray"],"picked":"PiercingWail","floor":1.0},{"not_picked":["Predator","Sucker Punch"],"picked":"Slice","floor":3.0},{"not_picked":["Outmaneuver","Deflect"],"picked":"Predator","floor":10.0},{"not_picked":["Poisoned Stab","Unload"],"picked":"Phantasmal Killer","floor":11.0},{"not_picked":["Deadly Poison","PiercingWail"],"picked":"Cloak And Dagger","floor":12.0},{"not_picked":["PiercingWail","Underhanded Strike"],"picked":"Terror","floor":13.0},{"not_picked":["Sucker Punch","Blade Dance"],"picked":"Escape Plan","floor":14.0},{"not_picked":["Night Terror","Wraith Form v2"],"picked":"After Image","floor":16.0},{"not_picked":["Backstab","Dagger Spray"],"picked":"Deflect","floor":18.0},{"not_picked":["Well Laid Plans","Outmaneuver","Quick Slash"],"picked":"SKIP","floor":19.0},{"not_picked":["Sucker Punch+1","Expertise"],"picked":"Infinite Blades","floor":21.0},{"not_picked":["Caltrops","PiercingWail+1"],"picked":"Underhanded Strike+1","floor":22.0},{"not_picked":["Prepared","Deadly Poison"],"picked":"Footwork","floor":27.0},{"not_picked":["Blade Dance+1","Cloak And Dagger"],"picked":"Bullet Time","floor":29.0},{"not_picked":["Skewer","Deadly Poison","Setup"],"picked":"SKIP","floor":31.0},{"not_picked":["Malaise","Unload"],"picked":"Glass Knife","floor":33.0},{"not_picked":["Dagger Throw","Prepared"],"picked":"Concentrate+1","floor":35.0},{"not_picked":["Masterful Stab","Blade Dance"],"picked":"Leg Sweep+1","floor":37.0},{"not_picked":["Dagger Spray+1","Acrobatics+1"],"picked":"Skewer+1","floor":41},{"not_picked":["Burst","Slice"],"picked":"After Image","floor":44},{"not_picked":["Flying Knee","Blade Dance"],"picked":"Deflect+1","floor":46},{"not_picked":["Cloak And Dagger","PiercingWail"],"picked":"Noxious Fumes","floor":47},{"not_picked":["Underhanded Strike","Skewer+1"],"picked":"Acrobatics","floor":49}],"player_experience":425327,"relics_obtained":[{"floor":9.0,"key":"Tiny Chest"},{"floor":11.0,"key":"Vajra"},{"floor":24.0,"key":"Strawberry"},{"floor":26.0,"key":"Potion Belt"},{"floor":41,"key":"Letter Opener"},{"floor":43,"key":"Bag of Marbles"},{"floor":44,"key":"Dream Catcher"},{"floor":48,"key":"Turnip"}],"event_choices":[{"damage_healed":0.0,"max_hp_gain":0.0,"max_hp_loss":0.0,"gold_gain":0.0,"event_name":"Match and Keep!","player_choice":"2 cards matched","floor":2.0,"gold_loss":0.0,"damage_taken":0.0,"cards_obtained":["Flash of Steel","Distraction"]},{"damage_healed":0.0,"max_hp_gain":0.0,"max_hp_loss":0.0,"gold_gain":0.0,"cards_transformed":["Strike_G"],"event_name":"Living Wall","player_choice":"Change","floor":5.0,"gold_loss":0.0,"damage_taken":0.0,"cards_obtained":["Tools of the Trade"]},{"cards_removed":["Strike_G"],"damage_healed":0.0,"max_hp_gain":0.0,"max_hp_loss":0.0,"gold_gain":0.0,"event_name":"Bonfire Elementals","player_choice":"Offered Basic","floor":7.0,"gold_loss":0.0,"damage_taken":0.0},{"damage_healed":0.0,"max_hp_gain":0.0,"max_hp_loss":26.0,"gold_gain":0.0,"event_name":"Vampires","player_choice":"Became a vampire","floor":20.0,"gold_loss":0.0,"damage_taken":0.0,"cards_obtained":["Bite","Bite","Bite","Bite","Bite"]},{"damage_healed":0.0,"max_hp_gain":0.0,"max_hp_loss":0.0,"gold_gain":0.0,"event_name":"Lab","player_choice":"Got Potions","floor":30.0,"gold_loss":0.0,"damage_taken":0.0},{"damage_healed":0.0,"max_hp_gain":0.0,"max_hp_loss":0.0,"gold_gain":0.0,"event_name":"WeMeetAgain","player_choice":"Paid Gold","floor":36.0,"gold_loss":57.0,"damage_taken":0.0,"relics_obtained":["Oddly Smooth Stone"]},{"damage_healed":0.0,"max_hp_gain":0.0,"max_hp_loss":0.0,"gold_gain":0.0,"event_name":"Mysterious Sphere","player_choice":"Ignored","floor":38.0,"gold_loss":0.0,"damage_taken":0.0},{"damage_healed":0,"gold_gain":100,"player_choice":"Pray","damage_taken":0,"max_hp_gain":0,"max_hp_loss":0,"event_name":"Golden Shrine","floor":45,"gold_loss":0},{"damage_healed":0,"gold_gain":0,"player_choice":"Fight","damage_taken":0,"max_hp_gain":0,"max_hp_loss":0,"event_name":"MindBloom","floor":48,"gold_loss":0}],"is_beta":false,"boss_relics":[{"not_picked":["HoveringKite","Runic Dome"],"picked":"Runic Pyramid"},{"not_picked":["Calling Bell","Empty Cage"],"picked":"Fusion Hammer"}],"items_purged_floors":[],"is_endless":false,"potions_floor_spawned":[10,11,14,18,29,33,35,41,48],"ascension_level":11}