{"gold_per_floor":[117,134,134,19,19,19,51,51,75,105,292,317,229,284,284,284],"floor_reached":16,"playtime":1390,"items_purged":["Regret","Doubt"],"score":98,"play_id":"8ea79713-f575-453b-87da-10a60ca9443a","local_time":"20180925215644","is_ascension_mode":false,"campfire_choices":[{"data":"A Thousand Cuts","floor":6,"key":"SMITH"},{"floor":8,"key":"REST"},{"floor":15,"key":"REST"}],"neow_cost":"CURSE","seed_source_timestamp":9452340769820,"circlet_count":0,"master_deck":["Defend_G","Defend_G","Defend_G","Defend_G","Defend_G","Strike_G","Strike_G","Strike_G","Strike_G","Strike_G","Survivor","Neutralize","A Thousand Cuts+1","Infinite Blades","Slice","Expertise","Backflip","Infinite Blades","Bullet Time"],"relics":["Ring of the Snake","Bag of Preparation","MawBank","Tiny Chest"],"potions_floor_usage":[],"damage_taken":[{"damage":2,"enemies":"Small Slimes","floor":1,"turns":5},{"damage":11,"enemies":"Jaw Worm","floor":2,"turns":5},{"damage":26,"enemies":"Lagavulin","floor":7,"turns":8},{"damage":0,"enemies":"Cultist","floor":10,"turns":3},{"damage":17,"enemies":"3 Louse","floor":12,"turns":4},{"damage":56,"enemies":"Hexaghost","floor":16,"turns":11}],"seed_played":"825096115941578610","potions_obtained":[{"floor":7,"key":"Dexterity Potion"},{"floor":10,"key":"Explosive Potion"}],"is_trial":false,"path_per_floor":["M","M","?","$","?","R","E","R","T","M","?","M","$","T","R"],"character_chosen":"THE_SILENT","items_purchased":["Expertise"],"campfire_rested":2,"item_purchase_floors":[4],"current_hp_per_floor":[68,57,57,57,57,57,31,52,52,52,52,35,35,35,56,0],"gold":284,"neow_bonus":"THREE_RARE_CARDS","is_prod":false,"is_daily":false,"chose_seed":false,"campfire_upgraded":1,"win_rate":0,"timestamp":1537901804,"path_taken":["M","M","?","$","?","R","E","R","T","?","?","M","?","?","R","BOSS"],"build_version":"2018-09-20","purchased_purges":2,"victory":false,"max_hp_per_floor":[70,70,70,70,70,70,70,70,70,70,70,70,70,70,70,70],"card_choices":[{"not_picked":["Glass Knife","Corpse Explosion"],"picked":"A Thousand Cuts","floor":0},{"not_picked":["Caltrops","Dagger Throw"],"picked":"Infinite Blades","floor":1},{"not_picked":["Dagger Spray","Deadly Poison"],"picked":"Slice","floor":2},{"not_picked":["Crippling Poison","Bouncing Flask"],"picked":"Backflip","floor":7},{"not_picked":["Slice","Dash"],"picked":"Infinite Blades","floor":10},{"not_picked":["Sucker Punch","PiercingWail"],"picked":"Bullet Time","floor":12}],"player_experience":40629,"relics_obtained":[{"floor":7,"key":"Bag of Preparation"},{"floor":9,"key":"MawBank"},{"floor":14,"key":"Tiny Chest"}],"event_choices":[{"event_name":"Golden Idol","player_choice":"Ignored","floor":3,"damage_taken":0},{"event_name":"WeMeetAgain","player_choice":"Attack","floor":5,"damage_taken":0},{"event_name":"Liars Game","player_choice":"agreed","floor":11,"damage_taken":0}],"is_beta":false,"boss_relics":[],"items_purged_floors":[4,13],"is_endless":false,"potions_floor_spawned":[7,10],"killed_by":"Hexaghost","ascension_level":0}