{"gold_per_floor":[219,229,246,265,190,217,217,217,217,242,260,260,287,302,302,402,402,421,421,421,435,435],"floor_reached":22,"playtime":1169,"items_purged":["Strike_R"],"score":287,"play_id":"f93298c7-626b-4256-97eb-bf5ece9039de","local_time":"20190112181053","is_ascension_mode":true,"campfire_choices":[{"data":"Armaments","floor":8,"key":"SMITH"},{"data":"Inflame","floor":12,"key":"SMITH"},{"data":"Seeing Red","floor":15,"key":"SMITH"}],"neow_cost":"NONE","seed_source_timestamp":78471820660281,"circlet_count":0,"master_deck":["Defend_R","Defend_R","Defend_R","Defend_R","Bash","Pommel Strike","Clothesline","Thunderclap","Clash","Armaments+1","Spot Weakness","Inflame+1","Warcry","Seeing Red+1","Sword Boomerang","Feed","Rupture+1","Limit Break+1","Perfected Strike+1","Havoc","Ghostly","Ghostly","Ghostly","Ghostly","Ghostly","Bite","Bite","Bite","Bite","Bite","Pommel Strike"],"relics":["Burning Blood","Letter Opener","Kunai","Sundial","Red Skull","Astrolabe"],"potions_floor_usage":[13,22],"damage_taken":[{"damage":7,"enemies":"2 Louse","floor":1,"turns":3},{"damage":0,"enemies":"Small Slimes","floor":2,"turns":3},{"damage":7,"enemies":"Jaw Worm","floor":3,"turns":3},{"damage":25,"enemies":"Exordium Wildlife","floor":4,"turns":3},{"damage":25,"enemies":"Lagavulin","floor":6,"turns":6},{"damage":13,"enemies":"Gremlin Nob","floor":10,"turns":4},{"damage":7,"enemies":"Blue Slaver","floor":11,"turns":4},{"damage":29,"enemies":"3 Sentries","floor":13,"turns":6},{"damage":14,"enemies":"Lots of Slimes","floor":14,"turns":3},{"damage":3,"enemies":"Slime Boss","floor":16,"turns":7},{"damage":18,"enemies":"Chosen","floor":18,"turns":5},{"damage":26,"enemies":"3 Byrds","floor":21,"turns":4},{"damage":25,"enemies":"Centurion and Healer","floor":22,"turns":4}],"seed_played":"-541618786584082827","potions_obtained":[{"floor":1,"key":"Strength Potion"},{"floor":3,"key":"BloodPotion"},{"floor":10,"key":"Weak Potion"},{"floor":16,"key":"SpeedPotion"}],"is_trial":false,"path_per_floor":["M","M","M","M","$","E","?","R","T","E","M","R","E","M","R","B",null,"M","?","?","M","M"],"character_chosen":"IRONCLAD","items_purchased":[],"campfire_rested":0,"item_purchase_floors":[],"current_hp_per_floor":[79,80,79,60,60,41,41,41,41,34,33,33,18,10,10,13,80,68,40,28,10,0],"gold":435,"neow_bonus":"HUNDRED_GOLD","is_prod":false,"is_daily":false,"chose_seed":false,"campfire_upgraded":3,"win_rate":0,"timestamp":1547287853,"path_taken":["M","M","M","M","$","E","?","R","T","E","M","R","E","M","R","BOSS","M","?","?","M","M"],"build_version":"2019-01-10","purchased_purges":1,"victory":false,"max_hp_per_floor":[80,80,80,80,80,80,80,80,80,80,80,80,80,80,80,80,80,80,40,28,28,28],"card_choices":[{"not_picked":["Reckless Charge","Infernal Blade"],"picked":"Pommel Strike","floor":1},{"not_picked":["Carnage","Sever Soul"],"picked":"Clothesline","floor":2},{"not_picked":["Burning Pact","Dual Wield"],"picked":"Thunderclap","floor":3},{"not_picked":["Shrug It Off","Perfected Strike"],"picked":"Clash","floor":4},{"not_picked":["Feel No Pain","Headbutt"],"picked":"Armaments","floor":6},{"not_picked":["Iron Wave","Bloodletting"],"picked":"Inflame","floor":10},{"not_picked":["Searing Blow","Armaments"],"picked":"Warcry","floor":11},{"not_picked":["Carnage","Anger"],"picked":"Seeing Red","floor":13},{"not_picked":["Combust","Bloodletting"],"picked":"Sword Boomerang","floor":14},{"not_picked":["Berserk","Impervious"],"picked":"Feed","floor":16},{"not_picked":["Anger","Combust"],"picked":"Havoc","floor":18},{"not_picked":["Whirlwind","Sentinel"],"picked":"Pommel Strike","floor":21}],"player_experience":132858,"relics_obtained":[{"floor":6,"key":"Letter Opener"},{"floor":9,"key":"Kunai"},{"floor":10,"key":"Sundial"},{"floor":13,"key":"Red Skull"}],"event_choices":[{"damage_healed":0,"gold_gain":0,"cards_transformed":["Strike_R"],"player_choice":"Change","damage_taken":0,"max_hp_gain":0,"max_hp_loss":0,"event_name":"Living Wall","floor":7,"gold_loss":0,"cards_obtained":["Spot Weakness"]},{"damage_healed":0,"gold_gain":0,"player_choice":"Became a Ghost","damage_taken":0,"max_hp_gain":0,"max_hp_loss":40,"event_name":"Ghosts","floor":19,"gold_loss":0,"cards_obtained":["Ghostly","Ghostly","Ghostly","Ghostly","Ghostly"]},{"damage_healed":0,"gold_gain":0,"player_choice":"Became a vampire","damage_taken":0,"max_hp_gain":0,"max_hp_loss":12,"event_name":"Vampires","floor":20,"gold_loss":0,"cards_obtained":["Bite","Bite","Bite","Bite","Bite"]}],"is_beta":false,"boss_relics":[{"not_picked":["Ectoplasm","Runic Dome"],"picked":"Astrolabe"}],"items_purged_floors":[5],"is_endless":false,"potions_floor_spawned":[1,3,10,11,16],"killed_by":"Centurion and Healer","ascension_level":3}