{"gold_per_floor":[210,222,147,161,90,118,118,193,193,208,283,301,317,327,327,428,428,416,430,529,131,131,131,147,22,75,86,104,104],"floor_reached":29,"playtime":1688,"items_purged":["Strike_R","Strike_R","Strike_R"],"score":229,"play_id":"e5b6e29e-63fe-4ab7-9af8-b2200c5ca14a","local_time":"20181123225059","is_ascension_mode":false,"campfire_choices":[{"data":"Rampage","floor":7,"key":"SMITH"},{"floor":15,"key":"REST"},{"floor":23,"key":"REST"}],"neow_cost":"NONE","seed_source_timestamp":11683046582046,"circlet_count":0,"master_deck":["Strike_R","Strike_R","Defend_R","Defend_R","Defend_R","Defend_R","Bash","Rampage+1","Metallicize","Flame Barrier","Headbutt","Entrench","Barricade","Brutality","Armaments","True Grit","Body Slam"],"relics":["Black Blood","Darkstone Periapt","Sundial","Lantern","Happy Flower","Juzu Bracelet"],"potions_floor_usage":[6,6,14,18,19,28],"damage_taken":[{"damage":15,"enemies":"Cultist","floor":1,"turns":4},{"damage":0,"enemies":"Small Slimes","floor":2,"turns":3},{"damage":9,"enemies":"2 Louse","floor":4,"turns":3},{"damage":42,"enemies":"3 Sentries","floor":6,"turns":10},{"damage":11,"enemies":"Large Slime","floor":10,"turns":5},{"damage":0,"enemies":"3 Louse","floor":12,"turns":4},{"damage":0,"enemies":"Blue Slaver","floor":13,"turns":5},{"damage":0,"enemies":"Large Slime","floor":14,"turns":8},{"damage":53,"enemies":"Slime Boss","floor":16,"turns":25},{"damage":25,"enemies":"2 Thieves","floor":18,"turns":4},{"damage":10,"enemies":"3 Byrds","floor":19,"turns":8},{"damage":38,"enemies":"Centurion and Healer","floor":24,"turns":10},{"damage":29,"enemies":"Sentry and Sphere","floor":27,"turns":12},{"damage":13,"enemies":"Shelled Parasite and Fungi","floor":28,"turns":8},{"damage":36,"enemies":"Chosen and Byrds","floor":29,"turns":7}],"seed_played":"3561458177517838920","potions_obtained":[{"floor":1,"key":"Poison Potion"},{"floor":4,"key":"LiquidBronze"},{"floor":12,"key":"EssenceOfSteel"},{"floor":16,"key":"Poison Potion"},{"floor":18,"key":"Fire Potion"},{"floor":24,"key":"PowerPotion"}],"is_trial":false,"path_per_floor":["M","M","$","M","$","E","R","?","T","M","?","M","M","M","R","B",null,"M","M","?","$","?","R","M","$","T","M","M","M"],"character_chosen":"IRONCLAD","items_purchased":["Metallicize","Lantern","Happy Flower"],"campfire_rested":2,"item_purchase_floors":[5,21,21],"current_hp_per_floor":[71,77,77,74,74,38,38,30,30,25,14,20,26,32,56,9,80,65,65,65,65,50,75,47,47,47,28,25,0],"gold":104,"neow_bonus":"HUNDRED_GOLD","is_prod":false,"is_daily":false,"chose_seed":false,"campfire_upgraded":1,"win_rate":0,"timestamp":1543002659,"path_taken":["M","?","$","M","?","E","R","?","T","?","?","M","M","M","R","BOSS","M","M","?","$","?","R","M","?","T","M","M","M"],"build_version":"2018-11-15","purchased_purges":3,"victory":false,"max_hp_per_floor":[80,80,80,80,80,80,80,80,80,80,80,80,80,80,80,80,80,80,80,80,80,85,85,85,85,85,85,85,85],"card_choices":[{"not_picked":["Uppercut","Flex"],"picked":"Rampage","floor":1},{"not_picked":["Wild Strike","Anger","Pommel Strike"],"picked":"SKIP","floor":2},{"not_picked":["Clothesline","Sword Boomerang","Havoc"],"picked":"SKIP","floor":4},{"not_picked":["Rupture","Rage","Reaper"],"picked":"SKIP","floor":6},{"not_picked":["Sword Boomerang","Corruption"],"picked":"Flame Barrier","floor":10},{"not_picked":["Dual Wield","Wild Strike"],"picked":"Headbutt","floor":12},{"not_picked":["Iron Wave","Headbutt"],"picked":"Entrench","floor":13},{"not_picked":["Sentinel","Sword Boomerang"],"picked":"Barricade","floor":14},{"not_picked":["Demon Form","Berserk"],"picked":"Brutality","floor":16},{"not_picked":["Clash","Sword Boomerang"],"picked":"Armaments","floor":18},{"not_picked":["Whirlwind","Intimidate+1"],"picked":"True Grit","floor":19},{"not_picked":["Clash+1","Flex"],"picked":"Body Slam","floor":24},{"not_picked":["Cleave","Twin Strike","Dual Wield"],"picked":"SKIP","floor":27},{"not_picked":["Body Slam","Spot Weakness+1","Burning Pact"],"picked":"SKIP","floor":28}],"player_experience":209035,"relics_obtained":[{"floor":6,"key":"Darkstone Periapt"},{"floor":9,"key":"Sundial"},{"floor":26,"key":"Juzu Bracelet"}],"event_choices":[{"damage_healed":0,"gold_gain":75,"player_choice":"Touch","damage_taken":8,"max_hp_gain":0,"max_hp_loss":0,"event_name":"FaceTrader","floor":8,"gold_loss":0},{"damage_healed":0,"gold_gain":75,"player_choice":"Gather Gold","damage_taken":11,"max_hp_gain":0,"max_hp_loss":0,"event_name":"World of Goop","floor":11,"gold_loss":0},{"damage_healed":0,"gold_gain":99,"player_choice":"Stole From Cult","damage_taken":0,"max_hp_gain":0,"max_hp_loss":0,"event_name":"Nest","floor":20,"gold_loss":0},{"damage_healed":0,"gold_gain":0,"player_choice":"Shed Blood","damage_taken":20,"max_hp_gain":5,"max_hp_loss":0,"event_name":"Forgotten Altar","floor":22,"gold_loss":0}],"is_beta":false,"boss_relics":[{"not_picked":["Lizard Tail","Cursed Key"],"picked":"Black Blood"}],"items_purged_floors":[3,21,25],"is_endless":false,"potions_floor_spawned":[1,4,12,16,18,24],"killed_by":"Chosen and Byrds","ascension_level":0}