{"gold_per_floor":[16,27,27,27,41,41,53,53,53,53,53,65,82,100,100,197,197,211,211,225,244,254,254,274,285,285,285,296,296,22,39,39,140,140,150,167,182,198,2,2,21,21,21,34,45,55,55,55,55,55],"floor_reached":51,"playtime":3574,"items_purged":["Strike_G","Strike_G"],"score":678,"play_id":"4bc4778e-3c53-4102-8a81-a0ead90f4b75","local_time":"20181218205836","is_ascension_mode":false,"campfire_choices":[{"data":"Deadly Poison","floor":6.0,"key":"SMITH"},{"data":"Catalyst","floor":8.0,"key":"SMITH"},{"data":"Neutralize","floor":10.0,"key":"SMITH"},{"data":"Backflip","floor":15.0,"key":"SMITH"},{"data":"Well Laid Plans","floor":23.0,"key":"SMITH"},{"data":"Burst","floor":27.0,"key":"SMITH"},{"data":"Catalyst","floor":29.0,"key":"SMITH"},{"data":"Night Terror","floor":32.0,"key":"SMITH"},{"data":"Tools of the Trade","floor":40.0,"key":"SMITH"},{"data":"Leg Sweep","floor":42.0,"key":"SMITH"},{"floor":49,"key":"REST"}],"neow_cost":"NO_GOLD","seed_source_timestamp":3851545783854,"circlet_count":0,"master_deck":["Defend_G+1","Defend_G","Defend_G","Defend_G","Defend_G","Strike_G+1","Survivor","Neutralize+1","Doppelganger","Catalyst+1","Deadly Poison+1","Poisoned Stab","Crippling Poison","Backflip+1","Burst+1","PiercingWail","Acrobatics","Well Laid Plans+1","Catalyst+1","Backflip","Escape Plan+1","Night Terror+1","Tools of the Trade+1","Noxious Fumes","Deadly Poison","Leg Sweep+1","Calculated Gamble","Leg Sweep","Master of Strategy"],"special_seed":0,"relics":["Ring of the Snake","Blood Vial","StoneCalendar","Velvet Choker","Kunai","Busted Crown","Molten Egg 2"],"potions_floor_usage":[50,50],"damage_taken":[{"damage":0.0,"enemies":"Small Slimes","floor":1.0,"turns":5.0},{"damage":2.0,"enemies":"Jaw Worm","floor":2.0,"turns":9.0},{"damage":0.0,"enemies":"Cultist","floor":5.0,"turns":4.0},{"damage":8.0,"enemies":"Lots of Slimes","floor":7.0,"turns":7.0},{"damage":3.0,"enemies":"Red Slaver","floor":12.0,"turns":4.0},{"damage":6.0,"enemies":"Gremlin Gang","floor":13.0,"turns":4.0},{"damage":0.0,"enemies":"Large Slime","floor":14.0,"turns":4.0},{"damage":13.0,"enemies":"Hexaghost","floor":16.0,"turns":7.0},{"damage":2.0,"enemies":"Shell Parasite","floor":18.0,"turns":4.0},{"damage":6.0,"enemies":"Spheric Guardian","floor":19.0,"turns":5.0},{"damage":0.0,"enemies":"Shelled Parasite and Fungi","floor":20.0,"turns":4.0},{"damage":0.0,"enemies":"Centurion and Healer","floor":21.0,"turns":5.0},{"damage":18.0,"enemies":"Sentry and Sphere","floor":22.0,"turns":5.0},{"damage":6.0,"enemies":"Snake Plant","floor":24.0,"turns":3.0},{"damage":2.0,"enemies":"Centurion and Healer","floor":25.0,"turns":6.0},{"damage":0.0,"enemies":"Snecko","floor":28.0,"turns":3.0},{"damage":2.0,"enemies":"Snake Plant","floor":31.0,"turns":4.0},{"damage":24.0,"enemies":"Champ","floor":33.0,"turns":3.0},{"damage":0.0,"enemies":"Orb Walker","floor":35.0,"turns":3.0},{"damage":6.0,"enemies":"3 Darklings","floor":36.0,"turns":5.0},{"damage":0.0,"enemies":"Maw","floor":37.0,"turns":2.0},{"damage":3.0,"enemies":"Writhing Mass","floor":38.0,"turns":5.0},{"damage":18.0,"enemies":"Sphere and 2 Shapes","floor":41.0,"turns":5.0},{"damage":6,"enemies":"Spire Growth","floor":44,"turns":4},{"damage":20,"enemies":"3 Darklings","floor":45,"turns":6},{"damage":19,"enemies":"Writhing Mass","floor":46,"turns":7},{"damage":28,"enemies":"Donu and Deca","floor":50,"turns":6}],"seed_played":"-3507749696916742743","potions_obtained":[{"floor":1.0,"key":"Energy Potion"},{"floor":12.0,"key":"SmokeBomb"},{"floor":14.0,"key":"SmokeBomb"},{"floor":18.0,"key":"Regen Potion"},{"floor":22.0,"key":"Fruit Juice"},{"floor":25.0,"key":"FearPotion"},{"floor":28.0,"key":"Dexterity Potion"},{"floor":33.0,"key":"Fruit Juice"},{"floor":38.0,"key":"FearPotion"},{"floor":44,"key":"GamblersBrew"}],"is_trial":false,"path_per_floor":["M","M","?","?","M","R","M","R","T","R","T","M","M","M","R","B",null,"M","M","M","M","M","R","M","M","T","R","M","R","$","M","R","B",null,"M","M","M","M","$","R","M","R","T","M","M","M","?","?","R","B",null],"character_chosen":"THE_SILENT","items_purchased":["Night Terror","Poison Potion","Dexterity Potion","Deadly Poison"],"campfire_rested":1,"item_purchase_floors":[30,30,39,39],"current_hp_per_floor":[70,68,54,59,59,59,51,51,51,51,51,50,46,48,48,37,75,73,69,71,73,62,62,58,73,73,73,75,75,75,75,75,58,85,85,79,81,80,80,80,64,64,64,60,42,25,25,25,50,24],"gold":55,"neow_bonus":"TRANSFORM_TWO_CARDS","is_prod":false,"is_daily":false,"chose_seed":false,"campfire_upgraded":10,"win_rate":0,"timestamp":1545155916,"path_taken":["M","M","?","?","M","R","M","R","T","R","?","?","M","M","R","BOSS","M","M","?","M","?","R","M","M","T","R","M","R","?","?","R","BOSS","M","M","M","M","$","R","M","R","T","?","M","M","?","?","R","BOSS"],"build_version":"2018-12-13","purchased_purges":2,"victory":true,"max_hp_per_floor":[70,70,70,75,75,75,75,75,75,75,75,75,75,75,75,75,75,75,75,75,75,80,80,80,80,80,80,80,80,80,80,80,85,85,85,85,85,85,85,85,85,85,85,85,85,85,85,85,85,85],"card_choices":[{"not_picked":["Cloak And Dagger","Outmaneuver","Masterful Stab"],"picked":"SKIP","floor":1.0},{"not_picked":["Bane","Endless Agony","All Out Attack"],"picked":"SKIP","floor":2.0},{"not_picked":["Wraith Form v2","Dagger Spray"],"picked":"Deadly Poison","floor":5.0},{"not_picked":["Dagger Spray","Sucker Punch"],"picked":"Poisoned Stab","floor":7.0},{"not_picked":["Terror","Calculated Gamble"],"picked":"Crippling Poison","floor":12.0},{"not_picked":["Terror","Cloak And Dagger","Heel Hook"],"picked":"SKIP","floor":13.0},{"not_picked":["Dodge and Roll","Acrobatics"],"picked":"Backflip","floor":14.0},{"not_picked":["Die Die Die","Venomology"],"picked":"Burst","floor":16.0},{"not_picked":["Cloak And Dagger","Dodge and Roll"],"picked":"PiercingWail","floor":18.0},{"not_picked":["Choke","Blade Dance"],"picked":"Acrobatics","floor":20.0},{"not_picked":["Infinite Blades","Backflip"],"picked":"Well Laid Plans","floor":21.0},{"not_picked":["Eviscerate","Bouncing Flask+1"],"picked":"Catalyst","floor":22.0},{"not_picked":["Flying Knee","Dagger Spray"],"picked":"Backflip","floor":24.0},{"not_picked":["Dagger Spray","Acrobatics+1"],"picked":"Escape Plan+1","floor":25.0},{"not_picked":["Reflex+1","Flying Knee+1","Masterful Stab"],"picked":"SKIP","floor":28.0},{"not_picked":["Outmaneuver","Underhanded Strike+1"],"picked":"Tools of the Trade","floor":31.0},{"not_picked":["PiercingWail"],"picked":"SKIP","floor":35.0},{"not_picked":["Sucker Punch"],"picked":"SKIP","floor":36.0},{"not_picked":[],"picked":"Noxious Fumes","floor":37.0},{"not_picked":["Bane"],"picked":"SKIP","floor":38.0},{"not_picked":[],"picked":"Leg Sweep","floor":41.0},{"not_picked":["Cloak And Dagger"],"picked":"SKIP","floor":44},{"not_picked":[],"picked":"Calculated Gamble","floor":45},{"not_picked":[],"picked":"Leg Sweep","floor":46},{"not_picked":[],"picked":"Master of Strategy","floor":47}],"player_experience":356800,"relics_obtained":[{"floor":9.0,"key":"Blood Vial"},{"floor":11.0,"key":"StoneCalendar"},{"floor":26.0,"key":"Kunai"},{"floor":43.0,"key":"Molten Egg 2"}],"event_choices":[{"damage_healed":0.0,"max_hp_gain":0.0,"max_hp_loss":0.0,"gold_gain":0.0,"event_name":"Shining Light","player_choice":"Entered Light","floor":3.0,"gold_loss":0.0,"damage_taken":14.0,"cards_upgraded":["Strike_G","Defend_G"]},{"damage_healed":0.0,"max_hp_gain":5.0,"max_hp_loss":0.0,"gold_gain":0.0,"event_name":"Big Fish","player_choice":"Donut","floor":4.0,"gold_loss":0.0,"damage_taken":0.0},{"damage_healed":0,"gold_gain":0,"player_choice":"Memory 1","damage_taken":0,"max_hp_gain":0,"max_hp_loss":0,"event_name":"SensoryStone","floor":47,"gold_loss":0},{"damage_healed":0,"gold_gain":0,"player_choice":"Ignored","damage_taken":0,"max_hp_gain":0,"max_hp_loss":0,"event_name":"Mysterious Sphere","floor":48,"gold_loss":0}],"is_beta":false,"boss_relics":[{"not_picked":["Calling Bell","Ectoplasm"],"picked":"Velvet Choker"},{"not_picked":["Cursed Key","WristBlade"],"picked":"Busted Crown"}],"items_purged_floors":[30,39],"is_endless":false,"potions_floor_spawned":[1,12,14,18,22,25,28,33,38,41,44,45],"ascension_level":0}