{"gold_per_floor":[115,35,49,61,361,361,392,54,54,54,71,95,95,95],"floor_reached":14,"playtime":799,"items_purged":[],"score":88,"play_id":"63fb7222-1cae-4ade-b8bd-eadb5b7d6dec","local_time":"20181007210531","is_ascension_mode":false,"campfire_choices":[{"data":"Offering","floor":6,"key":"SMITH"},{"data":"Metallicize","floor":13,"key":"SMITH"}],"neow_cost":"NONE","seed_source_timestamp":36374232826494,"circlet_count":0,"master_deck":["Strike_R","Strike_R","Strike_R","Strike_R","Strike_R","Defend_R","Defend_R","Defend_R","Defend_R","Bash","Offering+1","Body Slam","Fiend Fire+1","Anger","Demon Form","Feel No Pain","Metallicize+1","Clash"],"relics":["Burning Blood","Old Coin","Boot","Matryoshka","Frozen Egg 2","Unceasing Top","Odd Mushroom"],"potions_floor_usage":[14],"damage_taken":[{"damage":6,"enemies":"Cultist","floor":1,"turns":2},{"damage":10,"enemies":"Small Slimes","floor":3,"turns":4},{"damage":6,"enemies":"2 Louse","floor":4,"turns":3},{"damage":26,"enemies":"Gremlin Nob","floor":7,"turns":4},{"damage":20,"enemies":"Exordium Wildlife","floor":11,"turns":5},{"damage":25,"enemies":"The Mushroom Lair","floor":12,"turns":5},{"damage":23,"enemies":"Gremlin Gang","floor":14,"turns":2}],"seed_played":"4440747545891798876","potions_obtained":[{"floor":3,"key":"Energy Potion"},{"floor":4,"key":"GamblersBrew"}],"is_trial":false,"path_per_floor":["M","$","M","M","?","R","E","$","T","?","M","?","R"],"character_chosen":"IRONCLAD","items_purchased":["Fiend Fire","Matryoshka","Metallicize"],"campfire_rested":0,"item_purchase_floors":[2,8,8],"current_hp_per_floor":[80,80,76,76,76,76,56,56,56,56,42,23,23,0],"gold":95,"neow_bonus":"ONE_RANDOM_RARE_CARD","is_prod":false,"is_daily":false,"chose_seed":false,"campfire_upgraded":2,"win_rate":0,"timestamp":1538935531,"path_taken":["M","$","?","M","?","R","E","$","T","?","M","?","R","M"],"build_version":"2018-10-04v2","purchased_purges":0,"victory":false,"max_hp_per_floor":[80,80,80,80,80,80,80,80,80,80,80,80,80,80],"card_choices":[{"not_picked":["Thunderclap","Clothesline"],"picked":"Body Slam","floor":1},{"not_picked":["Cleave","True Grit"],"picked":"Anger","floor":3},{"not_picked":["Feel No Pain","Twin Strike"],"picked":"Demon Form","floor":4},{"not_picked":["Shrug It Off","Pommel Strike"],"picked":"Feel No Pain","floor":7},{"not_picked":["Pommel Strike","Clash","Warcry"],"picked":"SKIP","floor":11},{"not_picked":["True Grit","Pommel Strike"],"picked":"Clash","floor":12}],"player_experience":52943,"relics_obtained":[{"floor":7,"key":"Boot"},{"floor":9,"key":"Frozen Egg 2"},{"floor":9,"key":"Unceasing Top"},{"floor":12,"key":"Odd Mushroom"}],"event_choices":[{"event_name":"WeMeetAgain","player_choice":"Potion","floor":5,"damage_taken":0},{"event_name":"Living Wall","player_choice":"Grow","floor":10,"damage_taken":0},{"event_name":"Mushrooms","player_choice":"Fought Mushrooms","floor":12,"damage_taken":0}],"is_beta":false,"boss_relics":[],"items_purged_floors":[],"is_endless":false,"potions_floor_spawned":[3,4],"killed_by":"Gremlin Gang","ascension_level":0}