{"gold_per_floor":[119,119,140,155,3,3,47,47,47,47,47,87,107,140,140,265,265,281,47,60,60,60,60,74,0,0,0,0,0,23,122,122,250,250,266,285,308,38,52,52,70,111,111,111,31,31,156,180,180,180],"floor_reached":51,"playtime":4840,"items_purged":["Strike_G","Parasite"],"score":956,"play_id":"c4566271-b922-44a5-8660-241666726119","local_time":"20190110224036","is_ascension_mode":true,"campfire_choices":[{"data":"Neutralize","floor":6.0,"key":"SMITH"},{"floor":8.0,"key":"REST"},{"data":"Distraction","floor":10.0,"key":"SMITH"},{"floor":15.0,"key":"REST"},{"floor":23.0,"key":"REST"},{"data":"Bullet Time","floor":27.0,"key":"SMITH"},{"floor":29.0,"key":"REST"},{"data":"Thinking Ahead","floor":32.0,"key":"SMITH"},{"floor":40.0,"key":"REST"},{"floor":44.0,"key":"REST"},{"data":"Adrenaline","floor":46.0,"key":"SMITH"},{"data":"A Thousand Cuts","floor":49.0,"key":"SMITH"}],"neow_cost":"PERCENT_DAMAGE","seed_source_timestamp":9440357000025,"circlet_count":0,"master_deck":["Defend_G","Defend_G","Defend_G","Defend_G","Survivor","Neutralize+1","Flying Knee","Distraction+1","Well Laid Plans","Choke","Skewer","PiercingWail","Escape Plan","Bullet Time+1","Backstab","Footwork","Thinking Ahead+1","Acrobatics","Expertise","Escape Plan","Endless Agony","PiercingWail+1","A Thousand Cuts+1","Backflip","Underhanded Strike+1","Footwork+1","Backflip","Acrobatics","Sucker Punch+1","Adrenaline+1","Tactician"],"special_seed":0,"relics":["Ring of the Serpent","Golden Idol","Happy Flower","Unceasing Top","Sundial","The Courier","Ornamental Fan","Odd Mushroom","Letter Opener","Runic Dome","Bottled Tornado","Mercury Hourglass","Regal Pillow","Calipers"],"potions_floor_usage":[50,50,50],"damage_taken":[{"damage":0.0,"enemies":"2 Louse","floor":1.0,"turns":4.0},{"damage":1.0,"enemies":"Jaw Worm","floor":3.0,"turns":5.0},{"damage":0.0,"enemies":"Small Slimes","floor":4.0,"turns":4.0},{"damage":28.0,"enemies":"Lagavulin","floor":7.0,"turns":6.0},{"damage":9.0,"enemies":"3 Sentries","floor":12.0,"turns":9.0},{"damage":7.0,"enemies":"3 Louse","floor":13.0,"turns":3.0},{"damage":6.0,"enemies":"The Mushroom Lair","floor":14.0,"turns":4.0},{"damage":27.0,"enemies":"Hexaghost","floor":16.0,"turns":12.0},{"damage":1.0,"enemies":"Shell Parasite","floor":18.0,"turns":7.0},{"damage":29.0,"enemies":"Spheric Guardian","floor":20.0,"turns":4.0},{"damage":11.0,"enemies":"Snecko","floor":24.0,"turns":5.0},{"damage":0.0,"enemies":"Colosseum Slavers","floor":28.0,"turns":4.0},{"damage":0.0,"enemies":"3 Cultists","floor":30.0,"turns":5.0},{"damage":0.0,"enemies":"Champ","floor":33.0,"turns":15.0},{"damage":8.0,"enemies":"3 Shapes","floor":35.0,"turns":5.0},{"damage":0.0,"enemies":"3 Darklings","floor":36.0,"turns":4.0},{"damage":9.0,"enemies":"Maw","floor":37.0,"turns":7.0},{"damage":30.0,"enemies":"Transient","floor":39.0,"turns":5.0},{"damage":0.0,"enemies":"Writhing Mass","floor":41.0,"turns":6.0},{"damage":5.0,"enemies":"Reptomancer","floor":42.0,"turns":9.0},{"damage":0.0,"enemies":"Mind Bloom Boss Battle","floor":47.0,"turns":6.0},{"damage":0.0,"enemies":"Maw","floor":48.0,"turns":7.0},{"damage":14,"enemies":"Awakened One","floor":50,"turns":10}],"seed_played":"4633930265808065045","potions_obtained":[{"floor":3.0,"key":"LiquidBronze"},{"floor":7.0,"key":"Ancient Potion"},{"floor":12.0,"key":"SkillPotion"},{"floor":14.0,"key":"Fruit Juice"},{"floor":18.0,"key":"Dexterity Potion"},{"floor":20.0,"key":"EssenceOfSteel"},{"floor":35.0,"key":"PowerPotion"},{"floor":42.0,"key":"Fire Potion"},{"floor":47.0,"key":"Ancient Potion"}],"is_trial":false,"path_per_floor":["M","?","M","M","$","R","E","R","T","R","T","E","M","?","R","B",null,"M","$","M","?","?","R","M","?","T","R","?","R","M","?","R","B",null,"M","M","M","$","M","R","M","E","T","R","$","R","?","M","R","B",null],"character_chosen":"THE_SILENT","items_purchased":["Happy Flower","Footwork","Thinking Ahead","Bottled Tornado","Backflip","Acrobatics"],"campfire_rested":6,"item_purchase_floors":[5,19,19,38,38,38],"current_hp_per_floor":[45,45,44,44,44,44,16,35,35,35,35,26,19,18,39,12,56,55,55,26,26,26,47,36,36,36,36,36,57,57,57,57,57,67,59,59,50,50,20,41,41,36,36,70,67,67,67,67,67,53],"gold":180,"neow_bonus":"REMOVE_TWO","is_prod":false,"is_daily":false,"chose_seed":false,"campfire_upgraded":6,"win_rate":0,"timestamp":1547149236,"path_taken":["M","?","M","M","$","R","E","R","T","R","?","E","M","?","R","BOSS","M","$","M","?","?","R","M","?","T","R","?","R","M","?","R","BOSS","M","M","M","$","M","R","M","E","T","R","$","R","?","M","R","BOSS"],"build_version":"2019-01-03v4","purchased_purges":2,"victory":true,"max_hp_per_floor":[70,65,65,65,65,65,65,65,65,65,65,65,65,70,70,70,70,70,70,70,70,70,70,70,70,70,70,70,70,70,70,70,70,70,70,70,70,70,70,70,70,70,70,70,67,67,67,67,67,67],"card_choices":[{"not_picked":["Slice","Dodge and Roll"],"picked":"Flying Knee","floor":1.0},{"not_picked":["Blade Dance","Flechettes"],"picked":"Distraction","floor":3.0},{"not_picked":["Blur","Acrobatics"],"picked":"Well Laid Plans","floor":4.0},{"not_picked":["Expertise","Quick Slash"],"picked":"Choke","floor":7.0},{"not_picked":["Poisoned Stab","All Out Attack"],"picked":"Skewer","floor":12.0},{"not_picked":["Dagger Spray","Reflex"],"picked":"PiercingWail","floor":13.0},{"not_picked":["Dagger Spray","Outmaneuver"],"picked":"Escape Plan","floor":14.0},{"not_picked":["Unload","Adrenaline"],"picked":"Bullet Time","floor":16.0},{"not_picked":["Deadly Poison","Dagger Spray"],"picked":"Backstab","floor":18.0},{"not_picked":["Dagger Spray","Slice"],"picked":"Acrobatics","floor":20.0},{"not_picked":["Dodge and Roll","Choke"],"picked":"Endless Agony","floor":24.0},{"not_picked":["Dagger Spray+1","Distraction"],"picked":"PiercingWail+1","floor":30.0},{"not_picked":["Die Die Die","Grand Finale"],"picked":"A Thousand Cuts","floor":33.0},{"not_picked":["Deflect","Prepared"],"picked":"Backflip","floor":35.0},{"not_picked":["Quick Slash","Acrobatics"],"picked":"Underhanded Strike+1","floor":36.0},{"not_picked":["Cloak And Dagger","Blade Dance"],"picked":"Footwork+1","floor":37.0},{"not_picked":["Slice+1","Underhanded Strike+1"],"picked":"Sucker Punch+1","floor":39.0},{"not_picked":["Bane+1","Flechettes","Deadly Poison+1"],"picked":"SKIP","floor":41.0},{"not_picked":["Eviscerate","Masterful Stab+1"],"picked":"Adrenaline","floor":42.0},{"not_picked":["Bane","Endless Agony+1"],"picked":"Tactician","floor":48.0}],"player_experience":412877,"relics_obtained":[{"floor":7.0,"key":"Unceasing Top"},{"floor":9.0,"key":"Sundial"},{"floor":11.0,"key":"The Courier"},{"floor":12.0,"key":"Ornamental Fan"},{"floor":14.0,"key":"Odd Mushroom"},{"floor":26.0,"key":"Letter Opener"},{"floor":42.0,"key":"Mercury Hourglass"},{"floor":43.0,"key":"Regal Pillow"},{"floor":47.0,"key":"Calipers"}],"event_choices":[{"damage_healed":0.0,"max_hp_gain":0.0,"max_hp_loss":5.0,"gold_gain":0.0,"event_name":"Golden Idol","player_choice":"Lose Max HP","floor":2.0,"gold_loss":0.0,"damage_taken":0.0,"relics_obtained":["Golden Idol"]},{"damage_healed":0.0,"max_hp_gain":0.0,"max_hp_loss":0.0,"gold_gain":0.0,"event_name":"Mushrooms","player_choice":"Fought Mushrooms","floor":14.0,"gold_loss":0.0,"damage_taken":0.0},{"damage_healed":0.0,"max_hp_gain":0.0,"max_hp_loss":0.0,"gold_gain":0.0,"cards_transformed":["Strike_G","Strike_G"],"event_name":"Drug Dealer","player_choice":"Became Test Subject","floor":21.0,"gold_loss":0.0,"damage_taken":0.0,"cards_obtained":["Expertise","Escape Plan"]},{"cards_removed":["Strike_G"],"damage_healed":0.0,"max_hp_gain":0.0,"max_hp_loss":0.0,"gold_gain":0.0,"event_name":"Back to Basics","player_choice":"Elegance","floor":22.0,"gold_loss":0.0,"damage_taken":0.0},{"damage_healed":0.0,"max_hp_gain":0.0,"max_hp_loss":0.0,"gold_gain":0.0,"event_name":"Masked Bandits","player_choice":"Paid Fearfully","floor":25.0,"gold_loss":74.0,"damage_taken":0.0},{"damage_healed":0.0,"max_hp_gain":0.0,"max_hp_loss":0.0,"gold_gain":0.0,"event_name":"Colosseum","player_choice":"Fight","floor":28.0,"gold_loss":0.0,"damage_taken":0.0},{"damage_healed":0.0,"max_hp_gain":0.0,"max_hp_loss":0.0,"gold_gain":0.0,"event_name":"Colosseum","player_choice":"Fled From Nobs","floor":28.0,"gold_loss":0.0,"damage_taken":0.0},{"damage_healed":0.0,"max_hp_gain":0.0,"max_hp_loss":0.0,"gold_gain":99.0,"event_name":"Nest","player_choice":"Stole From Cult","floor":31.0,"gold_loss":0.0,"damage_taken":0.0},{"damage_healed":0.0,"max_hp_gain":0.0,"max_hp_loss":0.0,"gold_gain":0.0,"event_name":"MindBloom","player_choice":"Fight","floor":47.0,"gold_loss":0.0,"damage_taken":0.0}],"is_beta":false,"boss_relics":[{"not_picked":["Velvet Choker","WristBlade"],"picked":"Ring of the Serpent"},{"not_picked":["Black Star","Pandora\u0027s Box"],"picked":"Runic Dome"}],"items_purged_floors":[19,45],"is_endless":false,"potions_floor_spawned":[3,7,12,14,18,20,28,35,42,47],"ascension_level":8}