{"gold_per_floor":[116,193,203,214,214,245,258,275,275,285,295,295,314,349,349,453,453,470,489,489,500,500],"floor_reached":22,"playtime":1780,"items_purged":[],"score":202,"play_id":"0de3d430-622c-4535-b14a-8d57d429302c","local_time":"20190105001405","is_ascension_mode":false,"campfire_choices":[{"floor":15,"key":"REST"}],"neow_cost":"NONE","seed_source_timestamp":97656867421832,"circlet_count":0,"master_deck":["Defend_G","Defend_G","Defend_G","Defend_G","Defend_G","Strike_G","Strike_G","Strike_G","Survivor","Neutralize","Choke","Prepared","Masterful Stab","Quick Slash","Eviscerate","Backflip","A Thousand Cuts","Prepared","Corpse Explosion","Dagger Spray","Bane","Flying Knee","Die Die Die","Blade Dance","Masterful Stab","Distraction+1"],"relics":["Ring of the Snake","PreservedInsect","Dream Catcher","Meat on the Bone","The Specimen","WristBlade"],"potions_floor_usage":[14,16,18,21],"damage_taken":[{"damage":0,"enemies":"Jaw Worm","floor":1,"turns":6},{"damage":0,"enemies":"2 Louse","floor":3,"turns":3},{"damage":0,"enemies":"Cultist","floor":4,"turns":4},{"damage":10,"enemies":"Gremlin Nob","floor":6,"turns":3},{"damage":4,"enemies":"3 Louse","floor":7,"turns":3},{"damage":26,"enemies":"Gremlin Gang","floor":8,"turns":6},{"damage":6,"enemies":"Large Slime","floor":10,"turns":6},{"damage":25,"enemies":"Exordium Thugs","floor":11,"turns":7},{"damage":1,"enemies":"2 Fungi Beasts","floor":13,"turns":2},{"damage":17,"enemies":"Lagavulin","floor":14,"turns":6},{"damage":26,"enemies":"Slime Boss","floor":16,"turns":6},{"damage":40,"enemies":"Shell Parasite","floor":18,"turns":12},{"damage":27,"enemies":"3 Byrds","floor":19,"turns":4},{"damage":31,"enemies":"Snake Plant","floor":21,"turns":3},{"damage":17,"enemies":"Shelled Parasite and Fungi","floor":22,"turns":2}],"seed_played":"2430527546983529972","potions_obtained":[{"floor":1,"key":"Swift Potion"},{"floor":6,"key":"SteroidPotion"},{"floor":7,"key":"Weak Potion"},{"floor":13,"key":"Explosive Potion"},{"floor":14,"key":"Dexterity Potion"},{"floor":16,"key":"EntropicBrew"},{"floor":18,"key":"SkillPotion"}],"is_trial":false,"path_per_floor":["M","?","M","M","?","E","M","M","T","M","M","?","M","E","R","B",null,"M","M","?","M","M"],"character_chosen":"THE_SILENT","items_purchased":[],"campfire_rested":1,"item_purchase_floors":[],"current_hp_per_floor":[77,77,77,77,77,67,63,37,37,43,30,30,41,36,59,45,77,49,34,34,15,0],"gold":500,"neow_bonus":"TEN_PERCENT_HP_BONUS","is_prod":false,"is_daily":false,"chose_seed":false,"campfire_upgraded":0,"win_rate":0.0,"timestamp":1546618445,"path_taken":["M","?","M","M","?","E","M","M","T","M","?","?","M","E","R","BOSS","M","?","?","M","M"],"build_version":"2019-01-03v3","purchased_purges":0,"victory":false,"max_hp_per_floor":[77,77,77,77,77,77,77,77,77,77,77,77,77,77,77,77,77,77,77,77,77,77],"card_choices":[{"not_picked":["Cloak And Dagger","Blade Dance"],"picked":"Choke","floor":1},{"not_picked":["Riddle With Holes","Cloak And Dagger"],"picked":"Prepared","floor":3},{"not_picked":["Footwork","Slice"],"picked":"Masterful Stab","floor":4},{"not_picked":["Bouncing Flask","Acrobatics"],"picked":"Quick Slash","floor":6},{"not_picked":["Accuracy","PiercingWail"],"picked":"Eviscerate","floor":7},{"not_picked":["Slice","Deadly Poison"],"picked":"Backflip","floor":8},{"not_picked":["Crippling Poison","Heel Hook"],"picked":"A Thousand Cuts","floor":10},{"not_picked":["Calculated Gamble","Choke"],"picked":"Prepared","floor":11},{"not_picked":["Slice","Infinite Blades"],"picked":"Dagger Spray","floor":13},{"not_picked":["Footwork","Deflect"],"picked":"Bane","floor":14},{"not_picked":["Cloak And Dagger","Quick Slash"],"picked":"Flying Knee","floor":15},{"not_picked":["Night Terror","Glass Knife"],"picked":"Die Die Die","floor":16},{"not_picked":["Deflect","Backflip"],"picked":"Blade Dance","floor":18},{"not_picked":["Underhanded Strike","Slice"],"picked":"Masterful Stab","floor":19},{"not_picked":["Quick Slash+1","Flying Knee"],"picked":"Distraction+1","floor":21}],"player_experience":33733,"relics_obtained":[{"floor":6,"key":"Dream Catcher"},{"floor":9,"key":"Meat on the Bone"},{"floor":14,"key":"The Specimen"}],"event_choices":[{"damage_healed":0,"gold_gain":77,"player_choice":"Gained Gold","damage_taken":0,"max_hp_gain":0,"max_hp_loss":0,"event_name":"Golden Wing","floor":2,"gold_loss":0},{"damage_healed":0,"gold_gain":0,"player_choice":"Gave Potion","damage_taken":0,"relics_obtained":["PreservedInsect"],"max_hp_gain":0,"max_hp_loss":0,"event_name":"WeMeetAgain","floor":5,"gold_loss":0},{"damage_healed":0,"gold_gain":0,"cards_transformed":["Strike_G"],"player_choice":"Transformed","damage_taken":0,"max_hp_gain":0,"max_hp_loss":0,"event_name":"Transmorgrifier","floor":12,"gold_loss":0,"cards_obtained":["Corpse Explosion"]},{"cards_removed":["Strike_G"],"damage_healed":0,"gold_gain":0,"player_choice":"Purged","damage_taken":0,"max_hp_gain":0,"max_hp_loss":0,"event_name":"Purifier","floor":20,"gold_loss":0}],"is_beta":false,"boss_relics":[{"not_picked":["Astrolabe","Fusion Hammer"],"picked":"WristBlade"}],"items_purged_floors":[],"is_endless":false,"potions_floor_spawned":[1,6,7,13,14,16,18],"killed_by":"Shelled Parasite and Fungi","ascension_level":0}