{"gold_per_floor":[116,116,291,291,14,14,54,54,79,115,135,135,158,174,174,297,297,310,281,281],"floor_reached":20,"playtime":1254,"items_purged":[],"score":255,"play_id":"5536eaa8-17be-4f6b-8a04-fccb5516b7aa","local_time":"20190109175605","is_ascension_mode":true,"campfire_choices":[{"data":"Distraction","floor":6.0,"key":"SMITH"},{"data":"Neutralize","floor":8.0,"key":"SMITH"},{"data":"Bullet Time","floor":12,"key":"SMITH"},{"data":"Escape Plan","floor":15,"key":"SMITH"}],"neow_cost":"NONE","seed_source_timestamp":0,"circlet_count":0,"master_deck":["Defend_G","Defend_G","Defend_G","Defend_G","Defend_G","Strike_G","Strike_G","Strike_G","Strike_G","Strike_G","Survivor","Neutralize+1","Cloak And Dagger","Doubt","Distraction+1","Sucker Punch+1","Bullet Time+1","Escape Plan+1","PiercingWail","Sucker Punch+1","Envenom","Decay","Writhe","Clumsy","Crippling Poison","Sucker Punch+1"],"special_seed":0,"relics":["Ring of the Snake","NeowsBlessing","Golden Idol","PreservedInsect","Molten Egg 2","Bronze Scales","Orichalcum","Gremlin Horn","Calling Bell","Juzu Bracelet","Darkstone Periapt","Bird Faced Urn"],"potions_floor_usage":[16,18,18,18,20],"damage_taken":[{"damage":0.0,"enemies":"Jaw Worm","floor":1.0,"turns":1.0},{"damage":0.0,"enemies":"3 Sentries","floor":7.0,"turns":1.0},{"damage":0.0,"enemies":"Gremlin Nob","floor":10.0,"turns":1.0},{"damage":0.0,"enemies":"Cultist","floor":11.0,"turns":4.0},{"damage":0,"enemies":"Small Slimes","floor":13,"turns":2},{"damage":0,"enemies":"Looter","floor":14,"turns":4},{"damage":37,"enemies":"The Guardian","floor":16,"turns":12},{"damage":16,"enemies":"Chosen","floor":18,"turns":8},{"damage":32,"enemies":"2 Thieves","floor":19,"turns":5},{"damage":23,"enemies":"Sentry and Sphere","floor":20,"turns":5}],"seed_played":"3293317974319603419","potions_obtained":[{"floor":10.0,"key":"SneckoOil"},{"floor":13,"key":"PowerPotion"},{"floor":14,"key":"GhostInAJar"},{"floor":16,"key":"GamblersBrew"},{"floor":19,"key":"Strength Potion"}],"is_trial":false,"path_per_floor":["M","?","?","T","$","R","E","R","T","E","M","R","M","M","R","B",null,"M","M","M"],"character_chosen":"THE_SILENT","items_purchased":["Molten Egg 2","Distraction"],"campfire_rested":0,"item_purchase_floors":[5,5],"current_hp_per_floor":[70,65,65,65,65,65,65,65,65,65,65,65,65,65,65,28,65,49,19,0],"gold":281,"neow_bonus":"THREE_ENEMY_KILL","is_prod":false,"is_daily":false,"chose_seed":false,"campfire_upgraded":4,"win_rate":0,"timestamp":1547027765,"path_taken":["M","?","?","?","$","R","E","R","T","E","?","R","M","M","R","BOSS","M","M","M"],"build_version":"2019-01-03v4","purchased_purges":0,"victory":false,"max_hp_per_floor":[70,65,65,65,65,65,65,65,65,65,65,65,65,65,65,65,65,65,65,65],"card_choices":[{"not_picked":["Dagger Throw","Flying Knee"],"picked":"Cloak And Dagger","floor":1.0},{"not_picked":["Cloak And Dagger","Slice+1"],"picked":"Sucker Punch+1","floor":7.0},{"not_picked":["Expertise","Outmaneuver"],"picked":"Bullet Time","floor":10.0},{"not_picked":["Backflip","Underhanded Strike+1"],"picked":"Escape Plan","floor":11},{"not_picked":["Underhanded Strike+1","Slice+1"],"picked":"PiercingWail","floor":13},{"not_picked":["Escape Plan","Night Terror"],"picked":"Sucker Punch+1","floor":14},{"not_picked":["Adrenaline","Malaise"],"picked":"Envenom","floor":16},{"not_picked":["Underhanded Strike+1","Endless Agony+1"],"picked":"Crippling Poison","floor":18},{"not_picked":["Setup","PiercingWail"],"picked":"Sucker Punch+1","floor":19}],"player_experience":101887,"relics_obtained":[{"floor":4.0,"key":"PreservedInsect"},{"floor":7.0,"key":"Bronze Scales"},{"floor":9.0,"key":"Orichalcum"},{"floor":10.0,"key":"Gremlin Horn"},{"floor":17,"key":"Juzu Bracelet"},{"floor":17,"key":"Darkstone Periapt"},{"floor":17,"key":"Bird Faced Urn"}],"event_choices":[{"damage_healed":0.0,"max_hp_gain":0.0,"max_hp_loss":5.0,"gold_gain":0.0,"event_name":"Golden Idol","player_choice":"Lose Max HP","floor":2.0,"gold_loss":0.0,"damage_taken":0.0,"relics_obtained":["Golden Idol"]},{"damage_healed":0.0,"max_hp_gain":0.0,"max_hp_loss":0.0,"gold_gain":175.0,"event_name":"Liars Game","player_choice":"AGREE","floor":3.0,"gold_loss":0.0,"damage_taken":0.0,"cards_obtained":["Doubt"]}],"is_beta":false,"boss_relics":[{"not_picked":["Runic Dome","Ring of the Serpent"],"picked":"Calling Bell"}],"items_purged_floors":[],"is_endless":false,"potions_floor_spawned":[10,13,14,16,19],"killed_by":"Sentry and Sphere","ascension_level":2}