{"gold_per_floor":[113,127,127,145,159,171,171,200,239,262,274,305,317,187,187,290,290,309,323,337,347,156,156,156],"floor_reached":24,"playtime":1638,"items_purged":["Strike_B","Strike_B"],"score":202,"play_id":"f905c0a9-09ce-4c34-b471-8690ae25efc0","local_time":"20190226072413","is_ascension_mode":false,"campfire_choices":[{"data":"Beam Cell","floor":7,"key":"SMITH"},{"data":"Zap","floor":11,"key":"SMITH"},{"data":"Dualcast","floor":13,"key":"SMITH"},{"data":"BootSequence","floor":15,"key":"SMITH"},{"data":"Fission","floor":23,"key":"SMITH"}],"neow_cost":"TEN_PERCENT_HP_LOSS","seed_source_timestamp":12949877187804,"circlet_count":0,"master_deck":["Strike_B","Strike_B","Defend_B","Defend_B","Defend_B","Defend_B","Zap+1","Dualcast+1","Stack+1","Conserve Battery","Glacier","Beam Cell+1","FTL","Gash","BootSequence+1","Fission+1","Gash+1","Reinforced Body","Panacea"],"relics":["Cracked Core","Gambling Chip","MawBank","Art of War","Runic Pyramid"],"potions_floor_usage":[5,8,16],"damage_taken":[{"damage":0,"enemies":"2 Louse","floor":1,"turns":2},{"damage":0,"enemies":"Cultist","floor":2,"turns":3},{"damage":1,"enemies":"Small Slimes","floor":4,"turns":3},{"damage":4,"enemies":"Gremlin Gang","floor":5,"turns":7},{"damage":2,"enemies":"Looter","floor":6,"turns":3},{"damage":7,"enemies":"Lagavulin","floor":8,"turns":5},{"damage":0,"enemies":"Blue Slaver","floor":10,"turns":3},{"damage":1,"enemies":"2 Fungi Beasts","floor":12,"turns":3},{"damage":16,"enemies":"The Guardian","floor":16,"turns":14},{"damage":5,"enemies":"Shell Parasite","floor":18,"turns":7},{"damage":0,"enemies":"Chosen","floor":19,"turns":6},{"damage":0,"enemies":"Centurion and Healer","floor":20,"turns":6},{"damage":23,"enemies":"Cultist and Chosen","floor":21,"turns":8},{"damage":43,"enemies":"Gremlin Leader","floor":24,"turns":10}],"seed_played":"3508223184542265724","potions_obtained":[{"floor":4,"key":"FocusPotion"},{"floor":5,"key":"Ancient Potion"},{"floor":6,"key":"AttackPotion"},{"floor":12,"key":"GamblersBrew"},{"floor":21,"key":"Block Potion"}],"is_trial":false,"path_per_floor":["M","M","?","M","M","M","R","E","T","M","R","M","R","$","R","B",null,"M","M","M","M","$","R","E"],"character_chosen":"DEFECT","items_purchased":["BootSequence","Panacea"],"campfire_rested":0,"item_purchase_floors":[14,22],"current_hp_per_floor":[68,68,68,67,63,61,61,54,54,54,54,53,53,53,53,37,68,63,63,63,40,40,40,0],"gold":156,"neow_bonus":"ONE_RARE_RELIC","is_prod":false,"is_daily":false,"chose_seed":false,"campfire_upgraded":5,"win_rate":0,"timestamp":1551155053,"path_taken":["M","M","?","M","M","M","R","E","T","?","R","M","R","$","R","BOSS","M","M","?","M","$","R","E"],"build_version":"2019-01-23","purchased_purges":2,"victory":false,"max_hp_per_floor":[68,68,68,68,68,68,68,68,68,68,68,68,68,68,68,68,68,68,68,68,68,68,68,68],"card_choices":[{"not_picked":["Ball Lightning","Skim"],"picked":"Stack","floor":1},{"not_picked":["Melter","Coolheaded"],"picked":"Conserve Battery","floor":2},{"not_picked":["Doom and Gloom","Turbo"],"picked":"Glacier","floor":4},{"not_picked":["Redo","Storm"],"picked":"Beam Cell","floor":5},{"not_picked":["Scrape","Sweeping Beam","Leap"],"picked":"SKIP","floor":6},{"not_picked":["Go for the Eyes","Leap"],"picked":"FTL","floor":8},{"not_picked":["Streamline","Darkness","Skim"],"picked":"SKIP","floor":10},{"not_picked":["Cold Snap","Stack"],"picked":"Gash","floor":12},{"not_picked":["Seek","Reboot"],"picked":"Fission","floor":16},{"not_picked":["Ball Lightning+1","Self Repair"],"picked":"Gash+1","floor":18},{"not_picked":["Hologram","Rebound","Compile Driver"],"picked":"SKIP","floor":19},{"not_picked":["Cold Snap","Coolheaded","Hologram"],"picked":"SKIP","floor":20},{"not_picked":["Sweeping Beam","Beam Cell"],"picked":"Reinforced Body","floor":21}],"player_experience":906584,"relics_obtained":[{"floor":8,"key":"MawBank"},{"floor":9,"key":"Art of War"}],"event_choices":[{"damage_healed":0,"gold_gain":0,"player_choice":"Forge","damage_taken":0,"max_hp_gain":0,"max_hp_loss":0,"event_name":"Accursed Blacksmith","floor":3,"gold_loss":0,"cards_upgraded":["Stack"]}],"is_beta":false,"boss_relics":[{"not_picked":["Calling Bell","Fusion Hammer"],"picked":"Runic Pyramid"}],"items_purged_floors":[14,22],"is_endless":false,"potions_floor_spawned":[4,5,6,12,21],"killed_by":"Gremlin Leader","ascension_level":0}