{"gold_per_floor":[109,119,131,142,142,142,162,162,162,162,172,227,13,26,26,103,103,115,129,142,42,53,53,73,73,73,104,119,135,151,89,89,164,164,184,200,34,49,49,77,77,77,77,87,100,100,50,67,67,67],"floor_reached":51,"playtime":3836,"items_purged":["Strike_G","All Out Attack","Flechettes"],"score":1210,"play_id":"855ae718-ae4b-4f99-9c23-4a240a588faf","local_time":"20190502135151","is_ascension_mode":true,"campfire_choices":[{"data":"Adrenaline","floor":6.0,"key":"SMITH"},{"data":"Bullet Time","floor":8.0,"key":"SMITH"},{"data":"Crippling Poison","floor":10.0,"key":"SMITH"},{"data":"Tactician","floor":15.0,"key":"SMITH"},{"data":"Storm of Steel","floor":23.0,"key":"SMITH"},{"floor":25.0,"key":"REST"},{"data":"Footwork","floor":32.0,"key":"SMITH"},{"data":"Adrenaline","floor":42,"key":"SMITH"},{"floor":46,"key":"REST"},{"data":"Corpse Explosion","floor":49,"key":"SMITH"}],"neow_cost":"TEN_PERCENT_HP_LOSS","seed_source_timestamp":11126646339468,"circlet_count":0,"master_deck":["AscendersBane","Survivor","Neutralize","Bullet Time+1","Deadly Poison","Bane","Terror","Adrenaline+1","Crippling Poison+1","Leg Sweep","Backflip","Well Laid Plans","Tactician+1","Adrenaline+1","Predator","Deflect","Endless Agony","Dagger Spray","Crippling Poison","Storm of Steel+1","Deadly Poison","Noxious Fumes","Backflip","Escape Plan+1","Dash+1","Footwork+1","Footwork","Corpse Explosion+1","Cloak And Dagger+1","Footwork","Blur+1","Acrobatics+1","Acrobatics+1"],"special_seed":0,"relics":["Ring of the Snake","Matryoshka","Question Card","Gremlin Horn","Shuriken","Pandora\u0027s Box","Ancient Tea Set","Paper Crane","The Courier","Sozu","Toxic Egg 2","Centennial Puzzle","Boot"],"potions_floor_usage":[50],"damage_taken":[{"damage":0.0,"enemies":"Cultist","floor":1.0,"turns":5.0},{"damage":0.0,"enemies":"Jaw Worm","floor":2.0,"turns":5.0},{"damage":1.0,"enemies":"2 Louse","floor":3.0,"turns":2.0},{"damage":0.0,"enemies":"Blue Slaver","floor":4.0,"turns":2.0},{"damage":0.0,"enemies":"Looter","floor":7.0,"turns":3.0},{"damage":2.0,"enemies":"Red Slaver","floor":11.0,"turns":3.0},{"damage":15.0,"enemies":"Lagavulin Event","floor":12.0,"turns":4.0},{"damage":1.0,"enemies":"2 Fungi Beasts","floor":14.0,"turns":3.0},{"damage":14.0,"enemies":"Hexaghost","floor":16.0,"turns":12.0},{"damage":0.0,"enemies":"Spheric Guardian","floor":18.0,"turns":3.0},{"damage":0.0,"enemies":"Chosen","floor":19.0,"turns":4.0},{"damage":18.0,"enemies":"Centurion and Healer","floor":20.0,"turns":4.0},{"damage":0.0,"enemies":"3 Cultists","floor":22.0,"turns":3.0},{"damage":7.0,"enemies":"Snake Plant","floor":24.0,"turns":2.0},{"damage":2.0,"enemies":"Slavers","floor":27.0,"turns":3.0},{"damage":0.0,"enemies":"Snecko","floor":28.0,"turns":2.0},{"damage":12.0,"enemies":"Sentry and Sphere","floor":29.0,"turns":4.0},{"damage":6.0,"enemies":"Shelled Parasite and Fungi","floor":30.0,"turns":4.0},{"damage":1.0,"enemies":"Automaton","floor":33.0,"turns":8.0},{"damage":0.0,"enemies":"3 Shapes","floor":35.0,"turns":2.0},{"damage":3.0,"enemies":"3 Darklings","floor":36.0,"turns":4.0},{"damage":24.0,"enemies":"4 Shapes","floor":38.0,"turns":5.0},{"damage":2,"enemies":"Giant Head","floor":40,"turns":7},{"damage":3,"enemies":"Transient","floor":44,"turns":5},{"damage":22,"enemies":"Sphere and 2 Shapes","floor":45,"turns":5},{"damage":0,"enemies":"4 Shapes","floor":48,"turns":2},{"damage":9,"enemies":"Donu and Deca","floor":50,"turns":6}],"seed_played":"2571897708493062948","potions_obtained":[{"floor":2.0,"key":"FearPotion"},{"floor":7.0,"key":"SkillPotion"},{"floor":14.0,"key":"Dexterity Potion"},{"floor":20.0,"key":"Poison Potion"},{"floor":29.0,"key":"SpeedPotion"}],"is_trial":false,"path_per_floor":["M","M","M","M","?","R","M","R","T","R","M","?","$","M","R","B",null,"M","M","M","$","M","R","M","R","T","E","M","M","M","$","R","B",null,"M","M","$","M","?","E","?","R","T","M","M","R","?","M","R","B",null],"character_chosen":"THE_SILENT","items_purchased":["Well Laid Plans","SteroidPotion","Footwork","Footwork"],"campfire_rested":2,"item_purchase_floors":[13,13,31,37],"current_hp_per_floor":[59,59,58,58,47,47,47,47,47,47,45,30,30,29,29,15,49,49,49,31,31,31,31,24,42,42,40,40,28,22,22,22,21,50,50,47,47,23,23,21,47,47,47,44,22,36,36,36,36,27],"gold":67,"neow_bonus":"THREE_RARE_CARDS","is_prod":false,"is_daily":false,"chose_seed":false,"campfire_upgraded":8,"win_rate":0,"timestamp":1556772711,"path_taken":["M","M","M","M","?","R","M","R","T","R","M","?","$","M","R","BOSS","M","M","M","$","M","R","M","R","T","E","M","M","M","$","R","BOSS","M","M","$","M","?","E","?","R","T","M","M","R","?","?","R","BOSS"],"build_version":"2019-01-23","purchased_purges":3,"victory":true,"max_hp_per_floor":[60,60,60,60,60,60,60,60,60,60,60,60,60,60,60,60,60,60,60,60,60,60,60,60,60,60,60,60,60,60,60,60,60,60,60,60,60,60,57,57,47,47,47,47,47,47,47,47,47,47],"card_choices":[{"not_picked":["Night Terror","Phantasmal Killer"],"picked":"Bullet Time","floor":0.0},{"not_picked":["Flying Knee","Dodge and Roll"],"picked":"Deadly Poison","floor":1.0},{"not_picked":["Prepared","Slice"],"picked":"Bane","floor":2.0},{"not_picked":["Outmaneuver","Heel Hook"],"picked":"Terror","floor":3.0},{"not_picked":["Deadly Poison","Expertise"],"picked":"Adrenaline","floor":4.0},{"not_picked":["Skewer","PiercingWail"],"picked":"Crippling Poison","floor":7.0},{"not_picked":["PiercingWail","Cloak And Dagger","Flying Knee"],"picked":"Leg Sweep","floor":11.0},{"not_picked":["Blade Dance","Quick Slash","Deflect"],"picked":"Backflip","floor":12.0},{"not_picked":["Backflip","Venomology","Predator"],"picked":"Tactician","floor":14.0},{"not_picked":["Unload","Venomology","Bullet Time"],"picked":"Adrenaline","floor":16.0},{"not_picked":["Riddle With Holes+1","Distraction","Blade Dance"],"picked":"Noxious Fumes","floor":18.0},{"not_picked":["Dash","Dodge and Roll","Dagger Spray+1"],"picked":"Backflip","floor":19.0},{"not_picked":["Cloak And Dagger","Flying Knee","Skewer"],"picked":"Escape Plan+1","floor":20.0},{"not_picked":["Sucker Punch+1","Dodge and Roll","Blade Dance","Poisoned Stab"],"picked":"SKIP","floor":22.0},{"not_picked":["Masterful Stab+1","Dodge and Roll","Sucker Punch","Dagger Throw"],"picked":"SKIP","floor":24.0},{"not_picked":["Storm of Steel","Sucker Punch","Accuracy"],"picked":"Dash+1","floor":27.0},{"not_picked":["All Out Attack","Dagger Spray","Crippling Poison","Blade Dance"],"picked":"SKIP","floor":28.0},{"not_picked":["Quick Slash","Flechettes","Heel Hook","Setup"],"picked":"SKIP","floor":29.0},{"not_picked":["Blur","Dagger Throw","Slice"],"picked":"Footwork","floor":30.0},{"not_picked":["Storm of Steel","Burst","After Image"],"picked":"Corpse Explosion","floor":33.0},{"not_picked":["PiercingWail","Underhanded Strike","Outmaneuver+1"],"picked":"Cloak And Dagger+1","floor":35.0},{"not_picked":["Dash","Concentrate","Cloak And Dagger","Bouncing Flask"],"picked":"SKIP","floor":36.0},{"not_picked":["Dagger Throw","Flying Knee","Sucker Punch","Infinite Blades+1"],"picked":"SKIP","floor":38.0},{"not_picked":["Underhanded Strike","Unload","Concentrate","Leg Sweep"],"picked":"SKIP","floor":40},{"not_picked":["Leg Sweep+1","Quick Slash","Blade Dance+1"],"picked":"Blur+1","floor":44},{"not_picked":["Flying Knee+1","Escape Plan+1","Backflip+1"],"picked":"Acrobatics+1","floor":45},{"not_picked":["Leg Sweep+1","Well Laid Plans","Cloak And Dagger+1"],"picked":"Acrobatics+1","floor":48}],"player_experience":730599,"relics_obtained":[{"floor":9.0,"key":"Question Card"},{"floor":9.0,"key":"Gremlin Horn"},{"floor":26.0,"key":"Ancient Tea Set"},{"floor":26.0,"key":"Paper Crane"},{"floor":27.0,"key":"The Courier"},{"floor":40,"key":"Toxic Egg 2"},{"floor":43,"key":"Centennial Puzzle"}],"event_choices":[{"damage_healed":0.0,"max_hp_gain":0.0,"max_hp_loss":0.0,"gold_gain":0.0,"event_name":"Scrap Ooze","player_choice":"Success","floor":5.0,"gold_loss":0.0,"damage_taken":11.0,"relics_obtained":["Matryoshka"]},{"damage_healed":0.0,"max_hp_gain":0.0,"max_hp_loss":0.0,"gold_gain":30.0,"event_name":"Dead Adventurer","player_choice":"Searched \u00273\u0027 times","floor":12.0,"gold_loss":0.0,"damage_taken":0.0,"relics_obtained":["Shuriken"]},{"damage_healed":0.0,"max_hp_gain":0.0,"max_hp_loss":3.0,"gold_gain":0.0,"event_name":"Winding Halls","player_choice":"Max HP","floor":39.0,"gold_loss":0.0,"damage_taken":0.0},{"damage_healed":47,"gold_gain":0,"player_choice":"Heal","damage_taken":0,"max_hp_gain":0,"max_hp_loss":10,"event_name":"The Moai Head","floor":41,"gold_loss":0},{"damage_healed":0,"gold_gain":0,"player_choice":"Paid Gold","damage_taken":0,"relics_obtained":["Boot"],"max_hp_gain":0,"max_hp_loss":0,"event_name":"WeMeetAgain","floor":47,"gold_loss":50}],"is_beta":false,"boss_relics":[{"not_picked":["Fusion Hammer","Runic Dome"],"picked":"Pandora\u0027s Box"},{"not_picked":["Snecko Eye","Calling Bell"],"picked":"Sozu"}],"items_purged_floors":[13,21,37],"is_endless":false,"potions_floor_spawned":[2,7,14,20,29,30,38,48],"ascension_level":16}