{"gold_per_floor":[109,109,127,151,167,167,181,181],"floor_reached":8,"playtime":519,"items_purged":[],"score":98,"play_id":"70f20d94-258e-4b68-99dc-db1fd34766fe","local_time":"20190115230745","is_ascension_mode":true,"campfire_choices":[{"data":"Neutralize","floor":6,"key":"SMITH"}],"neow_cost":"NONE","seed_source_timestamp":15279678892849,"circlet_count":0,"master_deck":["AscendersBane","Defend_G","Defend_G","Defend_G","Defend_G","Defend_G","Strike_G","Strike_G","Strike_G","Strike_G+1","Strike_G+1","Survivor","Neutralize+1","Heel Hook","Dagger Spray","Backstab"],"relics":["Ring of the Snake","Whetstone","Golden Idol"],"potions_floor_usage":[7,7],"damage_taken":[{"damage":0,"enemies":"2 Louse","floor":1,"turns":4},{"damage":4,"enemies":"Small Slimes","floor":3,"turns":7},{"damage":0,"enemies":"Jaw Worm","floor":4,"turns":4},{"damage":11,"enemies":"2 Fungi Beasts","floor":5,"turns":4},{"damage":0,"enemies":"Gremlin Gang","floor":7,"turns":3},{"damage":44,"enemies":"Lagavulin","floor":8,"turns":8}],"seed_played":"-2017988524942651012","potions_obtained":[{"floor":1,"key":"SpeedPotion"},{"floor":3,"key":"Poison Potion"},{"floor":5,"key":"Poison Potion"}],"is_trial":false,"path_per_floor":["M","?","M","M","M","R","M","E"],"character_chosen":"THE_SILENT","items_purchased":[],"campfire_rested":0,"item_purchase_floors":[],"current_hp_per_floor":[59,59,55,55,44,44,44,0],"gold":181,"neow_bonus":"RANDOM_COMMON_RELIC","is_prod":false,"is_daily":false,"chose_seed":false,"campfire_upgraded":1,"win_rate":0,"timestamp":1547582865,"path_taken":["M","?","M","M","M","R","M","E"],"build_version":"2019-01-10","purchased_purges":0,"victory":false,"max_hp_per_floor":[66,60,60,60,60,60,60,60],"card_choices":[{"not_picked":["Expertise","Acrobatics"],"picked":"Heel Hook","floor":1},{"not_picked":["Slice","Blade Dance","Endless Agony"],"picked":"SKIP","floor":3},{"not_picked":["Setup","Acrobatics"],"picked":"Dagger Spray","floor":4},{"not_picked":["Distraction","Eviscerate","Prepared"],"picked":"SKIP","floor":5},{"not_picked":["Riddle With Holes","Heel Hook"],"picked":"Backstab","floor":7}],"player_experience":467991,"relics_obtained":[],"event_choices":[{"damage_healed":0,"gold_gain":0,"player_choice":"Lose Max HP","damage_taken":0,"relics_obtained":["Golden Idol"],"max_hp_gain":0,"max_hp_loss":6,"event_name":"Golden Idol","floor":2,"gold_loss":0}],"is_beta":false,"boss_relics":[],"items_purged_floors":[],"is_endless":false,"potions_floor_spawned":[1,3,5],"killed_by":"Lagavulin","ascension_level":19}