{"gold_per_floor":[111,61,61,75,150,176,176,205,205,240,240,260,260,280,280,280],"floor_reached":16,"playtime":452,"items_purged":[],"score":179,"play_id":"e1edcde8-9a28-4c67-9d1f-bbe8f5e9db6e","local_time":"20190217230228","is_ascension_mode":true,"campfire_choices":[{"data":"Redo","floor":11,"key":"SMITH"},{"floor":13,"key":"REST"},{"data":"Genetic Algorithm","floor":15,"key":"SMITH"}],"neow_cost":"NONE","seed_source_timestamp":253367946814566,"circlet_count":0,"master_deck":["Strike_B","Strike_B","Strike_B","Defend_B","Defend_B","Defend_B","Defend_B","Zap+1","Dualcast","Stack","Redo+1","Genetic Algorithm+1","Sweeping Beam","Ball Lightning+1","FTL+1","Genetic Algorithm+1","Stack","Compile Driver+1"],"relics":["Cracked Core","NeowsBlessing","Centennial Puzzle","War Paint","Molten Egg 2","Prayer Wheel"],"potions_floor_usage":[12,14,16],"damage_taken":[{"damage":0,"enemies":"2 Louse","floor":1,"turns":1},{"damage":0,"enemies":"Jaw Worm","floor":4,"turns":1},{"damage":0,"enemies":"Lagavulin","floor":6,"turns":1},{"damage":29,"enemies":"3 Sentries","floor":8,"turns":8},{"damage":32,"enemies":"Lagavulin","floor":10,"turns":6},{"damage":2,"enemies":"Small Slimes","floor":12,"turns":2},{"damage":3,"enemies":"Gremlin Gang","floor":14,"turns":3},{"damage":21,"enemies":"The Guardian","floor":16,"turns":8}],"seed_played":"-7251243379243408663","potions_obtained":[{"floor":1,"key":"Block Potion"},{"floor":7,"key":"Weak Potion"},{"floor":7,"key":"EssenceOfSteel"},{"floor":8,"key":"Fire Potion"}],"is_trial":false,"path_per_floor":["M","?","T","M","?","E","?","E","T","E","R","M","R","M","R","B"],"character_chosen":"DEFECT","items_purchased":[],"campfire_rested":1,"item_purchase_floors":[],"current_hp_per_floor":[75,75,75,75,64,64,64,35,35,3,3,1,23,20,20,0],"gold":280,"neow_bonus":"THREE_ENEMY_KILL","is_prod":false,"is_daily":false,"chose_seed":false,"campfire_upgraded":2,"win_rate":0,"timestamp":1550415748,"path_taken":["M","?","?","M","?","E","?","E","T","E","R","M","R","M","R","BOSS"],"build_version":"2019-01-23","purchased_purges":0,"victory":false,"max_hp_per_floor":[75,75,75,75,75,75,75,75,75,75,75,75,75,75,75,75],"card_choices":[{"not_picked":["Doom and Gloom","Leap"],"picked":"Stack","floor":1},{"not_picked":["Darkness","Fusion"],"picked":"Redo","floor":4},{"not_picked":["Gash","Doom and Gloom"],"picked":"Genetic Algorithm","floor":6},{"not_picked":["Hologram","Gash"],"picked":"Sweeping Beam","floor":8},{"not_picked":["Turbo","Sweeping Beam+1"],"picked":"Ball Lightning+1","floor":10},{"not_picked":["Streamline+1","Machine Learning"],"picked":"FTL+1","floor":12},{"not_picked":["Streamline+1","Reinforced Body"],"picked":"Genetic Algorithm","floor":12},{"not_picked":["Go for the Eyes+1","Barrage+1"],"picked":"Stack","floor":14},{"not_picked":["Conserve Battery","Streamline+1"],"picked":"Compile Driver+1","floor":14}],"player_experience":219320,"relics_obtained":[{"floor":6,"key":"Centennial Puzzle"},{"floor":8,"key":"War Paint"},{"floor":9,"key":"Molten Egg 2"},{"floor":10,"key":"Prayer Wheel"}],"event_choices":[{"cards_removed":["Strike_B"],"damage_healed":0,"gold_gain":0,"player_choice":"Card Removal","damage_taken":0,"max_hp_gain":0,"max_hp_loss":0,"event_name":"The Cleric","floor":2,"gold_loss":50},{"damage_healed":0,"gold_gain":75,"player_choice":"Gather Gold","damage_taken":11,"max_hp_gain":0,"max_hp_loss":0,"event_name":"World of Goop","floor":5,"gold_loss":0},{"damage_healed":0,"gold_gain":0,"player_choice":"Got Potions","damage_taken":0,"max_hp_gain":0,"max_hp_loss":0,"event_name":"Lab","floor":7,"gold_loss":0}],"is_beta":false,"boss_relics":[],"items_purged_floors":[],"is_endless":false,"potions_floor_spawned":[1,8],"killed_by":"The Guardian","ascension_level":5}