{"gold_per_floor":[116,116,19,19,37,37,57,57,57,11,30,30,48,63,63,189,189,189],"floor_reached":18,"playtime":719,"items_purged":[],"score":182,"play_id":"eced17dd-ea1a-4ed5-b60e-62e9c6cfb133","local_time":"20190106172720","is_ascension_mode":true,"campfire_choices":[{"data":"Forethought","floor":6,"key":"SMITH"},{"data":"Sucker Punch","floor":8,"key":"SMITH"},{"data":"Predator","floor":12,"key":"SMITH"},{"data":"Enlightenment","floor":15,"key":"SMITH"}],"neow_cost":"CURSE","seed_source_timestamp":18805917333587,"circlet_count":0,"master_deck":["Defend_G","Defend_G","Defend_G","Defend_G","Defend_G","Strike_G","Strike_G","Strike_G","Strike_G","Strike_G","Survivor","Neutralize","Forethought+1","Enlightenment+1","Dodge and Roll","Well Laid Plans","Dodge and Roll","Skewer","Sucker Punch+1","PiercingWail","Predator+1","Dash","Terror","Corpse Explosion"],"relics":["Ring of the Snake","Golden Idol","Ninja Scroll","White Beast Statue"],"potions_floor_usage":[11,16,18],"damage_taken":[{"damage":10,"enemies":"Small Slimes","floor":1,"turns":5},{"damage":0,"enemies":"2 Louse","floor":5,"turns":4},{"damage":1,"enemies":"Jaw Worm","floor":7,"turns":6},{"damage":0,"enemies":"Exordium Wildlife","floor":11,"turns":3},{"damage":0,"enemies":"Blue Slaver","floor":13,"turns":3},{"damage":1,"enemies":"Red Slaver","floor":14,"turns":4},{"damage":17,"enemies":"The Guardian","floor":16,"turns":12},{"damage":0,"enemies":"Spheric Guardian","floor":18,"turns":3}],"seed_played":"5822267731118298009","potions_obtained":[{"floor":5,"key":"GamblersBrew"},{"floor":7,"key":"Weak Potion"},{"floor":11,"key":"Fruit Juice"}],"is_trial":false,"path_per_floor":["M","?","$","?","M","R","M","R","T","$","M","R","M","M","R","B",null,"M"],"character_chosen":"THE_SILENT","items_purchased":["Well Laid Plans","Dodge and Roll","PiercingWail"],"campfire_rested":0,"item_purchase_floors":[3,3,10],"current_hp_per_floor":[60,53,53,36,36,36,35,35,35,35,40,40,40,39,39,22,75,75],"gold":189,"neow_bonus":"RANDOM_COLORLESS_2","is_prod":false,"is_daily":false,"chose_seed":false,"campfire_upgraded":4,"win_rate":0,"timestamp":1546784840,"path_taken":["M","?","$","?","M","R","M","R","T","?","?","R","M","M","R","BOSS","M"],"build_version":"2019-01-03v4","purchased_purges":0,"victory":false,"max_hp_per_floor":[70,70,70,70,70,70,70,70,70,70,75,75,75,75,75,75,75,75],"card_choices":[{"not_picked":["Expertise","Riddle With Holes"],"picked":"Dodge and Roll","floor":1},{"not_picked":["Masterful Stab","Cloak And Dagger"],"picked":"Skewer","floor":5},{"not_picked":["Distraction","Masterful Stab"],"picked":"Sucker Punch","floor":7},{"not_picked":["Cloak And Dagger","Well Laid Plans"],"picked":"Predator","floor":11},{"not_picked":["Terror","Blade Dance"],"picked":"Dash","floor":13},{"not_picked":["Poisoned Stab","Bane"],"picked":"Terror","floor":14},{"not_picked":["Malaise","Die Die Die"],"picked":"Corpse Explosion","floor":16}],"player_experience":391267,"relics_obtained":[{"floor":9,"key":"Ninja Scroll"}],"event_choices":[{"cards_removed":["Shame"],"damage_healed":0,"gold_gain":0,"player_choice":"Card Removal","damage_taken":7,"max_hp_gain":0,"max_hp_loss":0,"event_name":"Golden Wing","floor":2,"gold_loss":0},{"damage_healed":0,"gold_gain":0,"player_choice":"Take Damage","damage_taken":17,"relics_obtained":["Golden Idol"],"max_hp_gain":0,"max_hp_loss":0,"event_name":"Golden Idol","floor":4,"gold_loss":0}],"is_beta":false,"boss_relics":[{"not_picked":["Black Star","Empty Cage"],"picked":"White Beast Statue"}],"items_purged_floors":[],"is_endless":false,"potions_floor_spawned":[5,7,11],"killed_by":"Spheric Guardian","ascension_level":4}