{"gold_per_floor":[365,365,378,378,394,394,469,482,482,482,500,511,511,511,511,610,610,629,639,538,538,550,550,570,570,597,597,617,617,650,667,667,763,763,773,773,784,784,802,802,802,802,826,826,826,837,837,869,869,869,869,869,40,66,66],"floor_reached":56,"playtime":2611,"items_purged":["Strike_R","Seeing Red"],"score":1362,"play_id":"f2af0c00-3277-44ea-9816-e52e095e32ca","local_time":"20190224133753","is_ascension_mode":false,"campfire_choices":[{"data":"Searing Blow","floor":6.0,"key":"SMITH"},{"data":"Searing Blow+1","floor":10.0,"key":"SMITH"},{"data":"Uppercut","floor":13.0,"key":"SMITH"},{"data":"Searing Blow+2","floor":15.0,"key":"SMITH"},{"data":"Armaments","floor":23.0,"key":"SMITH"},{"data":"Searing Blow+3","floor":25.0,"key":"SMITH"},{"data":"Searing Blow+4","floor":27.0,"key":"SMITH"},{"data":"Searing Blow+5","floor":29.0,"key":"SMITH"},{"data":"Searing Blow+6","floor":32.0,"key":"SMITH"},{"data":"Searing Blow+7","floor":40.0,"key":"SMITH"},{"data":"Searing Blow+8","floor":42.0,"key":"SMITH"},{"data":"Searing Blow+9","floor":44.0,"key":"SMITH"},{"floor":49.0,"key":"RECALL"},{"data":"Searing Blow+10","floor":52.0,"key":"SMITH"}],"neow_cost":"TEN_PERCENT_HP_LOSS","seed_source_timestamp":44709178592467,"circlet_count":0,"master_deck":["Defend_R","Defend_R","Defend_R","Defend_R+1","Uppercut+1","Searing Blow+11","Battle Trance","Inflame+1","Feed","Armaments+1","Clothesline","Shrug It Off+1","Dual Wield","Metallicize+1"],"special_seed":0,"relics":["Burning Blood","Frozen Egg 2","FossilizedHelix","Busted Crown","Happy Flower","Juzu Bracelet","Velvet Choker","Art of War","Turnip","Oddly Smooth Stone","Nunchaku","Sling","Mango"],"potions_floor_usage":[55,55],"damage_taken":[{"damage":0.0,"enemies":"2 Louse","floor":1.0,"turns":3.0},{"damage":7.0,"enemies":"Small Slimes","floor":3.0,"turns":4.0},{"damage":1.0,"enemies":"Cultist","floor":5.0,"turns":4.0},{"damage":9.0,"enemies":"2 Fungi Beasts","floor":8.0,"turns":4.0},{"damage":1.0,"enemies":"Exordium Thugs","floor":11.0,"turns":4.0},{"damage":3.0,"enemies":"Blue Slaver","floor":12.0,"turns":3.0},{"damage":16.0,"enemies":"Slime Boss","floor":16.0,"turns":7.0},{"damage":12.0,"enemies":"2 Thieves","floor":18.0,"turns":4.0},{"damage":0.0,"enemies":"Chosen","floor":19.0,"turns":3.0},{"damage":7.0,"enemies":"3 Cultists","floor":22.0,"turns":5.0},{"damage":0.0,"enemies":"Sentry and Sphere","floor":24.0,"turns":5.0},{"damage":15.0,"enemies":"Snake Plant","floor":28.0,"turns":3.0},{"damage":2.0,"enemies":"Gremlin Leader","floor":30.0,"turns":6.0},{"damage":0.0,"enemies":"3 Cultists","floor":31.0,"turns":4.0},{"damage":56.0,"enemies":"Collector","floor":33.0,"turns":8.0},{"damage":0.0,"enemies":"3 Shapes","floor":35.0,"turns":5.0},{"damage":11.0,"enemies":"3 Darklings","floor":37.0,"turns":5.0},{"damage":0.0,"enemies":"Maw","floor":39.0,"turns":8.0},{"damage":1.0,"enemies":"Spire Growth","floor":46.0,"turns":3.0},{"damage":0.0,"enemies":"Giant Head","floor":48.0,"turns":5.0},{"damage":34.0,"enemies":"Awakened One","floor":50.0,"turns":11.0},{"damage":10.0,"enemies":"Shield and Spear","floor":54.0,"turns":3.0},{"damage":38,"enemies":"The Heart","floor":55,"turns":9}],"seed_played":"-6942656225921052158","potions_obtained":[{"floor":1.0,"key":"BloodPotion"},{"floor":8.0,"key":"Ancient Potion"},{"floor":12.0,"key":"SkillPotion"},{"floor":22.0,"key":"Energy Potion"},{"floor":24.0,"key":"EssenceOfSteel"},{"floor":30.0,"key":"AttackPotion"},{"floor":31.0,"key":"Poison Potion"},{"floor":33.0,"key":"GamblersBrew"},{"floor":39.0,"key":"Weak Potion"},{"floor":48.0,"key":"Block Potion"}],"is_trial":false,"path_per_floor":["M","?","M","?","M","R","?","M","T","R","M","M","R","?","R","B",null,"M","M","$","?","M","R","M","R","T","R","M","R","E","M","R","B",null,"M","?","M","?","M","R","?","R","T","R","T","M","?","E","R","B",null,"R","$","E","B",null],"character_chosen":"IRONCLAD","items_purchased":["Armaments","Metallicize+1","Oddly Smooth Stone","Nunchaku","Sling"],"campfire_rested":0,"item_purchase_floors":[20,53,53,53,53],"current_hp_per_floor":[72,58,57,57,62,62,55,52,52,52,57,60,60,60,60,50,72,69,78,78,78,80,80,85,85,85,85,80,80,88,97,97,47,97,97,97,92,92,101,101,91,91,91,91,91,100,100,105,105,81,109,109,109,119,87],"gold":66,"neow_bonus":"TWO_FIFTY_GOLD","is_prod":false,"is_daily":false,"chose_seed":false,"campfire_upgraded":13,"win_rate":0,"timestamp":1551004673,"path_taken":["M","?","M","?","M","R","?","M","T","R","M","?","R","?","R","BOSS","M","M","$","?","M","R","M","R","T","R","M","R","E","M","R","BOSS","M","?","M","?","M","R","?","R","T","R","?","M","?","E","R","BOSS","R","$","E","BOSS"],"build_version":"2019-01-23","purchased_purges":2,"victory":true,"max_hp_per_floor":[72,72,72,72,72,72,72,72,72,72,72,72,72,72,72,72,72,75,78,78,78,81,81,85,85,85,85,89,89,93,97,97,97,97,97,97,97,97,101,101,101,101,101,101,101,105,105,105,105,109,109,109,109,123,123],"card_choices":[{"not_picked":["Pommel Strike","True Grit"],"picked":"Uppercut","floor":1.0},{"not_picked":["Flex","Anger"],"picked":"Searing Blow","floor":3.0},{"not_picked":["Headbutt","Heavy Blade","Reckless Charge"],"picked":"SKIP","floor":5.0},{"not_picked":["Impervious","Clothesline","Feel No Pain"],"picked":"SKIP","floor":8.0},{"not_picked":["Entrench","Cleave"],"picked":"Battle Trance","floor":11.0},{"not_picked":["Shrug It Off","Thunderclap"],"picked":"Inflame+1","floor":12.0},{"not_picked":["Demon Form+1","Double Tap"],"picked":"Feed","floor":16.0},{"not_picked":["Evolve+1"],"picked":"SKIP","floor":18.0},{"not_picked":["Intimidate+1"],"picked":"SKIP","floor":19.0},{"not_picked":["Blood for Blood"],"picked":"SKIP","floor":22.0},{"not_picked":["Anger"],"picked":"SKIP","floor":24.0},{"not_picked":[],"picked":"Shrug It Off+1","floor":28.0},{"not_picked":["Heavy Blade"],"picked":"SKIP","floor":30.0},{"not_picked":["Fire Breathing+1"],"picked":"SKIP","floor":31.0},{"not_picked":["Burning Pact"],"picked":"SKIP","floor":35.0},{"not_picked":["Clothesline+1"],"picked":"SKIP","floor":37.0},{"not_picked":["Perfected Strike+1"],"picked":"SKIP","floor":39.0},{"not_picked":[],"picked":"Dual Wield","floor":46.0},{"not_picked":["Uppercut"],"picked":"SKIP","floor":48.0},{"not_picked":["Flex+1"],"picked":"SKIP","floor":54.0}],"player_experience":868272,"relics_obtained":[{"floor":9.0,"key":"Frozen Egg 2"},{"floor":14.0,"key":"FossilizedHelix"},{"floor":26.0,"key":"Happy Flower"},{"floor":30.0,"key":"Juzu Bracelet"},{"floor":43.0,"key":"Art of War"},{"floor":48.0,"key":"Turnip"},{"floor":54.0,"key":"Mango"}],"event_choices":[{"damage_healed":0.0,"max_hp_gain":0.0,"max_hp_loss":0.0,"gold_gain":0.0,"event_name":"Shining Light","player_choice":"Entered Light","floor":2.0,"gold_loss":0.0,"damage_taken":14.0,"cards_upgraded":["Strike_R","Defend_R"]},{"cards_removed":["Strike_R"],"damage_healed":0.0,"max_hp_gain":0.0,"max_hp_loss":0.0,"gold_gain":0.0,"event_name":"Living Wall","player_choice":"Forget","floor":4.0,"gold_loss":0.0,"damage_taken":0.0},{"damage_healed":0.0,"max_hp_gain":0.0,"max_hp_loss":0.0,"gold_gain":75.0,"event_name":"FaceTrader","player_choice":"Touch","floor":7.0,"gold_loss":0.0,"damage_taken":7.0},{"damage_healed":0.0,"max_hp_gain":0.0,"max_hp_loss":0.0,"gold_gain":0.0,"event_name":"Wheel of Change","player_choice":"Relic","floor":14.0,"gold_loss":0.0,"damage_taken":0.0},{"damage_healed":0.0,"max_hp_gain":0.0,"max_hp_loss":0.0,"gold_gain":0.0,"cards_transformed":["Strike_R","Strike_R"],"event_name":"Drug Dealer","player_choice":"Became Test Subject","floor":21.0,"gold_loss":0.0,"damage_taken":0.0,"cards_obtained":["Clothesline","Seeing Red"]},{"damage_healed":0.0,"max_hp_gain":0.0,"max_hp_loss":0.0,"gold_gain":0.0,"event_name":"Tomb of Lord Red Mask","player_choice":"Ignored","floor":36.0,"gold_loss":0.0,"damage_taken":0.0},{"cards_removed":["Strike_R"],"damage_healed":0.0,"max_hp_gain":0.0,"max_hp_loss":0.0,"gold_gain":0.0,"event_name":"Bonfire Elementals","player_choice":"Offered Basic","floor":38.0,"gold_loss":0.0,"damage_taken":0.0},{"damage_healed":0.0,"max_hp_gain":0.0,"max_hp_loss":0.0,"gold_gain":0.0,"event_name":"SensoryStone","player_choice":"Memory 3","floor":41.0,"gold_loss":0.0,"damage_taken":10.0},{"cards_removed":["Bash"],"damage_healed":0.0,"max_hp_gain":0.0,"max_hp_loss":0.0,"gold_gain":0.0,"event_name":"Falling","player_choice":"Removed Attack","floor":47.0,"gold_loss":0.0,"damage_taken":0.0}],"is_beta":false,"boss_relics":[{"not_picked":["White Beast Statue","Coffee Dripper"],"picked":"Busted Crown"},{"not_picked":["Tiny House","Sozu"],"picked":"Velvet Choker"}],"items_purged_floors":[20,53],"is_endless":false,"potions_floor_spawned":[1,8,12,22,24,30,31,33,39,48,54],"ascension_level":0}