{"gold_per_floor":[109,120,131,142,160,160,174,99,99,109,109,109,124,157,157,258,258,271,171,188,188,203,203,203],"floor_reached":24,"playtime":1826,"items_purged":["Defend_B","Strike_B"],"score":202,"play_id":"b721ab1d-896e-48f1-a4de-5364ffb2b5d9","local_time":"20181210215909","is_ascension_mode":false,"campfire_choices":[{"data":"Zap","floor":6.0,"key":"SMITH"},{"data":"Dualcast","floor":12.0,"key":"SMITH"},{"floor":15.0,"key":"REST"},{"floor":23,"key":"REST"}],"neow_cost":"NONE","seed_source_timestamp":10140918739534,"circlet_count":0,"master_deck":["Strike_B","Strike_B","Defend_B","Defend_B","Defend_B","Zap+1","Dualcast+1","Reprogram","Beam Cell","Conserve Battery","Hologram","Capacitor","Leap","Hologram","Coolheaded","BootSequence","Machine Learning","Reinforced Body+1","Conserve Battery+1"],"special_seed":0,"relics":["Cracked Core","Cables","Orichalcum","Nuclear Battery"],"potions_floor_usage":[],"damage_taken":[{"damage":1.0,"enemies":"Cultist","floor":1.0,"turns":4.0},{"damage":2.0,"enemies":"2 Louse","floor":2.0,"turns":3.0},{"damage":0.0,"enemies":"Small Slimes","floor":3.0,"turns":3.0},{"damage":7.0,"enemies":"Blue Slaver","floor":4.0,"turns":4.0},{"damage":8.0,"enemies":"Gremlin Gang","floor":5.0,"turns":4.0},{"damage":0.0,"enemies":"Looter","floor":7.0,"turns":3.0},{"damage":12.0,"enemies":"Large Slime","floor":10.0,"turns":6.0},{"damage":2.0,"enemies":"Red Slaver","floor":13.0,"turns":4.0},{"damage":35.0,"enemies":"Gremlin Nob","floor":14.0,"turns":5.0},{"damage":23.0,"enemies":"The Guardian","floor":16.0,"turns":13.0},{"damage":34.0,"enemies":"3 Byrds","floor":18.0,"turns":7.0},{"damage":2.0,"enemies":"Shell Parasite","floor":20.0,"turns":8.0},{"damage":5,"enemies":"Colosseum Slavers","floor":21,"turns":7},{"damage":29,"enemies":"Chosen and Byrds","floor":22,"turns":12},{"damage":34,"enemies":"3 Cultists","floor":24,"turns":7}],"seed_played":"8173712842103475225","potions_obtained":[{"floor":2.0,"key":"EssenceOfSteel"},{"floor":7.0,"key":"SkillPotion"},{"floor":10.0,"key":"GamblersBrew"},{"floor":13.0,"key":"Energy Potion"},{"floor":14.0,"key":"AttackPotion"},{"floor":18.0,"key":"FearPotion"}],"is_trial":false,"path_per_floor":["M","M","M","M","M","R","M","$","T","M","?","R","M","E","R","B",null,"M","$","M","?","M","R","M"],"character_chosen":"DEFECT","items_purchased":[],"campfire_rested":2,"item_purchase_floors":[],"current_hp_per_floor":[74,72,72,65,57,57,57,57,57,45,45,45,43,8,30,7,75,41,41,39,34,5,27,0],"gold":203,"neow_bonus":"TRANSFORM_CARD","is_prod":false,"is_daily":false,"chose_seed":false,"campfire_upgraded":2,"win_rate":0,"timestamp":1544468349,"path_taken":["M","M","M","M","M","R","M","$","T","M","?","R","M","E","R","BOSS","M","$","?","?","M","R","M"],"build_version":"2018-12-06","purchased_purges":2,"victory":false,"max_hp_per_floor":[75,75,75,75,75,75,75,75,75,75,75,75,75,75,75,75,75,75,75,75,75,75,75,75],"card_choices":[{"not_picked":["Turbo","Sweeping Beam"],"picked":"Beam Cell","floor":1.0},{"not_picked":["Double Energy","Streamline"],"picked":"Conserve Battery","floor":2.0},{"not_picked":["Cold Snap","Go for the Eyes"],"picked":"Hologram","floor":3.0},{"not_picked":["Genetic Algorithm","Biased Cognition"],"picked":"Capacitor","floor":4.0},{"not_picked":["Barrage","Gash"],"picked":"Leap","floor":5.0},{"not_picked":["Fusion","Streamline"],"picked":"Hologram","floor":7.0},{"not_picked":["Doom and Gloom","Compile Driver"],"picked":"Coolheaded","floor":10.0},{"not_picked":["Compile Driver","Capacitor"],"picked":"BootSequence","floor":13.0},{"not_picked":["Heatsinks","All For One","Turbo"],"picked":"SKIP","floor":14.0},{"not_picked":["Amplify","All For One"],"picked":"Machine Learning","floor":16.0},{"not_picked":["Go for the Eyes","Melter"],"picked":"Reinforced Body+1","floor":18.0},{"not_picked":["Rebound","Ball Lightning","BootSequence"],"picked":"SKIP","floor":20.0},{"not_picked":["Sweeping Beam+1","Scrape"],"picked":"Conserve Battery+1","floor":22}],"player_experience":291071,"relics_obtained":[{"floor":14.0,"key":"Orichalcum"}],"event_choices":[{"damage_healed":0.0,"max_hp_gain":0.0,"max_hp_loss":0.0,"gold_gain":0.0,"event_name":"WeMeetAgain","player_choice":"Gave Potion","floor":11.0,"gold_loss":0.0,"damage_taken":0.0,"relics_obtained":["Cables"]},{"damage_healed":0,"gold_gain":0,"player_choice":"Fight","damage_taken":0,"max_hp_gain":0,"max_hp_loss":0,"event_name":"Colosseum","floor":21,"gold_loss":0},{"damage_healed":0,"gold_gain":0,"player_choice":"Fled From Nobs","damage_taken":0,"max_hp_gain":0,"max_hp_loss":0,"event_name":"Colosseum","floor":21,"gold_loss":0}],"is_beta":false,"boss_relics":[{"not_picked":["Runic Pyramid","Philosopher\u0027s Stone"],"picked":"Nuclear Battery"}],"items_purged_floors":[8,19],"is_endless":false,"potions_floor_spawned":[2,7,10,13,14,18],"killed_by":"3 Cultists","ascension_level":0}