{"gold_per_floor":[110,110,31,48,66,66,41,41,87,87,117,39,39,56,56,152,152,162,162,162,178,26,26,26,45,69,82,7,7,7,24,24,119,119,131,147,147,1146,1171,1171,1198,1198,1223,1255,1265,1275,1275,1275,1275,1275],"floor_reached":51,"playtime":2714,"items_purged":["Pain"],"score":954,"play_id":"0efecbe3-80ae-4c5a-8ad7-85f295b37996","local_time":"20190502093455","is_ascension_mode":true,"campfire_choices":[{"data":"Chill","floor":6,"key":"SMITH"},{"floor":8,"key":"REST"},{"data":"Cold Snap","floor":10,"key":"SMITH"},{"data":"Chill","floor":15,"key":"SMITH"},{"floor":23,"key":"REST"},{"floor":30,"key":"REST"},{"data":"Dualcast","floor":32,"key":"SMITH"},{"floor":40,"key":"REST"},{"floor":42,"key":"REST"},{"floor":47,"key":"REST"},{"floor":49,"key":"REST"}],"neow_cost":"NONE","seed_source_timestamp":5578914030093,"circlet_count":0,"master_deck":["Strike_B","Strike_B","Strike_B","Defend_B","Defend_B","Defend_B","Defend_B","Zap","Dualcast+1","Writhe","Regret","Clumsy","Steam","Defragment+1","Core Surge","Chill+1","Cold Snap+1","Conserve Battery+1","Static Discharge+1","Chill+1","Rainbow","Glacier","Stack+1","Creative AI+1","Defragment+1","Chill+1","Reboot","Sweeping Beam+1","Buffer+1","Sunder+1","Coolheaded+1","Go for the Eyes+1","Redo+1","Madness","Madness"],"relics":["Calling Bell","DataDisk","Frozen Egg 2","Gambling Chip","WarpedTongs","Centennial Puzzle","Regal Pillow","Velvet Choker","Enchiridion","Omamori","Snecko Eye","Ancient Tea Set","Pen Nib","Bronze Scales","Lantern"],"potions_floor_usage":[16,50,50,50],"damage_taken":[{"damage":10,"enemies":"Small Slimes","floor":1,"turns":4},{"damage":5,"enemies":"Cultist","floor":4,"turns":4},{"damage":6,"enemies":"2 Louse","floor":5,"turns":3},{"damage":17,"enemies":"Lagavulin","floor":11,"turns":7},{"damage":10,"enemies":"2 Fungi Beasts","floor":14,"turns":5},{"damage":17,"enemies":"Hexaghost","floor":16,"turns":11},{"damage":11,"enemies":"Shell Parasite","floor":18,"turns":4},{"damage":12,"enemies":"3 Byrds","floor":21,"turns":3},{"damage":7,"enemies":"Snake Plant","floor":25,"turns":5},{"damage":31,"enemies":"3 Cultists","floor":27,"turns":8},{"damage":4,"enemies":"Chosen and Byrds","floor":31,"turns":6},{"damage":28,"enemies":"Collector","floor":33,"turns":11},{"damage":20,"enemies":"3 Darklings","floor":35,"turns":9},{"damage":6,"enemies":"3 Shapes","floor":36,"turns":9},{"damage":44,"enemies":"Nemesis","floor":41,"turns":9},{"damage":1,"enemies":"Reptomancer","floor":44,"turns":7},{"damage":12,"enemies":"3 Darklings","floor":45,"turns":6},{"damage":12,"enemies":"Writhing Mass","floor":46,"turns":5},{"damage":46,"enemies":"Awakened One","floor":50,"turns":18}],"seed_played":"803940244522728921","potions_obtained":[{"floor":1,"key":"Fire Potion"},{"floor":11,"key":"SpeedPotion"},{"floor":16,"key":"Fire Potion"},{"floor":25,"key":"FearPotion"},{"floor":35,"key":"Fire Potion"}],"is_trial":false,"path_per_floor":["M","?","$","M","M","R","$","R","T","R","E","$","?","M","R","B",null,"M","?","?","M","$","R","?","M","T","M","$","?","R","M","R","B",null,"M","M","?","?","T","R","E","R","T","E","M","M","R","?","R","B",null],"character_chosen":"DEFECT","items_purchased":["Defragment+1","Cold Snap","Static Discharge+1","Creative AI+1"],"campfire_rested":7,"item_purchase_floors":[3,7,12,22],"current_hp_per_floor":[58,58,58,53,47,47,47,69,69,69,52,52,52,42,42,25,63,52,38,22,10,10,49,49,42,42,11,11,11,50,46,46,18,65,45,39,39,39,39,78,34,73,73,72,60,48,80,70,80,34],"gold":1275,"neow_bonus":"BOSS_RELIC","is_prod":false,"is_daily":false,"chose_seed":false,"campfire_upgraded":4,"win_rate":0,"timestamp":1556782495,"path_taken":["M","?","$","M","M","R","$","R","T","R","E","$","?","M","R","BOSS","M","?","?","M","$","R","?","M","T","?","$","?","R","M","R","BOSS","M","M","?","?","?","R","E","R","T","E","?","?","R","?","R","BOSS"],"build_version":"2019-01-23","purchased_purges":1,"victory":true,"max_hp_per_floor":[75,75,75,75,75,75,75,75,75,75,75,75,75,75,75,75,75,75,80,80,80,80,80,80,80,80,80,80,80,80,80,80,80,80,80,80,80,80,80,80,80,80,80,80,80,80,80,80,80,80],"card_choices":[{"not_picked":["Tempest","Barrage"],"picked":"Steam","floor":1},{"not_picked":["Stack","Hologram"],"picked":"Core Surge","floor":4},{"not_picked":["Conserve Battery","Leap"],"picked":"Chill","floor":5},{"not_picked":["Turbo","Rebound"],"picked":"Conserve Battery","floor":11},{"not_picked":["Streamline","Steam"],"picked":"Chill","floor":14},{"not_picked":["Thunder Strike","Multi-Cast"],"picked":"Rainbow","floor":16},{"not_picked":["Sweeping Beam","Conserve Battery"],"picked":"Glacier","floor":18},{"not_picked":["Compile Driver","Gash+1"],"picked":"Stack+1","floor":21},{"not_picked":["Leap","Steam"],"picked":"Chill+1","floor":25},{"not_picked":["Coolheaded","Stack","Consume"],"picked":"SKIP","floor":27},{"not_picked":["Coolheaded","Conserve Battery"],"picked":"Sweeping Beam+1","floor":31},{"not_picked":["Amplify","Fission"],"picked":"Buffer+1","floor":33},{"not_picked":["Steam","Steam Power","Sweeping Beam"],"picked":"SKIP","floor":35},{"not_picked":["Ball Lightning","Lockon+1"],"picked":"Sunder+1","floor":36},{"not_picked":["Hyperbeam","Compile Driver+1"],"picked":"Coolheaded+1","floor":41},{"not_picked":["Tempest","Rip and Tear"],"picked":"Go for the Eyes+1","floor":44},{"not_picked":["Compile Driver+1","Streamline"],"picked":"Redo+1","floor":45},{"not_picked":["Sweeping Beam","Creative AI+1","Steam"],"picked":"SKIP","floor":46}],"player_experience":540084,"relics_obtained":[{"floor":0,"key":"DataDisk"},{"floor":0,"key":"Frozen Egg 2"},{"floor":0,"key":"Gambling Chip"},{"floor":9,"key":"Centennial Puzzle"},{"floor":11,"key":"Regal Pillow"},{"floor":20,"key":"Enchiridion"},{"floor":26,"key":"Omamori"},{"floor":39,"key":"Ancient Tea Set"},{"floor":41,"key":"Pen Nib"},{"floor":43,"key":"Bronze Scales"},{"floor":44,"key":"Lantern"}],"event_choices":[{"damage_healed":0,"gold_gain":0,"player_choice":"Rummage","damage_taken":0,"relics_obtained":["WarpedTongs"],"max_hp_gain":0,"max_hp_loss":0,"event_name":"Accursed Blacksmith","floor":2,"gold_loss":0,"cards_obtained":["Pain"]},{"damage_healed":0,"gold_gain":0,"player_choice":"Grow","damage_taken":0,"max_hp_gain":0,"max_hp_loss":0,"event_name":"Living Wall","floor":13,"gold_loss":0,"cards_upgraded":["Conserve Battery"]},{"damage_healed":0,"gold_gain":0,"player_choice":"Shed Blood","damage_taken":19,"max_hp_gain":5,"max_hp_loss":0,"event_name":"Forgotten Altar","floor":19,"gold_loss":0},{"damage_healed":0,"gold_gain":0,"player_choice":"Obtained Book","damage_taken":16,"max_hp_gain":0,"max_hp_loss":0,"event_name":"Cursed Tome","floor":20,"gold_loss":0},{"damage_healed":0,"gold_gain":0,"player_choice":"Copied","damage_taken":0,"max_hp_gain":0,"max_hp_loss":0,"event_name":"Duplicator","floor":24,"gold_loss":0,"cards_obtained":["Defragment"]},{"damage_healed":0,"gold_gain":0,"cards_transformed":["Strike_B"],"player_choice":"Transformed","damage_taken":0,"max_hp_gain":0,"max_hp_loss":0,"event_name":"Transmorgrifier","floor":29,"gold_loss":0,"cards_obtained":["Reboot"]},{"damage_healed":0,"gold_gain":0,"player_choice":"Ignored","damage_taken":0,"max_hp_gain":0,"max_hp_loss":0,"event_name":"The Moai Head","floor":37,"gold_loss":0},{"damage_healed":0,"gold_gain":999,"player_choice":"Gold","damage_taken":0,"max_hp_gain":0,"max_hp_loss":0,"event_name":"MindBloom","floor":38,"gold_loss":0,"cards_obtained":["Normality","Normality"]},{"damage_healed":0,"gold_gain":0,"player_choice":"Embrace Madness","damage_taken":10,"max_hp_gain":0,"max_hp_loss":0,"event_name":"Winding Halls","floor":48,"gold_loss":0,"cards_obtained":["Madness","Madness"]}],"is_beta":false,"boss_relics":[{"not_picked":["Runic Dome","Tiny House"],"picked":"Velvet Choker"},{"not_picked":["Black Star","Runic Pyramid"],"picked":"Snecko Eye"}],"items_purged_floors":[28],"is_endless":false,"potions_floor_spawned":[1,11,16,25,35,46],"ascension_level":7}