{"gold_per_floor":[113,129,129,140,215,215,231,231,231,231,231,251,270,270],"floor_reached":14,"playtime":531,"items_purged":[],"score":94,"play_id":"c5139861-0b91-4e12-a590-6130ea047505","local_time":"20190106010147","is_ascension_mode":true,"campfire_choices":[{"data":"Phantasmal Killer","floor":6,"key":"SMITH"},{"data":"Setup","floor":8,"key":"SMITH"},{"floor":10,"key":"REST"}],"neow_cost":"NONE","seed_source_timestamp":15609463280632,"circlet_count":0,"master_deck":["Defend_G+1","Defend_G","Defend_G","Defend_G+1","Defend_G","Strike_G","Strike_G","Strike_G","Strike_G","Strike_G","Survivor","Neutralize","Caltrops","PiercingWail","Setup+1","Phantasmal Killer+1","Acrobatics","Caltrops"],"relics":["Ring of the Snake","Darkstone Periapt","Dodecahedron"],"potions_floor_usage":[12,14],"damage_taken":[{"damage":1,"enemies":"Small Slimes","floor":1,"turns":4},{"damage":2,"enemies":"Cultist","floor":2,"turns":5},{"damage":3,"enemies":"2 Louse","floor":4,"turns":3},{"damage":16,"enemies":"Exordium Thugs","floor":7,"turns":6},{"damage":0,"enemies":"Lots of Slimes","floor":12,"turns":5},{"damage":9,"enemies":"Blue Slaver","floor":13,"turns":6},{"damage":25,"enemies":"Gremlin Nob","floor":14,"turns":4}],"seed_played":"9019937891602947448","potions_obtained":[{"floor":2,"key":"Ancient Potion"},{"floor":4,"key":"GamblersBrew"},{"floor":12,"key":"Block Potion"}],"is_trial":false,"path_per_floor":["M","M","?","M","?","R","M","R","T","R","?","M","M","E"],"character_chosen":"THE_SILENT","items_purchased":[],"campfire_rested":1,"item_purchase_floors":[],"current_hp_per_floor":[69,67,55,52,41,41,25,25,25,46,32,32,23,0],"gold":270,"neow_bonus":"THREE_CARDS","is_prod":false,"is_daily":false,"chose_seed":false,"campfire_upgraded":2,"win_rate":0,"timestamp":1546725707,"path_taken":["M","M","?","M","?","R","M","R","T","R","?","M","M","E"],"build_version":"2019-01-03v4","purchased_purges":0,"victory":false,"max_hp_per_floor":[70,70,70,70,70,70,70,70,70,70,70,70,70,70],"card_choices":[{"not_picked":["Prepared","Sucker Punch"],"picked":"Caltrops","floor":0},{"not_picked":["Underhanded Strike","Prepared"],"picked":"PiercingWail","floor":1},{"not_picked":["Prepared","Poisoned Stab"],"picked":"Setup","floor":2},{"not_picked":["Outmaneuver","Deflect"],"picked":"Phantasmal Killer","floor":4},{"not_picked":["Calculated Gamble","Skewer","Acrobatics"],"picked":"SKIP","floor":7},{"not_picked":["Dagger Throw","Slice"],"picked":"Acrobatics","floor":12},{"not_picked":["Riddle With Holes","Endless Agony"],"picked":"Caltrops","floor":13}],"player_experience":384705,"relics_obtained":[{"floor":9,"key":"Dodecahedron"}],"event_choices":[{"damage_healed":0,"gold_gain":0,"player_choice":"Success","damage_taken":12,"relics_obtained":["Darkstone Periapt"],"max_hp_gain":0,"max_hp_loss":0,"event_name":"Scrap Ooze","floor":3,"gold_loss":0},{"damage_healed":0,"gold_gain":75,"player_choice":"Gather Gold","damage_taken":11,"max_hp_gain":0,"max_hp_loss":0,"event_name":"World of Goop","floor":5,"gold_loss":0},{"damage_healed":0,"gold_gain":0,"player_choice":"Entered Light","damage_taken":14,"max_hp_gain":0,"max_hp_loss":0,"event_name":"Shining Light","floor":11,"gold_loss":0,"cards_upgraded":["Defend_G","Defend_G"]}],"is_beta":false,"boss_relics":[],"items_purged_floors":[],"is_endless":false,"potions_floor_spawned":[2,4,12],"killed_by":"Gremlin Nob","ascension_level":3}