{"gold_per_floor":[115,127,147,159,170,170,198,198,198,212,244,263,273,73,73,171,171,184,194,204,221,237,237],"floor_reached":23,"playtime":1649,"items_purged":[],"score":261,"play_id":"b5625dd8-6e2e-4619-bb6b-6879bcbded64","local_time":"20190106013134","is_ascension_mode":false,"campfire_choices":[{"data":"Loop","floor":6,"key":"SMITH"},{"data":"Zap","floor":8,"key":"SMITH"},{"floor":15,"key":"REST"}],"neow_cost":"NONE","seed_source_timestamp":188843705906654,"circlet_count":0,"master_deck":["Strike_B","Strike_B","Strike_B","Strike_B","Defend_B","Defend_B","Defend_B","Defend_B","Zap+1","Dualcast","Madness","Ball Lightning","Cold Snap","Loop+1","Gash","Coolheaded","Stack","Ball Lightning","Buffer","Doom and Gloom","Stack","Reboot","Compile Driver","Conserve Battery","Auto Shields","Blizzard","Electrodynamics"],"relics":["Cracked Core","Ginger","Omamori","Juzu Bracelet","MealTicket","Philosopher\u0027s Stone"],"potions_floor_usage":[11,16,19,19,22,23,23],"damage_taken":[{"damage":3,"enemies":"Jaw Worm","floor":1,"turns":4},{"damage":0,"enemies":"Small Slimes","floor":2,"turns":2},{"damage":7,"enemies":"2 Louse","floor":3,"turns":3},{"damage":11,"enemies":"Exordium Wildlife","floor":4,"turns":3},{"damage":7,"enemies":"Large Slime","floor":5,"turns":5},{"damage":11,"enemies":"Lagavulin","floor":7,"turns":7},{"damage":2,"enemies":"2 Fungi Beasts","floor":10,"turns":3},{"damage":19,"enemies":"Gremlin Nob","floor":11,"turns":4},{"damage":7,"enemies":"3 Louse","floor":12,"turns":2},{"damage":0,"enemies":"Large Slime","floor":13,"turns":4},{"damage":0,"enemies":"Slime Boss","floor":16,"turns":7},{"damage":12,"enemies":"Shell Parasite","floor":18,"turns":4},{"damage":20,"enemies":"3 Byrds","floor":19,"turns":4},{"damage":21,"enemies":"Snake Plant","floor":20,"turns":4},{"damage":0,"enemies":"Chosen and Byrds","floor":21,"turns":5},{"damage":16,"enemies":"Shelled Parasite and Fungi","floor":22,"turns":6},{"damage":18,"enemies":"Gremlin Leader","floor":23,"turns":2}],"seed_played":"686197523433730320","potions_obtained":[{"floor":1,"key":"FearPotion"},{"floor":2,"key":"Regen Potion"},{"floor":10,"key":"Explosive Potion"},{"floor":11,"key":"SkillPotion"},{"floor":12,"key":"Energy Potion"},{"floor":16,"key":"Weak Potion"},{"floor":20,"key":"FocusPotion"},{"floor":21,"key":"Block Potion"},{"floor":22,"key":"Regen Potion"}],"is_trial":false,"path_per_floor":["M","M","M","M","M","R","E","R","T","M","E","M","M","$","R","B",null,"M","M","M","M","M","E"],"character_chosen":"DEFECT","items_purchased":["MealTicket"],"campfire_rested":1,"item_purchase_floors":[14],"current_hp_per_floor":[72,72,65,54,47,47,36,36,36,34,27,20,20,20,42,42,75,63,43,22,22,6,0],"gold":237,"neow_bonus":"RANDOM_COLORLESS","is_prod":false,"is_daily":false,"chose_seed":false,"campfire_upgraded":2,"win_rate":0.0,"timestamp":1546709494,"path_taken":["M","M","M","M","M","R","E","R","T","M","E","M","M","$","R","BOSS","M","M","M","M","M","E"],"build_version":"2019-01-03v4","purchased_purges":0,"victory":false,"max_hp_per_floor":[75,75,75,75,75,75,75,75,75,75,75,75,75,75,75,75,75,75,75,75,75,75,75],"card_choices":[{"not_picked":["Melter","Sweeping Beam"],"picked":"Ball Lightning","floor":1},{"not_picked":["Leap","Go for the Eyes"],"picked":"Cold Snap","floor":2},{"not_picked":["Force Field","Lockon"],"picked":"Loop","floor":3},{"not_picked":["Sweeping Beam","Seek"],"picked":"Gash","floor":4},{"not_picked":["Defragment","Static Discharge"],"picked":"Coolheaded","floor":5},{"not_picked":["Auto Shields","Lockon"],"picked":"Stack","floor":7},{"not_picked":["Steam","Beam Cell"],"picked":"Ball Lightning","floor":10},{"not_picked":["Go for the Eyes","Stack"],"picked":"Buffer","floor":11},{"not_picked":["Glacier","Go for the Eyes"],"picked":"Doom and Gloom","floor":12},{"not_picked":["Self Repair","Beam Cell"],"picked":"Stack","floor":13},{"not_picked":["Amplify","Buffer"],"picked":"Reboot","floor":16},{"not_picked":["Barrage","Steam Power"],"picked":"Compile Driver","floor":18},{"not_picked":["Force Field+1","Beam Cell+1"],"picked":"Conserve Battery","floor":19},{"not_picked":["Streamline","Stack"],"picked":"Auto Shields","floor":20},{"not_picked":["Gash","Fusion"],"picked":"Blizzard","floor":21},{"not_picked":["Chill","Redo"],"picked":"Electrodynamics","floor":22}],"player_experience":57371,"relics_obtained":[{"floor":7,"key":"Ginger"},{"floor":9,"key":"Omamori"},{"floor":11,"key":"Juzu Bracelet"}],"event_choices":[],"is_beta":false,"boss_relics":[{"not_picked":["Fusion Hammer","Orrery"],"picked":"Philosopher\u0027s Stone"}],"items_purged_floors":[],"is_endless":false,"potions_floor_spawned":[1,2,10,11,12,13,16,20,21,22],"killed_by":"Gremlin Leader","ascension_level":0}