{"gold_per_floor":[111,111,123,123,123,158,158,197,267,280,280,0,0,33,33,154,154,167,437,456,191,212,212,255,279,279,77,118,142,157,171,171,294,294,308,324,17,42,58,58,92,92,92,131,155,199,262,262,262,262,262,262,39,72,72],"floor_reached":56,"playtime":4156,"items_purged":["Strike_R","Strike_R","Strike_R","Strike_R+1"],"score":1422,"play_id":"78da96e4-57fe-4709-b7c5-37ebda62726a","local_time":"20190207000202","is_ascension_mode":true,"campfire_choices":[{"floor":11.0,"key":"REST"},{"data":"Anger","floor":13.0,"key":"SMITH"},{"data":"Infernal Blade","floor":15.0,"key":"SMITH"},{"data":"Blind","floor":23.0,"key":"SMITH"},{"data":"Disarm","floor":32.0,"key":"SMITH"},{"data":"Double Tap","floor":40.0,"key":"SMITH"},{"data":"Bash","floor":42.0,"key":"SMITH"},{"floor":49,"key":"RECALL"},{"data":"Anger","floor":52,"key":"SMITH"}],"neow_cost":"NONE","seed_source_timestamp":32529218173951,"circlet_count":0,"master_deck":["Defend_R","Defend_R","Defend_R","Defend_R","Bash+1","Battle Trance","Infernal Blade+1","Reaper","Anger+1","Metallicize+1","Panache+1","Metallicize+1","Offering","Blind+1","Iron Wave+1","Anger+1","Disarm+1","Shrug It Off+1","Anger","Anger+1","Double Tap+1","Iron Wave+1","Shockwave+1","Disarm+1","Shrug It Off+1","Rage","Demon Form+1"],"special_seed":0,"relics":["Burning Blood","Golden Idol","Potion Belt","Mercury Hourglass","Thread and Needle","Frozen Egg 2","Oddly Smooth Stone","White Beast Statue","Orichalcum","Bottled Tornado","Bag of Marbles","Runic Pyramid","Torii","Whetstone","Meat on the Bone","Magic Flower","Blue Candle"],"potions_floor_usage":[55,55,55,55],"damage_taken":[{"damage":14.0,"enemies":"Jaw Worm","floor":1.0,"turns":5.0},{"damage":3.0,"enemies":"Small Slimes","floor":3.0,"turns":4.0},{"damage":27.0,"enemies":"3 Sentries","floor":6.0,"turns":15.0},{"damage":13.0,"enemies":"Lagavulin","floor":8.0,"turns":5.0},{"damage":0.0,"enemies":"2 Louse","floor":10.0,"turns":1.0},{"damage":1.0,"enemies":"3 Sentries","floor":14.0,"turns":5.0},{"damage":11.0,"enemies":"Slime Boss","floor":16.0,"turns":8.0},{"damage":8.0,"enemies":"Shell Parasite","floor":18.0,"turns":3.0},{"damage":12.0,"enemies":"3 Byrds","floor":20.0,"turns":4.0},{"damage":6.0,"enemies":"Snake Plant","floor":22.0,"turns":4.0},{"damage":24.0,"enemies":"Slavers","floor":24.0,"turns":5.0},{"damage":6.0,"enemies":"Cultist and Chosen","floor":25.0,"turns":6.0},{"damage":10.0,"enemies":"Book of Stabbing","floor":28.0,"turns":5.0},{"damage":6.0,"enemies":"Shelled Parasite and Fungi","floor":29.0,"turns":4.0},{"damage":6.0,"enemies":"Sentry and Sphere","floor":30.0,"turns":6.0},{"damage":0.0,"enemies":"Snake Plant","floor":31.0,"turns":4.0},{"damage":34.0,"enemies":"Automaton","floor":33.0,"turns":10.0},{"damage":33.0,"enemies":"3 Darklings","floor":35.0,"turns":4.0},{"damage":8.0,"enemies":"Orb Walker","floor":36.0,"turns":4.0},{"damage":25.0,"enemies":"Writhing Mass","floor":38.0,"turns":6.0},{"damage":7.0,"enemies":"Sphere and 2 Shapes","floor":39.0,"turns":7.0},{"damage":7.0,"enemies":"Giant Head","floor":41.0,"turns":9.0},{"damage":1.0,"enemies":"Nemesis","floor":44.0,"turns":9.0},{"damage":0.0,"enemies":"4 Shapes","floor":45.0,"turns":6.0},{"damage":7,"enemies":"Giant Head","floor":46,"turns":9},{"damage":18,"enemies":"2 Orb Walkers","floor":47,"turns":7},{"damage":6,"enemies":"Time Eater","floor":50,"turns":11},{"damage":8,"enemies":"Shield and Spear","floor":54,"turns":7},{"damage":63,"enemies":"The Heart","floor":55,"turns":9}],"seed_played":"-6493969582433820857","potions_obtained":[{"floor":0.0,"key":"Fire Potion"},{"floor":0.0,"key":"SpeedPotion"},{"floor":0.0,"key":"EssenceOfSteel"},{"floor":6.0,"key":"Strength Potion"},{"floor":8.0,"key":"Swift Potion"},{"floor":14.0,"key":"PowerPotion"},{"floor":16.0,"key":"Swift Potion"},{"floor":18.0,"key":"SkillPotion"},{"floor":20.0,"key":"Fire Potion"},{"floor":22.0,"key":"SpeedPotion"},{"floor":24.0,"key":"FearPotion"},{"floor":25.0,"key":"Weak Potion"},{"floor":28.0,"key":"AttackPotion"},{"floor":29.0,"key":"Dexterity Potion"},{"floor":35.0,"key":"SpeedPotion"},{"floor":41.0,"key":"LiquidBronze"},{"floor":44.0,"key":"SteroidPotion"},{"floor":54,"key":"Energy Potion"}],"is_trial":false,"path_per_floor":["M","?","M","?","?","E","?","E","T","M","R","$","R","E","R","B",null,"M","?","M","$","M","R","E","M","T","$","E","M","M","M","R","B",null,"M","M","$","M","M","R","E","R","T","E","M","E","?","?","R","B",null,"R","$","E","B",null],"character_chosen":"IRONCLAD","items_purchased":["Metallicize+1","Panache+1","Regen Potion","Blind","Disarm","Torii","Rage"],"campfire_rested":1,"item_purchase_floors":[12,12,21,21,27,37,53],"current_hp_per_floor":[72,72,75,74,79,58,33,31,31,37,60,60,60,65,65,66,79,77,49,49,49,49,49,63,67,67,67,69,79,79,79,79,63,79,75,77,77,64,63,63,62,62,62,72,78,77,65,65,65,79,79,79,79,79,67],"gold":72,"neow_bonus":"THREE_SMALL_POTIONS","is_prod":false,"is_daily":false,"chose_seed":false,"campfire_upgraded":7,"win_rate":0,"timestamp":1549486922,"path_taken":["M","?","M","?","?","E","?","E","T","M","R","?","R","E","R","BOSS","M","?","?","?","M","R","E","M","T","$","E","M","?","M","R","BOSS","M","M","$","M","M","R","E","R","T","E","M","E","?","?","R","BOSS","R","$","E","BOSS"],"build_version":"2019-01-23","purchased_purges":4,"victory":true,"max_hp_per_floor":[80,80,80,74,79,79,79,79,79,79,79,79,79,79,79,79,79,79,79,79,79,79,79,79,79,79,79,79,79,79,79,79,79,79,79,79,79,79,79,79,79,79,79,79,79,79,79,79,79,79,79,79,79,79,79],"card_choices":[{"not_picked":["Uppercut","Perfected Strike"],"picked":"Battle Trance","floor":1.0},{"not_picked":["Perfected Strike","Twin Strike","Heavy Blade"],"picked":"SKIP","floor":3.0},{"not_picked":["Perfected Strike","Twin Strike","Heavy Blade"],"picked":"SKIP","floor":3.0},{"not_picked":["Clothesline","Sentinel"],"picked":"Reaper","floor":6.0},{"not_picked":["Clash","Corruption","Thunderclap"],"picked":"SKIP","floor":8.0},{"not_picked":["Spot Weakness","Wild Strike"],"picked":"Anger","floor":10.0},{"not_picked":["Corruption+1","Flame Barrier"],"picked":"Metallicize+1","floor":14.0},{"not_picked":["Fiend Fire","Bludgeon"],"picked":"Offering","floor":16.0},{"not_picked":["Rampage","Headbutt","Twin Strike"],"picked":"SKIP","floor":18.0},{"not_picked":["Flex","Wild Strike","Clothesline"],"picked":"SKIP","floor":20.0},{"not_picked":["Thunderclap","Headbutt","Impervious"],"picked":"SKIP","floor":22.0},{"not_picked":["Thunderclap+1","Headbutt+1"],"picked":"Iron Wave+1","floor":24.0},{"not_picked":["Cleave","Warcry"],"picked":"Anger","floor":25.0},{"not_picked":["Flame Barrier","Carnage"],"picked":"Shrug It Off+1","floor":28.0},{"not_picked":["Cleave+1","Spot Weakness+1"],"picked":"Anger","floor":29.0},{"not_picked":["Perfected Strike","Pummel+1","Thunderclap"],"picked":"SKIP","floor":30.0},{"not_picked":["Iron Wave","Clothesline"],"picked":"Anger","floor":31.0},{"not_picked":["Exhume","Demon Form+1"],"picked":"Double Tap","floor":33.0},{"not_picked":["Twin Strike+1","Body Slam+1"],"picked":"Iron Wave+1","floor":35.0},{"not_picked":["Sever Soul+1","Warcry+1"],"picked":"Shockwave+1","floor":36.0},{"not_picked":["Dropkick","Fire Breathing+1","Corruption+1"],"picked":"SKIP","floor":38.0},{"not_picked":["Hemokinesis","Iron Wave"],"picked":"Disarm+1","floor":39.0},{"not_picked":["Flex+1","Ghostly Armor","Intimidate"],"picked":"SKIP","floor":41.0},{"not_picked":["Evolve+1","Second Wind"],"picked":"Shrug It Off+1","floor":44.0},{"not_picked":["Uppercut","Sword Boomerang","Headbutt"],"picked":"SKIP","floor":45},{"not_picked":["Sever Soul","Headbutt+1","Flex"],"picked":"SKIP","floor":46},{"not_picked":["Clothesline+1","Cleave+1"],"picked":"Demon Form+1","floor":54}],"player_experience":707912,"relics_obtained":[{"floor":6.0,"key":"Potion Belt"},{"floor":8.0,"key":"Thread and Needle"},{"floor":9.0,"key":"Frozen Egg 2"},{"floor":14.0,"key":"Oddly Smooth Stone"},{"floor":24.0,"key":"Orichalcum"},{"floor":26.0,"key":"Bottled Tornado"},{"floor":28.0,"key":"Bag of Marbles"},{"floor":41.0,"key":"Whetstone"},{"floor":44.0,"key":"Meat on the Bone"},{"floor":47,"key":"Magic Flower"},{"floor":54,"key":"Blue Candle"}],"event_choices":[{"damage_healed":0.0,"max_hp_gain":0.0,"max_hp_loss":0.0,"gold_gain":0.0,"cards_transformed":["Strike_R"],"event_name":"Living Wall","player_choice":"Change","floor":2.0,"gold_loss":0.0,"damage_taken":0.0,"cards_obtained":["Infernal Blade"]},{"damage_healed":0.0,"max_hp_gain":0.0,"max_hp_loss":6.0,"gold_gain":0.0,"event_name":"Golden Idol","player_choice":"Lose Max HP","floor":4.0,"gold_loss":0.0,"damage_taken":0.0,"relics_obtained":["Golden Idol"]},{"damage_healed":0.0,"max_hp_gain":5.0,"max_hp_loss":0.0,"gold_gain":0.0,"event_name":"Big Fish","player_choice":"Donut","floor":5.0,"gold_loss":0.0,"damage_taken":0.0},{"damage_healed":0.0,"max_hp_gain":0.0,"max_hp_loss":0.0,"gold_gain":0.0,"event_name":"Scrap Ooze","player_choice":"Success","floor":7.0,"gold_loss":0.0,"damage_taken":25.0,"relics_obtained":["Mercury Hourglass"]},{"damage_healed":0.0,"max_hp_gain":0.0,"max_hp_loss":0.0,"gold_gain":270.0,"event_name":"Knowing Skull","player_choice":"GOLD GOLD GOLD ","floor":19.0,"potions_obtained":[],"gold_loss":0.0,"damage_taken":28.0,"cards_obtained":[]},{"damage_healed":0,"gold_gain":0,"player_choice":"Fight","damage_taken":0,"max_hp_gain":0,"max_hp_loss":0,"event_name":"Mysterious Sphere","floor":47,"gold_loss":0},{"damage_healed":0,"gold_gain":0,"player_choice":"Ignored","damage_taken":0,"max_hp_gain":0,"max_hp_loss":0,"event_name":"Tomb of Lord Red Mask","floor":48,"gold_loss":0}],"is_beta":false,"boss_relics":[{"not_picked":["Empty Cage","Snecko Eye"],"picked":"White Beast Statue"},{"not_picked":["Philosopher\u0027s Stone","Orrery"],"picked":"Runic Pyramid"}],"items_purged_floors":[12,21,27,53],"is_endless":false,"potions_floor_spawned":[6,8,14,16,18,20,22,24,25,28,29,30,31,33,35,36,38,39,41,44,45,46,47,54],"ascension_level":2}