{"gold_per_floor":[19,19,19,19,31,65,78,78,78,78,78,78,97,97,97,194,194,210,220,245,170,130,130,30,40,40,40,40,40,40,53,53,151,151,162,37,37,51,63,98,98,98,177,277,294,46,46,56,56,56],"floor_reached":51,"playtime":2436,"items_purged":["Strike_B","Strike_B","Defend_B","Darkness"],"score":846,"play_id":"19fd0198-beac-4d1e-8152-67d7d1faf8c1","local_time":"20190228142704","is_ascension_mode":false,"campfire_choices":[{"data":"Consume","floor":8.0,"key":"SMITH"},{"data":"Zap","floor":10.0,"key":"SMITH"},{"data":"Dualcast","floor":15.0,"key":"SMITH"},{"data":"Cold Snap","floor":23.0,"key":"SMITH"},{"floor":27.0,"key":"REST"},{"floor":32.0,"key":"REST"},{"data":"Cold Snap","floor":42.0,"key":"SMITH"},{"floor":47.0,"key":"REST"},{"data":"Cold Snap","floor":49.0,"key":"SMITH"}],"neow_cost":"NO_GOLD","seed_source_timestamp":0,"circlet_count":0,"master_deck":["Defend_B+1","Defend_B+1","Zap+1","Dualcast+1","Consume+1","Cold Snap+1","Cold Snap+1","Cold Snap+1","Cold Snap+1","Cold Snap"],"special_seed":0,"relics":["Cracked Core","FossilizedHelix","Prayer Wheel","Juzu Bracelet","Singing Bowl","Bottled Lightning","Lizard Tail","Red Mask","Turnip","Inserter","Darkstone Periapt","Unceasing Top","Gremlin Horn","Emotion Chip"],"potions_floor_usage":[50,50,50],"damage_taken":[{"damage":0.0,"enemies":"Small Slimes","floor":1.0,"turns":4.0},{"damage":0.0,"enemies":"2 Louse","floor":5.0,"turns":2.0},{"damage":34.0,"enemies":"3 Sentries","floor":6.0,"turns":10.0},{"damage":0.0,"enemies":"Cultist","floor":7.0,"turns":4.0},{"damage":0.0,"enemies":"Large Slime","floor":13.0,"turns":5.0},{"damage":12.0,"enemies":"The Guardian","floor":16.0,"turns":10.0},{"damage":0.0,"enemies":"Chosen","floor":18.0,"turns":4.0},{"damage":7.0,"enemies":"Shell Parasite","floor":19.0,"turns":5.0},{"damage":40.0,"enemies":"Masked Bandits","floor":20.0,"turns":6.0},{"damage":1.0,"enemies":"Centurion and Healer","floor":25.0,"turns":7.0},{"damage":5.0,"enemies":"Snake Plant","floor":31.0,"turns":4.0},{"damage":97.0,"enemies":"Automaton","floor":33.0,"turns":17.0},{"damage":12.0,"enemies":"3 Darklings","floor":35.0,"turns":7.0},{"damage":0.0,"enemies":"3 Shapes","floor":38.0,"turns":4.0},{"damage":20.0,"enemies":"Jaw Worm Horde","floor":39.0,"turns":7.0},{"damage":0.0,"enemies":"Giant Head","floor":40.0,"turns":12.0},{"damage":7.0,"enemies":"Mind Bloom Boss Battle","floor":44.0,"turns":10.0},{"damage":6.0,"enemies":"Spire Growth","floor":45.0,"turns":6.0},{"damage":0.0,"enemies":"Sphere and 2 Shapes","floor":48.0,"turns":8.0},{"damage":40,"enemies":"Awakened One","floor":50,"turns":16}],"seed_played":"2191852081690722535","potions_obtained":[{"floor":5.0,"key":"Swift Potion"},{"floor":7.0,"key":"Fruit Juice"},{"floor":13.0,"key":"Block Potion"},{"floor":18.0,"key":"Fire Potion"},{"floor":19.0,"key":"SkillPotion"},{"floor":22.0,"key":"LiquidBronze"},{"floor":22.0,"key":"SteroidPotion"},{"floor":22.0,"key":"SteroidPotion"},{"floor":33.0,"key":"Block Potion"},{"floor":39.0,"key":"PowerPotion"}],"is_trial":false,"path_per_floor":["M","?","?","?","M","E","M","R","T","R","?","T","M","?","R","B",null,"M","M","?","$","?","R","$","M","T","R","?","$","?","M","R","B",null,"M","$","T","M","M","E","?","R","T","?","M","$","R","M","R","B",null],"character_chosen":"DEFECT","items_purchased":["FearPotion","PowerPotion"],"campfire_rested":3,"item_purchase_floors":[46,46],"current_hp_per_floor":[75,68,61,61,61,27,32,32,32,32,32,32,36,36,36,26,86,88,85,47,47,47,47,47,50,50,79,79,79,79,78,102,7,104,96,96,96,98,80,82,82,82,82,77,73,73,106,108,108,68],"gold":56,"neow_bonus":"ONE_RARE_RELIC","is_prod":false,"is_daily":false,"chose_seed":false,"campfire_upgraded":6,"win_rate":0,"timestamp":1551353224,"path_taken":["M","?","?","?","?","E","M","R","T","R","?","?","M","?","R","BOSS","M","M","?","$","?","R","$","M","T","R","?","?","?","M","R","BOSS","M","$","?","M","M","E","?","R","T","?","M","$","R","M","R","BOSS"],"build_version":"2019-01-23","purchased_purges":4,"victory":true,"max_hp_per_floor":[75,75,75,75,75,75,80,80,80,80,80,80,84,84,84,86,86,88,92,94,94,94,94,94,98,98,98,98,98,98,102,102,104,104,108,108,108,110,112,114,108,108,108,110,112,112,112,114,114,114],"card_choices":[{"not_picked":["Sweeping Beam","Rebound","Capacitor"],"picked":"SKIP","floor":1.0},{"not_picked":["Redo","Reinforced Body","Conserve Battery"],"picked":"SKIP","floor":5.0},{"not_picked":["Undo","Streamline","White Noise"],"picked":"SKIP","floor":5.0},{"not_picked":["Reboot","Gash","Sweeping Beam"],"picked":"SKIP","floor":6.0},{"not_picked":["Reboot","Gash","Sweeping Beam"],"picked":"SKIP","floor":6.0},{"not_picked":["Sweeping Beam","Reprogram"],"picked":"Consume","floor":7.0},{"not_picked":["Redo","Capacitor","Barrage"],"picked":"SKIP","floor":7.0},{"not_picked":["Double Energy","Beam Cell","Fusion"],"picked":"Singing Bowl","floor":13.0},{"not_picked":["Go for the Eyes","Turbo","Reboot"],"picked":"Singing Bowl","floor":13.0},{"not_picked":["Machine Learning","Fission","Meteor Strike"],"picked":"Singing Bowl","floor":16.0},{"not_picked":["Go for the Eyes","Coolheaded"],"picked":"Cold Snap","floor":18.0},{"not_picked":["Steam","Stack","Conserve Battery"],"picked":"Singing Bowl","floor":18.0},{"not_picked":["Streamline+1","Heatsinks+1","Melter"],"picked":"Singing Bowl","floor":19.0},{"not_picked":["Leap","Hologram","Steam"],"picked":"Singing Bowl","floor":19.0},{"not_picked":["Rebound","Stack+1","Beam Cell+1"],"picked":"Singing Bowl","floor":20.0},{"not_picked":["Barrage","Hello World","Double Energy"],"picked":"Singing Bowl","floor":25.0},{"not_picked":["Barrage","Genetic Algorithm","Tempest"],"picked":"Singing Bowl","floor":25.0},{"not_picked":["Seek","Coolheaded+1","Consume"],"picked":"Singing Bowl","floor":31.0},{"not_picked":["Streamline","Rebound","Hologram+1"],"picked":"Singing Bowl","floor":31.0},{"not_picked":["Multi-Cast","All For One","Reboot"],"picked":"Singing Bowl","floor":33.0},{"not_picked":["Consume+1","Reinforced Body+1","Barrage+1"],"picked":"Singing Bowl","floor":35.0},{"not_picked":["Conserve Battery","Genetic Algorithm","Steam Power+1"],"picked":"Singing Bowl","floor":35.0},{"not_picked":["Compile Driver+1","Beam Cell+1"],"picked":"Cold Snap","floor":38.0},{"not_picked":["Coolheaded","Redo+1","Force Field"],"picked":"Singing Bowl","floor":38.0},{"not_picked":["Coolheaded+1","Compile Driver"],"picked":"Cold Snap+1","floor":39.0},{"not_picked":["Steam","Genetic Algorithm+1","Coolheaded"],"picked":"Singing Bowl","floor":39.0},{"not_picked":["Rebound+1","Lockon","Tempest+1"],"picked":"Singing Bowl","floor":40.0},{"not_picked":["Redo+1","Sweeping Beam","Defragment"],"picked":"Singing Bowl","floor":44.0},{"not_picked":["Ball Lightning","Turbo","Sunder+1"],"picked":"Singing Bowl","floor":45.0},{"not_picked":["Steam+1","Multi-Cast"],"picked":"Cold Snap","floor":45.0},{"not_picked":["Coolheaded+1","Chill+1"],"picked":"Cold Snap","floor":48.0},{"not_picked":["Hologram+1","Go for the Eyes","Redo"],"picked":"SKIP","floor":48.0},{"not_picked":["Hologram+1","Go for the Eyes","Redo"],"picked":"Singing Bowl","floor":48.0}],"player_experience":942382,"relics_obtained":[{"floor":6.0,"key":"Juzu Bracelet"},{"floor":9.0,"key":"Singing Bowl"},{"floor":12.0,"key":"Bottled Lightning"},{"floor":20.0,"key":"Red Mask"},{"floor":26.0,"key":"Turnip"},{"floor":37.0,"key":"Darkstone Periapt"},{"floor":40.0,"key":"Unceasing Top"},{"floor":43.0,"key":"Gremlin Horn"},{"floor":44.0,"key":"Emotion Chip"}],"event_choices":[{"damage_healed":0.0,"max_hp_gain":0.0,"max_hp_loss":0.0,"gold_gain":0.0,"event_name":"Scrap Ooze","player_choice":"Success","floor":2.0,"gold_loss":0.0,"damage_taken":7.0,"relics_obtained":["Prayer Wheel"]},{"cards_removed":["Strike_B"],"damage_healed":0.0,"max_hp_gain":0.0,"max_hp_loss":0.0,"gold_gain":0.0,"event_name":"Golden Wing","player_choice":"Card Removal","floor":3.0,"gold_loss":0.0,"damage_taken":7.0},{"cards_removed":["Defend_B"],"damage_healed":0.0,"max_hp_gain":0.0,"max_hp_loss":0.0,"gold_gain":0.0,"event_name":"Bonfire Elementals","player_choice":"Offered Basic","floor":4.0,"gold_loss":0.0,"damage_taken":0.0},{"damage_healed":0.0,"max_hp_gain":0.0,"max_hp_loss":0.0,"gold_gain":0.0,"cards_transformed":["Strike_B"],"event_name":"Living Wall","player_choice":"Change","floor":11.0,"gold_loss":0.0,"damage_taken":0.0,"cards_obtained":["Darkness"]},{"damage_healed":0.0,"max_hp_gain":0.0,"max_hp_loss":0.0,"gold_gain":0.0,"event_name":"Liars Game","player_choice":"Ignored","floor":14.0,"gold_loss":0.0,"damage_taken":0.0},{"damage_healed":0.0,"max_hp_gain":0.0,"max_hp_loss":0.0,"gold_gain":0.0,"event_name":"Masked Bandits","player_choice":"Fought Bandits","floor":20.0,"gold_loss":0.0,"damage_taken":0.0},{"damage_healed":0.0,"max_hp_gain":0.0,"max_hp_loss":0.0,"gold_gain":0.0,"event_name":"The Woman in Blue","player_choice":"Bought 3 Potions","floor":22.0,"gold_loss":0.0,"damage_taken":0.0},{"damage_healed":0.0,"max_hp_gain":0.0,"max_hp_loss":0.0,"gold_gain":0.0,"event_name":"Upgrade Shrine","player_choice":"Upgraded","floor":28.0,"gold_loss":0.0,"damage_taken":0.0,"cards_upgraded":["Defend_B"]},{"damage_healed":0.0,"max_hp_gain":0.0,"max_hp_loss":0.0,"gold_gain":0.0,"event_name":"Accursed Blacksmith","player_choice":"Forge","floor":30.0,"gold_loss":0.0,"damage_taken":0.0,"cards_upgraded":["Defend_B"]},{"damage_healed":0.0,"max_hp_gain":0.0,"max_hp_loss":6.0,"gold_gain":0.0,"event_name":"Winding Halls","player_choice":"Max HP","floor":41.0,"gold_loss":0.0,"damage_taken":0.0},{"damage_healed":0.0,"max_hp_gain":0.0,"max_hp_loss":0.0,"gold_gain":0.0,"event_name":"MindBloom","player_choice":"Fight","floor":44.0,"gold_loss":0.0,"damage_taken":0.0}],"is_beta":false,"boss_relics":[{"not_picked":["Eternal Feather","White Beast Statue"],"picked":"Lizard Tail"},{"not_picked":["Fusion Hammer","Velvet Choker"],"picked":"Inserter"}],"items_purged_floors":[21,24,36,46],"is_endless":false,"potions_floor_spawned":[5,7,13,18,19,31,33,39],"ascension_level":0}