{"gold_per_floor":[115,126,137,137,58,58,86,86,86,96,96,126,137,155,155,155],"floor_reached":16,"playtime":966,"items_purged":[],"score":185,"play_id":"4f2d2ba9-52c5-4e05-b01e-743625f241a6","local_time":"20190423235439","is_ascension_mode":true,"campfire_choices":[{"data":"Zap","floor":6,"key":"SMITH"},{"floor":8,"key":"REST"},{"floor":11,"key":"REST"},{"floor":15,"key":"REST"}],"neow_cost":"NONE","seed_source_timestamp":1125302842887686,"circlet_count":0,"master_deck":["AscendersBane","Strike_B","Strike_B","Strike_B","Strike_B","Defend_B","Defend_B","Defend_B","Defend_B","Zap+1","Dualcast","Capacitor","BootSequence","Rebound","Self Repair","Loop","Compile Driver"],"relics":["Cracked Core","Dodecahedron","Bag of Preparation","Question Card","Bird Faced Urn"],"potions_floor_usage":[7,7,10,14],"damage_taken":[{"damage":3,"enemies":"2 Louse","floor":1,"turns":2},{"damage":5,"enemies":"Cultist","floor":2,"turns":4},{"damage":2,"enemies":"Small Slimes","floor":3,"turns":3},{"damage":66,"enemies":"Gremlin Nob","floor":7,"turns":6},{"damage":7,"enemies":"Exordium Thugs","floor":10,"turns":4},{"damage":32,"enemies":"Lagavulin","floor":12,"turns":8},{"damage":19,"enemies":"3 Louse","floor":13,"turns":5},{"damage":12,"enemies":"Lots of Slimes","floor":14,"turns":5},{"damage":51,"enemies":"Slime Boss","floor":16,"turns":7}],"seed_played":"-799085028744737359","potions_obtained":[{"floor":1,"key":"GamblersBrew"},{"floor":3,"key":"GamblersBrew"},{"floor":7,"key":"Energy Potion"},{"floor":13,"key":"Poison Potion"}],"is_trial":false,"path_per_floor":["M","M","M","?","$","R","E","R","T","M","R","E","M","M","R","B"],"character_chosen":"DEFECT","items_purchased":["Regen Potion"],"campfire_rested":3,"item_purchase_floors":[5],"current_hp_per_floor":[65,60,58,58,58,58,7,29,29,22,44,19,13,14,36,0],"gold":155,"neow_bonus":"THREE_CARDS","is_prod":false,"is_daily":false,"chose_seed":false,"campfire_upgraded":1,"win_rate":0,"timestamp":1556088879,"path_taken":["M","M","M","?","?","R","E","R","T","?","R","E","M","?","R","BOSS"],"build_version":"2019-01-23","purchased_purges":0,"victory":false,"max_hp_per_floor":[75,75,75,75,75,75,75,75,75,75,75,75,75,75,75,75],"card_choices":[{"not_picked":["Steam Power","Turbo"],"picked":"Capacitor","floor":0},{"not_picked":["Tempest","Rebound"],"picked":"BootSequence","floor":1},{"not_picked":["Turbo","Fusion","Streamline"],"picked":"SKIP","floor":2},{"not_picked":["Melter","Auto Shields","Skim"],"picked":"SKIP","floor":3},{"not_picked":["Stack","Aggregate"],"picked":"Rebound","floor":7},{"not_picked":["Doom and Gloom","Undo","Turbo"],"picked":"Self Repair","floor":10},{"not_picked":["Hologram","Compile Driver","Chill"],"picked":"Loop","floor":12},{"not_picked":["Blizzard","Reprogram","Aggregate"],"picked":"Compile Driver","floor":13},{"not_picked":["Beam Cell","Streamline","Sweeping Beam","Fusion"],"picked":"SKIP","floor":14}],"player_experience":422763,"relics_obtained":[{"floor":7,"key":"Bag of Preparation"},{"floor":9,"key":"Question Card"},{"floor":12,"key":"Bird Faced Urn"}],"event_choices":[{"damage_healed":0,"gold_gain":0,"player_choice":"Gave Potion","damage_taken":0,"relics_obtained":["Dodecahedron"],"max_hp_gain":0,"max_hp_loss":0,"event_name":"WeMeetAgain","floor":4,"gold_loss":0}],"is_beta":false,"boss_relics":[],"items_purged_floors":[],"is_endless":false,"potions_floor_spawned":[1,3,7,13],"killed_by":"Slime Boss","ascension_level":13}