{"gold_per_floor":[117,132,132,142,3,3,18,53,53,71,71,83,83,96,96,96],"floor_reached":16,"playtime":977,"items_purged":[],"score":104,"play_id":"14396f82-16b7-457a-a9b1-5bfa391962ed","local_time":"20181031211821","is_ascension_mode":false,"campfire_choices":[{"data":"Armaments","floor":6,"key":"SMITH"},{"data":"Madness","floor":11,"key":"SMITH"},{"data":"True Grit","floor":13,"key":"SMITH"},{"data":"Rupture","floor":15,"key":"SMITH"}],"neow_cost":"NONE","seed_source_timestamp":8713140219746,"circlet_count":0,"master_deck":["Strike_R","Strike_R","Strike_R","Defend_R","Defend_R","Defend_R","Defend_R","Bash","Dropkick","Anger","Armaments+1","Rupture+1","Madness+1","True Grit+1","Thunderclap","Whirlwind","Headbutt","Immolate"],"relics":["Burning Blood","Question Card","Bottled Tornado"],"potions_floor_usage":[12,12],"damage_taken":[{"damage":8,"enemies":"Jaw Worm","floor":1,"turns":4},{"damage":0,"enemies":"2 Louse","floor":2,"turns":3},{"damage":0,"enemies":"Small Slimes","floor":4,"turns":3},{"damage":4,"enemies":"Blue Slaver","floor":7,"turns":6},{"damage":22,"enemies":"Gremlin Nob","floor":8,"turns":4},{"damage":0,"enemies":"3 Louse","floor":10,"turns":2},{"damage":17,"enemies":"Exordium Wildlife","floor":12,"turns":4},{"damage":1,"enemies":"2 Fungi Beasts","floor":14,"turns":2},{"damage":65,"enemies":"The Guardian","floor":16,"turns":14}],"seed_played":"6589139848773749956","potions_obtained":[{"floor":1,"key":"Energy Potion"},{"floor":10,"key":"Explosive Potion"}],"is_trial":false,"path_per_floor":["M","M","?","M","$","R","M","E","T","M","R","M","R","M","R"],"character_chosen":"IRONCLAD","items_purchased":["Madness","True Grit"],"campfire_rested":0,"item_purchase_floors":[5,5],"current_hp_per_floor":[78,80,80,80,80,80,80,64,64,70,70,59,59,64,64,0],"gold":96,"neow_bonus":"TRANSFORM_CARD","is_prod":false,"is_daily":false,"chose_seed":false,"campfire_upgraded":4,"win_rate":0,"timestamp":1541009901,"path_taken":["M","M","?","M","$","R","M","E","T","M","R","M","R","M","R","BOSS"],"build_version":"2018-10-25v2","purchased_purges":0,"victory":false,"max_hp_per_floor":[80,80,80,80,80,80,80,80,80,80,80,80,80,80,80,80],"card_choices":[{"not_picked":["Pummel","Dual Wield"],"picked":"Anger","floor":1},{"not_picked":["Disarm","Perfected Strike"],"picked":"Armaments","floor":2},{"not_picked":["Body Slam","Blood for Blood"],"picked":"Rupture","floor":4},{"not_picked":["Pommel Strike","Clash"],"picked":"Thunderclap","floor":7},{"not_picked":["Perfected Strike","Uppercut"],"picked":"Whirlwind","floor":8},{"not_picked":["True Grit","Perfected Strike","Clothesline"],"picked":"Headbutt","floor":10},{"not_picked":["Body Slam","Whirlwind","Searing Blow","Headbutt"],"picked":"SKIP","floor":12},{"not_picked":["Dual Wield","Spot Weakness","Intimidate"],"picked":"Immolate","floor":14}],"player_experience":115711,"relics_obtained":[{"floor":8,"key":"Question Card"},{"floor":9,"key":"Bottled Tornado"}],"event_choices":[{"cards_removed":["Strike_R"],"damage_healed":0,"gold_gain":0,"player_choice":"Forget","damage_taken":0,"max_hp_gain":0,"max_hp_loss":0,"event_name":"Living Wall","floor":3,"gold_loss":0}],"is_beta":false,"boss_relics":[],"items_purged_floors":[],"is_endless":false,"potions_floor_spawned":[1,10],"killed_by":"The Guardian","ascension_level":0}