{"gold_per_floor":[117,133,152,152,170,200,200,50,50,76,101,276,276,310,310,310],"floor_reached":16,"playtime":788,"items_purged":["Strike_G"],"score":130,"play_id":"24a4aa55-4779-4543-903f-32a6f799af9d","local_time":"20190110015653","is_ascension_mode":true,"campfire_choices":[{"data":"Neutralize","floor":7,"key":"SMITH"},{"data":"Infinite Blades","floor":13,"key":"SMITH"},{"data":"Well Laid Plans","floor":15,"key":"SMITH"}],"neow_cost":"PERCENT_DAMAGE","seed_source_timestamp":536844930070316,"circlet_count":0,"master_deck":["Defend_G","Defend_G","Defend_G","Defend_G","Defend_G","Strike_G","Survivor","Neutralize+1","Bane","Corpse Explosion","Catalyst","Bane","Deadly Poison","Dash","Dagger Throw","Backflip","Well Laid Plans+1","Dagger Spray","Infinite Blades+1","Doubt","Backstab"],"relics":["Ring of the Snake","Ancient Tea Set","Gremlin Horn","Odd Mushroom","Matryoshka","Blue Candle"],"potions_floor_usage":[11,11],"damage_taken":[{"damage":0,"enemies":"2 Louse","floor":1,"turns":2},{"damage":0,"enemies":"Jaw Worm","floor":2,"turns":4},{"damage":0,"enemies":"Small Slimes","floor":3,"turns":2},{"damage":10,"enemies":"3 Louse","floor":5,"turns":3},{"damage":13,"enemies":"Lagavulin","floor":6,"turns":6},{"damage":0,"enemies":"The Mushroom Lair","floor":10,"turns":2},{"damage":1,"enemies":"Gremlin Nob","floor":11,"turns":4},{"damage":14,"enemies":"Lagavulin","floor":14,"turns":6},{"damage":13,"enemies":"Slime Boss","floor":16,"turns":4}],"seed_played":"-4103183683553947806","potions_obtained":[{"floor":1,"key":"GhostInAJar"},{"floor":2,"key":"GamblersBrew"},{"floor":10,"key":"SteroidPotion"}],"is_trial":false,"path_per_floor":["M","M","M","?","M","E","R","$","T","?","E","?","R","E","R","B"],"character_chosen":"THE_SILENT","items_purchased":["Well Laid Plans"],"campfire_rested":0,"item_purchase_floors":[8],"current_hp_per_floor":[49,49,49,49,39,26,26,26,26,26,25,25,25,11,11,0],"gold":310,"neow_bonus":"TRANSFORM_TWO_CARDS","is_prod":false,"is_daily":false,"chose_seed":false,"campfire_upgraded":3,"win_rate":0,"timestamp":1547056613,"path_taken":["M","M","M","?","M","E","R","$","T","?","E","?","R","E","R","BOSS"],"build_version":"2019-01-03v4","purchased_purges":1,"victory":false,"max_hp_per_floor":[70,70,70,70,70,70,70,70,70,70,70,70,70,70,70,70],"card_choices":[{"not_picked":["Heel Hook","Distraction"],"picked":"Catalyst","floor":1},{"not_picked":["Heel Hook","Skewer"],"picked":"Bane","floor":2},{"not_picked":["Blur","Acrobatics"],"picked":"Deadly Poison","floor":3},{"not_picked":["Underhanded Strike","Dodge and Roll"],"picked":"Dagger Throw","floor":5},{"not_picked":["Prepared","Endless Agony"],"picked":"Backflip","floor":6},{"not_picked":["Leg Sweep","Acrobatics"],"picked":"Dagger Spray","floor":10},{"not_picked":["Reflex","Setup"],"picked":"Infinite Blades","floor":11},{"not_picked":["Distraction","Deadly Poison"],"picked":"Backstab","floor":14}],"player_experience":117413,"relics_obtained":[{"floor":6,"key":"Ancient Tea Set"},{"floor":9,"key":"Gremlin Horn"},{"floor":10,"key":"Odd Mushroom"},{"floor":11,"key":"Matryoshka"},{"floor":14,"key":"Blue Candle"}],"event_choices":[{"damage_healed":0,"gold_gain":0,"cards_transformed":["Strike_G"],"player_choice":"Change","damage_taken":0,"max_hp_gain":0,"max_hp_loss":0,"event_name":"Living Wall","floor":4,"gold_loss":0,"cards_obtained":["Dash"]},{"damage_healed":0,"gold_gain":0,"player_choice":"Fought Mushrooms","damage_taken":0,"max_hp_gain":0,"max_hp_loss":0,"event_name":"Mushrooms","floor":10,"gold_loss":0},{"damage_healed":0,"gold_gain":175,"player_choice":"AGREE","damage_taken":0,"max_hp_gain":0,"max_hp_loss":0,"event_name":"Liars Game","floor":12,"gold_loss":0,"cards_obtained":["Doubt"]}],"is_beta":false,"boss_relics":[],"items_purged_floors":[8],"is_endless":false,"potions_floor_spawned":[1,2,10],"killed_by":"Slime Boss","ascension_level":2}