{"gold_per_floor":[109,121,121,296,296,296,22,22,70,88,98,98,98,154,154,258,258,277,277,294,306,316,316,341,341,341,341,367,379,75,93,93,193,193,205,2,16,32,50,50,0,0,23,33,33,49,69,98,98,98,98,98,48,75,75],"floor_reached":55,"playtime":3067,"items_purged":["Strike_R","Strike_R","Decay","Strike_R","Strike_R"],"score":734,"play_id":"4aa51400-4c6d-4ba6-a174-9b6ebf583242","local_time":"20181123220138","is_ascension_mode":false,"campfire_choices":[{"data":"True Grit","floor":6,"key":"SMITH"},{"data":"Double Tap","floor":8,"key":"SMITH"},{"data":"Shrug It Off","floor":12,"key":"SMITH"},{"floor":15,"key":"REST"},{"floor":23,"key":"REST"},{"data":"Shrug It Off","floor":25,"key":"SMITH"},{"data":"Bash","floor":27,"key":"SMITH"},{"floor":32,"key":"REST"},{"data":"Limit Break","floor":40,"key":"SMITH"},{"floor":42,"key":"RECALL"},{"floor":49,"key":"REST"},{"data":"Demon Form","floor":52,"key":"SMITH"}],"neow_cost":"NONE","seed_source_timestamp":7117745629674,"circlet_count":0,"master_deck":["Defend_R","Defend_R","Defend_R","Defend_R","Bash+1","True Grit+1","Shrug It Off+1","Double Tap+1","Shrug It Off+1","Rampage+1","Demon Form+1","Iron Wave+1","Iron Wave+1","Fiend Fire+1","Limit Break+1","Infernal Blade","True Grit+1"],"relics":["Burning Blood","Red Skull","Smiling Mask","Pen Nib","Regal Pillow","Molten Egg 2","Sozu","Bottled Flame","Meat on the Bone","Frozen Egg 2","Mercury Hourglass","Busted Crown","Bag of Preparation","Shuriken","Ancient Tea Set"],"potions_floor_usage":[14,24],"damage_taken":[{"damage":0,"enemies":"2 Louse","floor":1,"turns":4},{"damage":0,"enemies":"Small Slimes","floor":2,"turns":3},{"damage":2,"enemies":"Jaw Worm","floor":10,"turns":5},{"damage":35,"enemies":"Exordium Thugs","floor":11,"turns":11},{"damage":23,"enemies":"Gremlin Nob","floor":14,"turns":4},{"damage":25,"enemies":"Hexaghost","floor":16,"turns":9},{"damage":8,"enemies":"Shell Parasite","floor":18,"turns":6},{"damage":8,"enemies":"Chosen","floor":20,"turns":6},{"damage":17,"enemies":"Snake Plant","floor":21,"turns":4},{"damage":43,"enemies":"Cultist and Chosen","floor":22,"turns":7},{"damage":4,"enemies":"Book of Stabbing","floor":24,"turns":5},{"damage":35,"enemies":"Gremlin Leader","floor":28,"turns":7},{"damage":0,"enemies":"Chosen and Byrds","floor":29,"turns":5},{"damage":8,"enemies":"Snake Plant","floor":31,"turns":4},{"damage":26,"enemies":"Automaton","floor":33,"turns":8},{"damage":18,"enemies":"3 Darklings","floor":35,"turns":6},{"damage":0,"enemies":"3 Shapes","floor":37,"turns":4},{"damage":1,"enemies":"Transient","floor":38,"turns":5},{"damage":26,"enemies":"Spire Growth","floor":39,"turns":4},{"damage":23,"enemies":"Maw","floor":44,"turns":7},{"damage":4,"enemies":"Transient","floor":46,"turns":5},{"damage":9,"enemies":"3 Darklings","floor":47,"turns":6},{"damage":2,"enemies":"Nemesis","floor":48,"turns":5},{"damage":49,"enemies":"Donu and Deca","floor":50,"turns":9},{"damage":33,"enemies":"Shield and Spear","floor":54,"turns":4},{"damage":87,"enemies":"The Heart","floor":55,"turns":3}],"seed_played":"1217601826850104196","potions_obtained":[{"floor":2,"key":"Swift Potion"},{"floor":14,"key":"PowerPotion"},{"floor":16,"key":"SteroidPotion"}],"is_trial":false,"path_per_floor":["M","M","?","?","?","R","$","R","T","M","M","R","T","?","R","B",null,"M","?","M","M","M","R","E","R","T","R","E","M","$","M","R","B",null,"M","$","M","M","M","R","$","R","T","M","?","M","M","E","R","B",null,"R","$","E","B"],"character_chosen":"IRONCLAD","items_purchased":["Double Tap","Pen Nib","Mercury Hourglass","Bag of Preparation"],"campfire_rested":4,"item_purchase_floors":[7,7,30,36],"current_hp_per_floor":[80,80,68,68,68,68,68,68,68,72,43,43,43,26,65,46,80,78,78,76,65,28,67,69,69,69,69,52,58,58,56,80,60,80,68,68,74,79,59,59,59,59,59,54,54,56,53,57,80,49,80,80,80,53,0],"gold":75,"neow_bonus":"RANDOM_COMMON_RELIC","is_prod":false,"is_daily":false,"chose_seed":false,"campfire_upgraded":7,"win_rate":0,"timestamp":1542999698,"path_taken":["M","M","?","?","?","R","$","R","T","?","M","R","?","?","R","BOSS","M","?","?","?","M","R","E","R","T","R","E","M","$","M","R","BOSS","M","$","M","M","M","R","$","R","T","M","?","?","M","E","R","BOSS","R","$","E","BOSS"],"build_version":"2018-11-15","purchased_purges":5,"victory":false,"max_hp_per_floor":[80,80,80,80,80,80,80,80,80,80,80,80,80,80,80,80,80,80,80,80,80,80,80,80,80,80,80,80,80,80,80,80,80,80,80,80,80,80,80,80,80,80,80,80,80,80,80,80,80,80,80,80,80,80,80],"card_choices":[{"not_picked":["Thunderclap","Twin Strike"],"picked":"True Grit","floor":1},{"not_picked":["True Grit","Body Slam"],"picked":"Shrug It Off","floor":2},{"not_picked":["Warcry","Pummel"],"picked":"Shrug It Off","floor":10},{"not_picked":["Clothesline","Sword Boomerang","Shrug It Off"],"picked":"SKIP","floor":11},{"not_picked":["Shrug It Off","Wild Strike+1"],"picked":"Rampage+1","floor":14},{"not_picked":["Brutality","Exhume"],"picked":"Demon Form","floor":16},{"not_picked":["Anger+1","Warcry+1"],"picked":"Iron Wave+1","floor":18},{"not_picked":["Twin Strike+1","Dropkick+1","Combust"],"picked":"SKIP","floor":20},{"not_picked":["Uppercut+1","Flex","Clash+1"],"picked":"SKIP","floor":21},{"not_picked":["Intimidate","Heavy Blade+1","Combust"],"picked":"SKIP","floor":22},{"not_picked":["Combust","Juggernaut"],"picked":"Iron Wave+1","floor":24},{"not_picked":["Anger+1","Ghostly Armor"],"picked":"Fiend Fire+1","floor":28},{"not_picked":["Spot Weakness","Wild Strike+1","Warcry"],"picked":"SKIP","floor":29},{"not_picked":["Pummel+1","Second Wind","Shrug It Off"],"picked":"SKIP","floor":31},{"not_picked":["Demon Form+1","Dark Embrace+1"],"picked":"Limit Break","floor":33},{"not_picked":["Twin Strike+1"],"picked":"SKIP","floor":35},{"not_picked":["Sever Soul+1"],"picked":"SKIP","floor":37},{"not_picked":["Iron Wave+1"],"picked":"SKIP","floor":38},{"not_picked":["Iron Wave+1"],"picked":"SKIP","floor":39},{"not_picked":["Flex"],"picked":"SKIP","floor":44},{"not_picked":["Twin Strike+1"],"picked":"SKIP","floor":46},{"not_picked":["Impervious"],"picked":"SKIP","floor":47},{"not_picked":[],"picked":"True Grit+1","floor":48},{"not_picked":["Body Slam+1"],"picked":"SKIP","floor":54}],"player_experience":205968,"relics_obtained":[{"floor":9,"key":"Regal Pillow"},{"floor":13,"key":"Molten Egg 2"},{"floor":24,"key":"Bottled Flame"},{"floor":26,"key":"Meat on the Bone"},{"floor":28,"key":"Frozen Egg 2"},{"floor":48,"key":"Shuriken"},{"floor":54,"key":"Ancient Tea Set"}],"event_choices":[{"damage_healed":0,"gold_gain":0,"player_choice":"Success","damage_taken":12,"relics_obtained":["Smiling Mask"],"max_hp_gain":0,"max_hp_loss":0,"event_name":"Scrap Ooze","floor":3,"gold_loss":0},{"damage_healed":0,"gold_gain":175,"player_choice":"AGREE","damage_taken":0,"max_hp_gain":0,"max_hp_loss":0,"event_name":"Liars Game","floor":4,"gold_loss":0,"cards_obtained":["Doubt"]},{"cards_removed":["Doubt"],"damage_healed":0,"gold_gain":0,"player_choice":"Purged","damage_taken":0,"max_hp_gain":0,"max_hp_loss":0,"event_name":"Purifier","floor":5,"gold_loss":0},{"damage_healed":0,"gold_gain":0,"player_choice":"Searched \u00271\u0027 times","damage_taken":0,"max_hp_gain":0,"max_hp_loss":0,"event_name":"Dead Adventurer","floor":14,"gold_loss":0},{"damage_healed":0,"gold_gain":0,"player_choice":"Cursed","damage_taken":0,"max_hp_gain":0,"max_hp_loss":0,"event_name":"Wheel of Change","floor":19,"gold_loss":0,"cards_obtained":["Decay"]},{"damage_healed":0,"gold_gain":0,"cards_transformed":["Strike_R"],"player_choice":"Transformed","damage_taken":0,"max_hp_gain":0,"max_hp_loss":0,"event_name":"Transmorgrifier","floor":45,"gold_loss":0,"cards_obtained":["Infernal Blade"]}],"is_beta":false,"boss_relics":[{"not_picked":["Astrolabe","Black Star"],"picked":"Sozu"},{"not_picked":["Runic Cube","Snecko Eye"],"picked":"Busted Crown"}],"items_purged_floors":[7,30,36,41,53],"is_endless":false,"potions_floor_spawned":[2,14,16,18,22,28,39,46,48],"killed_by":"The Heart","ascension_level":0}