{"gold_per_floor":[113,38,49,49,49,49,61,61,61,61,78,94,110,124,124,223,223,242,242,142,142,153,153,171,171,171,171,46,61,61,25,25,123,123,138,138,156,156,169,169,89,89,89,52,68,68,82,102,102,102],"floor_reached":51,"playtime":2116,"items_purged":["Strike_G","Strike_G","Concentrate"],"score":639,"play_id":"47471399-edb3-4614-a2fb-a053082495d4","local_time":"20190221140551","is_ascension_mode":false,"campfire_choices":[{"data":"Slice","floor":6,"key":"SMITH"},{"data":"Neutralize","floor":8,"key":"SMITH"},{"data":"Slice","floor":10,"key":"SMITH"},{"data":"Glass Knife","floor":15,"key":"SMITH"},{"data":"Cloak And Dagger","floor":23,"key":"SMITH"},{"data":"Malaise","floor":25,"key":"SMITH"},{"data":"Leg Sweep","floor":27,"key":"SMITH"},{"data":"Survivor","floor":30,"key":"SMITH"},{"data":"Noxious Fumes","floor":32,"key":"SMITH"},{"floor":40,"key":"REST"},{"data":"Footwork","floor":42,"key":"SMITH"},{"floor":46,"key":"REST"},{"floor":49,"key":"REST"}],"neow_cost":"NONE","seed_source_timestamp":55498516303305,"circlet_count":0,"master_deck":["Defend_G+1","Defend_G+1","Defend_G+1","Defend_G+1","Defend_G+1","Strike_G+1","Survivor+1","Neutralize+1","Leg Sweep+1","Slice+1","Slice+1","Glass Knife+1","Cloak And Dagger+1","Malaise+1","Well Laid Plans+1","Heel Hook","Noxious Fumes+1","Glass Knife","Cloak And Dagger+1","Slice+1","Footwork+1","Footwork","Footwork+1"],"relics":["WristBlade"],"potions_floor_usage":[4,16,33,33,39,50,50],"damage_taken":[{"damage":0,"enemies":"Jaw Worm","floor":1,"turns":6},{"damage":1,"enemies":"Cultist","floor":3,"turns":6},{"damage":0,"enemies":"Small Slimes","floor":7,"turns":5},{"damage":7,"enemies":"3 Louse","floor":11,"turns":4},{"damage":0,"enemies":"Exordium Wildlife","floor":12,"turns":3},{"damage":2,"enemies":"Blue Slaver","floor":13,"turns":3},{"damage":4,"enemies":"Gremlin Gang","floor":14,"turns":6},{"damage":15,"enemies":"Slime Boss","floor":16,"turns":9},{"damage":0,"enemies":"Chosen","floor":18,"turns":6},{"damage":5,"enemies":"3 Byrds","floor":22,"turns":8},{"damage":3,"enemies":"Snake Plant","floor":24,"turns":6},{"damage":0,"enemies":"Centurion and Healer","floor":29,"turns":7},{"damage":19,"enemies":"Collector","floor":33,"turns":13},{"damage":18,"enemies":"3 Darklings","floor":35,"turns":6},{"damage":0,"enemies":"3 Shapes","floor":37,"turns":6},{"damage":15,"enemies":"Maw","floor":39,"turns":9},{"damage":22,"enemies":"Spire Growth","floor":45,"turns":6},{"damage":1,"enemies":"Writhing Mass","floor":47,"turns":10},{"damage":30,"enemies":"3 Darklings","floor":48,"turns":7},{"damage":13,"enemies":"Donu and Deca","floor":50,"turns":14}],"seed_played":"-5704311938375972942","potions_obtained":[{"floor":1,"key":"Fire Potion"},{"floor":4,"key":"Fruit Juice"},{"floor":4,"key":"FairyPotion"},{"floor":4,"key":"Strength Potion"},{"floor":7,"key":"Swift Potion"},{"floor":14,"key":"GhostInAJar"},{"floor":16,"key":"FearPotion"},{"floor":33,"key":"GhostInAJar"},{"floor":35,"key":"SpeedPotion"},{"floor":39,"key":"Block Potion"},{"floor":45,"key":"Ancient Potion"}],"is_trial":false,"path_per_floor":["M","$","M","?","$","R","M","R","T","R","M","M","M","M","R","B",null,"M","?","$","?","M","R","M","R","T","R","$","M","R","$","R","B",null,"M","?","M","?","M","R","$","R","T","$","M","R","M","M","R","B",null],"character_chosen":"THE_SILENT","items_purchased":["Noxious Fumes","Footwork","Footwork"],"campfire_rested":3,"item_purchase_floors":[31,41,44],"current_hp_per_floor":[70,70,69,74,74,74,74,74,74,74,67,67,65,61,61,46,75,75,75,75,75,70,70,67,67,67,67,67,67,67,67,67,48,75,57,57,57,57,42,64,64,64,64,64,42,64,63,33,55,42],"gold":102,"neow_bonus":"BOSS_RELIC","is_prod":false,"is_daily":false,"chose_seed":false,"campfire_upgraded":10,"win_rate":0,"timestamp":1550747151,"path_taken":["M","$","M","?","?","R","M","R","T","R","M","M","M","M","R","BOSS","M","?","$","?","M","R","M","R","T","R","$","M","R","?","R","BOSS","M","?","M","?","M","R","?","R","T","$","?","R","M","M","R","BOSS"],"build_version":"2019-01-23","purchased_purges":3,"victory":true,"max_hp_per_floor":[70,70,70,75,75,75,75,75,75,75,75,75,75,75,75,75,75,75,75,75,75,75,75,75,75,75,75,75,75,75,75,75,75,75,75,75,75,75,75,75,75,75,75,75,75,75,75,75,75,75],"card_choices":[{"not_picked":["Deadly Poison","Blade Dance"],"picked":"Leg Sweep","floor":1},{"not_picked":["Backflip","Reflex"],"picked":"Slice","floor":3},{"not_picked":["Bouncing Flask","Dodge and Roll"],"picked":"Slice","floor":7},{"not_picked":["Concentrate","Backflip","Accuracy"],"picked":"SKIP","floor":11},{"not_picked":["Prepared","Dagger Throw"],"picked":"Glass Knife","floor":12},{"not_picked":["Heel Hook","Prepared","Distraction"],"picked":"SKIP","floor":13},{"not_picked":["Outmaneuver","Underhanded Strike"],"picked":"Cloak And Dagger","floor":14},{"not_picked":["Storm of Steel","Burst"],"picked":"Malaise","floor":16},{"not_picked":["Outmaneuver","Dash"],"picked":"Well Laid Plans+1","floor":18},{"not_picked":["Leg Sweep","Outmaneuver","Flechettes"],"picked":"SKIP","floor":22},{"not_picked":["Blade Dance","Dagger Throw","Prepared"],"picked":"SKIP","floor":24},{"not_picked":["Leg Sweep+1","Deflect","Bane"],"picked":"SKIP","floor":29},{"not_picked":["After Image","Tools of the Trade"],"picked":"Glass Knife","floor":33},{"not_picked":["Prepared","Blade Dance","Choke+1"],"picked":"SKIP","floor":35},{"not_picked":["Setup","Dagger Spray+1"],"picked":"Cloak And Dagger+1","floor":37},{"not_picked":["Dagger Throw","Prepared"],"picked":"Slice+1","floor":39},{"not_picked":["All Out Attack","Riddle With Holes","Blade Dance+1"],"picked":"SKIP","floor":45},{"not_picked":["PiercingWail","Setup+1","Expertise+1"],"picked":"SKIP","floor":47},{"not_picked":["Blade Dance+1","Dagger Spray"],"picked":"Footwork+1","floor":48}],"player_experience":863650,"relics_obtained":[],"event_choices":[{"damage_healed":0,"gold_gain":0,"player_choice":"Got Potions","damage_taken":0,"max_hp_gain":0,"max_hp_loss":0,"event_name":"Lab","floor":4,"gold_loss":0},{"damage_healed":0,"gold_gain":0,"cards_transformed":["Strike_G","Strike_G"],"player_choice":"Became Test Subject","damage_taken":0,"max_hp_gain":0,"max_hp_loss":0,"event_name":"Drug Dealer","floor":19,"gold_loss":0,"cards_obtained":["Heel Hook","Concentrate"]},{"damage_healed":0,"gold_gain":0,"player_choice":"Simplicity","damage_taken":0,"max_hp_gain":0,"max_hp_loss":0,"event_name":"Back to Basics","floor":21,"gold_loss":0,"cards_upgraded":["Defend_G","Defend_G","Defend_G","Defend_G","Defend_G","Strike_G"]},{"damage_healed":0,"gold_gain":0,"player_choice":"Ignored","damage_taken":0,"max_hp_gain":0,"max_hp_loss":0,"event_name":"Tomb of Lord Red Mask","floor":36,"gold_loss":0},{"damage_healed":0,"gold_gain":0,"player_choice":"Ignored","damage_taken":0,"max_hp_gain":0,"max_hp_loss":0,"event_name":"Mysterious Sphere","floor":38,"gold_loss":0}],"is_beta":false,"boss_relics":[{"not_picked":[]},{"not_picked":[]}],"items_purged_floors":[2,20,28],"is_endless":false,"potions_floor_spawned":[1,7,11,14,16,24,33,35,39,45,47],"ascension_level":0}