{"gold_per_floor":[117,132,132,19,31,65,78,97,97,108,108,125,141,141,141,141],"floor_reached":16,"playtime":881,"items_purged":["Defend_R"],"score":106,"play_id":"f3636184-ffbb-4bb2-8b82-c4c1b3f04b7d","local_time":"20181007212027","is_ascension_mode":false,"campfire_choices":[{"data":"Fiend Fire","floor":11,"key":"SMITH"},{"floor":15,"key":"REST"}],"neow_cost":"","seed_source_timestamp":37188132397790,"circlet_count":0,"master_deck":["Strike_R","Strike_R","Strike_R","Strike_R","Defend_R","Defend_R","Defend_R","Bash","Fire Breathing+1","Body Slam","Rage","Second Wind","Armaments","Dual Wield","Fiend Fire+1","Flex","Whirlwind","Inflame","Bludgeon"],"relics":["Burning Blood","Ancient Tea Set","Matryoshka"],"potions_floor_usage":[10,13,16,16],"damage_taken":[{"damage":8,"enemies":"Jaw Worm","floor":1,"turns":5},{"damage":1,"enemies":"2 Louse","floor":2,"turns":3},{"damage":0,"enemies":"Cultist","floor":5,"turns":4},{"damage":33,"enemies":"Lagavulin","floor":6,"turns":7},{"damage":33,"enemies":"Lots of Slimes","floor":7,"turns":6},{"damage":7,"enemies":"2 Fungi Beasts","floor":8,"turns":4},{"damage":9,"enemies":"Exordium Thugs","floor":10,"turns":4},{"damage":15,"enemies":"Looter","floor":12,"turns":3},{"damage":7,"enemies":"3 Louse","floor":13,"turns":2},{"damage":38,"enemies":"Hexaghost","floor":16,"turns":7}],"seed_played":"-216462644218255151","potions_obtained":[{"floor":1,"key":"Fire Potion"},{"floor":6,"key":"Swift Potion"},{"floor":8,"key":"Explosive Potion"},{"floor":12,"key":"Swift Potion"},{"floor":13,"key":"Dexterity Potion"}],"is_trial":false,"path_per_floor":["M","M","?","$","M","E","M","M","T","M","R","M","M","?","R"],"character_chosen":"IRONCLAD","items_purchased":["Rage"],"campfire_rested":1,"item_purchase_floors":[4],"current_hp_per_floor":[78,80,80,80,80,53,26,25,25,22,22,13,12,12,36,0],"gold":141,"neow_bonus":"","is_prod":false,"is_daily":false,"chose_seed":false,"campfire_upgraded":1,"win_rate":0,"timestamp":1538936427,"path_taken":["M","M","?","$","M","E","?","?","T","M","R","M","M","?","R","BOSS"],"build_version":"2018-10-04v2","purchased_purges":1,"victory":false,"max_hp_per_floor":[80,80,80,80,80,80,80,80,80,80,80,80,80,80,80,80],"card_choices":[{"not_picked":["Burning Pact","Power Through"],"picked":"Fire Breathing","floor":1},{"not_picked":["Sword Boomerang","Thunderclap"],"picked":"Body Slam","floor":2},{"not_picked":["Blood for Blood","Cleave"],"picked":"Second Wind","floor":5},{"not_picked":["Shockwave","Clothesline"],"picked":"Armaments","floor":6},{"not_picked":["Cleave","Warcry"],"picked":"Dual Wield","floor":7},{"not_picked":["Disarm","Dual Wield"],"picked":"Fiend Fire","floor":8},{"not_picked":["Armaments","Warcry"],"picked":"Flex","floor":10},{"not_picked":["Seeing Red","Flex"],"picked":"Whirlwind","floor":12},{"not_picked":["Pommel Strike","Clash"],"picked":"Inflame","floor":13}],"player_experience":53742,"relics_obtained":[{"floor":6,"key":"Ancient Tea Set"},{"floor":9,"key":"Matryoshka"}],"event_choices":[{"event_name":"Living Wall","player_choice":"Grow","floor":3,"damage_taken":0},{"event_name":"Transmorgrifier","player_choice":"Transform","floor":14,"damage_taken":0}],"is_beta":false,"boss_relics":[],"items_purged_floors":[4],"is_endless":false,"potions_floor_spawned":[1,6,8,12,13],"killed_by":"Hexaghost","ascension_level":0}