{"gold_per_floor":[110,127,137,137,25,25,69,69,96,121,137,137,181,181,181,276,276,290,273,273,273],"floor_reached":21,"playtime":928,"items_purged":[],"score":350,"play_id":"fd06e0f9-7069-40f5-8392-3097ed51468b","local_time":"20190218234638","is_ascension_mode":true,"campfire_choices":[{"data":"Chaos","floor":6,"key":"SMITH"},{"data":"Hologram","floor":8,"key":"SMITH"},{"data":"Dualcast","floor":12,"key":"SMITH"},{"data":"Reinforced Body","floor":15,"key":"SMITH"}],"neow_cost":"NONE","seed_source_timestamp":348105536390600,"circlet_count":0,"master_deck":["AscendersBane","Strike_B","Strike_B","Strike_B","Strike_B","Defend_B","Defend_B","Defend_B","Defend_B","Zap+1","Dualcast+1","Compile Driver","Hologram+1","Reinforced Body+1","Sweeping Beam","Chaos+1","FTL","Echo Form","Leap","Buffer","Sunder+1","Compile Driver+1","Coolheaded","Cold Snap+1"],"relics":["Cracked Core","Golden Idol","Omamori","Anchor","Ancient Tea Set","Molten Egg 2","Orrery"],"potions_floor_usage":[16,16],"damage_taken":[{"damage":4,"enemies":"Jaw Worm","floor":1,"turns":3},{"damage":2,"enemies":"2 Louse","floor":2,"turns":3},{"damage":2,"enemies":"Small Slimes","floor":3,"turns":3},{"damage":7,"enemies":"Lagavulin","floor":7,"turns":6},{"damage":6,"enemies":"Blue Slaver","floor":10,"turns":4},{"damage":0,"enemies":"Large Slime","floor":11,"turns":4},{"damage":13,"enemies":"3 Sentries","floor":13,"turns":6},{"damage":3,"enemies":"The Guardian","floor":16,"turns":9},{"damage":10,"enemies":"Spheric Guardian","floor":18,"turns":4},{"damage":5,"enemies":"2 Thieves","floor":19,"turns":4},{"damage":22,"enemies":"Colosseum Slavers","floor":20,"turns":6},{"damage":20,"enemies":"Sentry and Sphere","floor":21,"turns":4}],"seed_played":"7435410218939211734","potions_obtained":[{"floor":3,"key":"Energy Potion"},{"floor":7,"key":"Explosive Potion"},{"floor":13,"key":"SkillPotion"}],"is_trial":false,"path_per_floor":["M","M","M","?","$","R","E","R","T","M","M","R","E","?","R","B",null,"M","M","?","M"],"character_chosen":"DEFECT","items_purchased":["Sweeping Beam","Chaos"],"campfire_rested":0,"item_purchase_floors":[5,5],"current_hp_per_floor":[60,58,56,56,56,56,49,49,49,43,43,43,30,25,25,22,54,44,39,17,0],"gold":273,"neow_bonus":"UPGRADE_CARD","is_prod":false,"is_daily":false,"chose_seed":false,"campfire_upgraded":4,"win_rate":0,"timestamp":1550562398,"path_taken":["M","M","M","?","$","R","E","R","T","M","M","R","E","?","R","BOSS","M","M","?","M"],"build_version":"2019-01-23","purchased_purges":0,"victory":false,"max_hp_per_floor":[71,71,71,64,64,64,64,64,64,64,64,64,64,64,64,64,64,64,64,64,64],"card_choices":[{"not_picked":["Turbo","Loop"],"picked":"Compile Driver","floor":1},{"not_picked":["Blizzard","Double Energy"],"picked":"Hologram","floor":2},{"not_picked":["Redo","Gash"],"picked":"Reinforced Body","floor":3},{"not_picked":["Melter","Lockon","Redo"],"picked":"SKIP","floor":7},{"not_picked":["Stack","Melter"],"picked":"FTL","floor":10},{"not_picked":["Double Energy","Stack"],"picked":"Echo Form","floor":11},{"not_picked":["Aggregate","Recycle"],"picked":"Leap","floor":13},{"not_picked":["Thunder Strike+1","Creative AI"],"picked":"Buffer","floor":16},{"not_picked":["Coolheaded","Conserve Battery"],"picked":"Sunder+1","floor":17},{"not_picked":["Turbo","Conserve Battery"],"picked":"Compile Driver+1","floor":17},{"not_picked":["BootSequence","Force Field"],"picked":"Coolheaded","floor":17},{"not_picked":["Leap","FTL+1"],"picked":"Cold Snap+1","floor":18},{"not_picked":["Creative AI","Static Discharge","Streamline+1"],"picked":"SKIP","floor":19}],"player_experience":439980,"relics_obtained":[{"floor":7,"key":"Omamori"},{"floor":9,"key":"Anchor"},{"floor":13,"key":"Ancient Tea Set"}],"event_choices":[{"damage_healed":0,"gold_gain":0,"player_choice":"Lose Max HP","damage_taken":0,"relics_obtained":["Golden Idol"],"max_hp_gain":0,"max_hp_loss":7,"event_name":"Golden Idol","floor":4,"gold_loss":0},{"damage_healed":0,"gold_gain":0,"player_choice":"Success","damage_taken":5,"relics_obtained":["Molten Egg 2"],"max_hp_gain":0,"max_hp_loss":0,"event_name":"Scrap Ooze","floor":14,"gold_loss":0},{"damage_healed":0,"gold_gain":0,"player_choice":"Fight","damage_taken":0,"max_hp_gain":0,"max_hp_loss":0,"event_name":"Colosseum","floor":20,"gold_loss":0},{"damage_healed":0,"gold_gain":0,"player_choice":"Fled From Nobs","damage_taken":0,"max_hp_gain":0,"max_hp_loss":0,"event_name":"Colosseum","floor":20,"gold_loss":0}],"is_beta":false,"boss_relics":[{"not_picked":["Velvet Choker","Empty Cage"],"picked":"Orrery"}],"items_purged_floors":[],"is_endless":false,"potions_floor_spawned":[3,7,13,20],"killed_by":"Sentry and Sphere","ascension_level":17}