{"gold_per_floor":[118,133,83,83,94,94,110,110,135,152,170,199,211,239,251,360,372,395,421,446,469,481,493,519,531],"floor_reached":25,"playtime":1709,"items_purged":[],"score":209,"play_id":"c76a30b8-f234-4586-84d4-ef1ec31386de","local_time":"20181208160732","is_ascension_mode":false,"campfire_choices":[{"data":"Seek","floor":6,"key":"SMITH"},{"data":"Genetic Algorithm","floor":15,"key":"SMITH"},{"data":"Buffer","floor":23,"key":"SMITH"}],"neow_cost":"NONE","seed_source_timestamp":18681376449356,"circlet_count":0,"master_deck":["Strike_B","Strike_B","Defend_B","Defend_B","Defend_B","Defend_B","Zap","Dualcast","Seek+1","Go for the Eyes","Leap","Hologram","Genetic Algorithm+1","Amplify","Beam Cell","Conserve Battery+1","Reinforced Body","Buffer+1","Self Repair+1"],"relics":["Cracked Core","Art of War","MawBank","Dream Catcher","Runic Pyramid","The Courier"],"potions_floor_usage":[5,16,16,20,20,24],"damage_taken":[{"damage":1,"enemies":"Cultist","floor":1,"turns":4},{"damage":4,"enemies":"Jaw Worm","floor":2,"turns":3},{"damage":3,"enemies":"2 Louse","floor":5,"turns":3},{"damage":3,"enemies":"Exordium Thugs","floor":7,"turns":6},{"damage":0,"enemies":"2 Fungi Beasts","floor":10,"turns":3},{"damage":1,"enemies":"Red Slaver","floor":11,"turns":4},{"damage":4,"enemies":"Lagavulin","floor":12,"turns":9},{"damage":0,"enemies":"Blue Slaver","floor":14,"turns":4},{"damage":12,"enemies":"The Guardian","floor":16,"turns":13},{"damage":9,"enemies":"Shell Parasite","floor":18,"turns":11},{"damage":9,"enemies":"Spheric Guardian","floor":19,"turns":6},{"damage":4,"enemies":"Centurion and Healer","floor":20,"turns":12},{"damage":3,"enemies":"Snake Plant","floor":21,"turns":7},{"damage":0,"enemies":"Chosen and Byrds","floor":24,"turns":8},{"damage":60,"enemies":"Cultist and Chosen","floor":25,"turns":8}],"seed_played":"-5366862410669958768","potions_obtained":[{"floor":4,"key":"FocusPotion"},{"floor":4,"key":"Weak Potion"},{"floor":4,"key":"SneckoOil"},{"floor":5,"key":"SteroidPotion"},{"floor":12,"key":"Strength Potion"},{"floor":16,"key":"EntropicBrew"},{"floor":20,"key":"Dexterity Potion"}],"is_trial":false,"path_per_floor":["M","M","?","?","M","R","M","?","T","M","M","E","?","M","R","B",null,"M","M","M","M","T","R","M","M"],"character_chosen":"DEFECT","items_purchased":[],"campfire_rested":0,"item_purchase_floors":[],"current_hp_per_floor":[74,70,70,70,67,67,64,64,64,64,63,59,59,59,59,47,75,66,57,53,50,50,50,50,0],"gold":531,"neow_bonus":"ONE_RANDOM_RARE_CARD","is_prod":false,"is_daily":false,"chose_seed":false,"campfire_upgraded":3,"win_rate":0,"timestamp":1544274452,"path_taken":["M","?","?","?","?","R","M","?","T","?","M","E","?","M","R","BOSS","M","M","?","M","?","R","M","M"],"build_version":"2018-12-06","purchased_purges":0,"victory":false,"max_hp_per_floor":[75,75,75,75,75,75,75,75,75,75,75,75,75,75,75,75,75,75,75,75,75,75,75,75,75],"card_choices":[{"not_picked":["Ball Lightning","Sunder"],"picked":"Cold Snap","floor":1},{"not_picked":["Stack","Compile Driver","Auto Shields"],"picked":"SKIP","floor":2},{"not_picked":["Leap","Hello World"],"picked":"Go for the Eyes","floor":5},{"not_picked":["Barrage","Static Discharge","Cold Snap"],"picked":"SKIP","floor":7},{"not_picked":["Compile Driver","Ball Lightning"],"picked":"Leap","floor":10},{"not_picked":["Chaos","Turbo"],"picked":"Hologram","floor":11},{"not_picked":["Lockon","Biased Cognition","Steam Power"],"picked":"SKIP","floor":12},{"not_picked":["Leap","Ball Lightning"],"picked":"Genetic Algorithm","floor":14},{"not_picked":["Meteor Strike","Rainbow"],"picked":"Amplify","floor":16},{"not_picked":["Sunder","Barrage"],"picked":"Beam Cell","floor":18},{"not_picked":["Redo","Double Energy+1"],"picked":"Conserve Battery+1","floor":19},{"not_picked":["Leap","Beam Cell+1"],"picked":"Reinforced Body","floor":20},{"not_picked":["Steam","Streamline"],"picked":"Buffer","floor":21},{"not_picked":["Streamline","Steam"],"picked":"Self Repair+1","floor":24}],"player_experience":269414,"relics_obtained":[{"floor":9,"key":"Art of War"},{"floor":12,"key":"MawBank"},{"floor":22,"key":"The Courier"}],"event_choices":[{"cards_removed":["Strike_B"],"damage_healed":0,"gold_gain":0,"player_choice":"Card Removal","damage_taken":0,"max_hp_gain":0,"max_hp_loss":0,"event_name":"The Cleric","floor":3,"gold_loss":50},{"damage_healed":0,"gold_gain":0,"player_choice":"Got Potions","damage_taken":0,"max_hp_gain":0,"max_hp_loss":0,"event_name":"Lab","floor":4,"gold_loss":0},{"cards_removed":["Strike_B"],"damage_healed":0,"gold_gain":0,"player_choice":"Offered Basic","damage_taken":0,"max_hp_gain":0,"max_hp_loss":0,"event_name":"Bonfire Elementals","floor":8,"gold_loss":0},{"cards_removed":["Cold Snap"],"damage_healed":0,"gold_gain":0,"player_choice":"Gave Card","damage_taken":0,"relics_obtained":["Dream Catcher"],"max_hp_gain":0,"max_hp_loss":0,"event_name":"WeMeetAgain","floor":13,"gold_loss":0}],"is_beta":false,"boss_relics":[{"not_picked":["Runic Dome","Lizard Tail"],"picked":"Runic Pyramid"}],"items_purged_floors":[],"is_endless":false,"potions_floor_spawned":[5,12,14,16,20],"killed_by":"Cultist and Chosen","ascension_level":0}