{"gold_per_floor":[11,27,37,37,112,146,146,146,191,191,206,229,229,245,245,348,348,365,140,150,70,70,70,84,101,101,118,118,136,155,155,155,260,260,273,285,385,399,4,36,36,53,53,53,70,70,20,20,20,20],"floor_reached":51,"playtime":3664,"items_purged":["Strike_G","Bite"],"score":679,"play_id":"735a57d1-15d6-4fe1-81d0-f2ec31fb3c8d","local_time":"20181112221904","is_ascension_mode":false,"campfire_choices":[{"data":"Leg Sweep","floor":7,"key":"SMITH"},{"data":"Cloak And Dagger","floor":10,"key":"SMITH"},{"floor":15,"key":"REST"},{"data":"Night Terror","floor":23,"key":"SMITH"},{"data":"Footwork","floor":28,"key":"SMITH"},{"data":"Footwork","floor":32,"key":"SMITH"},{"data":"Catalyst","floor":41,"key":"SMITH"},{"data":"Cloak And Dagger","floor":46,"key":"SMITH"},{"data":"Noxious Fumes","floor":49,"key":"SMITH"}],"neow_cost":"NO_GOLD","seed_source_timestamp":4482294921789,"circlet_count":0,"master_deck":["Defend_G+1","Defend_G+1","Defend_G+1","Defend_G+1","Defend_G+1","Survivor","Neutralize","Cloak And Dagger+1","Choke+1","Leg Sweep+1","Backstab+1","Dash","Cloak And Dagger+1","Noxious Fumes+1","Footwork+1","Night Terror+1","Deadly Poison+1","Footwork+1","Catalyst+1","Deadly Poison","Deadly Poison+1","Bite","Bite","Bite","After Image","Blur"],"relics":["Ring of the Snake","Ginger","Dream Catcher","Lantern","Odd Mushroom","Bottled Flame","Runic Pyramid","Blood Vial","Whetstone","Velvet Choker","FossilizedHelix","Paper Crane","Oddly Smooth Stone","Smiling Mask","Torii"],"potions_floor_usage":[6,6,16,18,27,33,37,50],"damage_taken":[{"damage":1,"enemies":"Cultist","floor":1,"turns":4},{"damage":0,"enemies":"Small Slimes","floor":2,"turns":4},{"damage":0,"enemies":"2 Louse","floor":3,"turns":3},{"damage":19,"enemies":"Lagavulin","floor":6,"turns":7},{"damage":9,"enemies":"Gremlin Gang","floor":11,"turns":7},{"damage":10,"enemies":"The Mushroom Lair","floor":12,"turns":5},{"damage":0,"enemies":"Red Slaver","floor":14,"turns":2},{"damage":9,"enemies":"Hexaghost","floor":16,"turns":12},{"damage":12,"enemies":"3 Byrds","floor":18,"turns":5},{"damage":0,"enemies":"Shell Parasite","floor":20,"turns":6},{"damage":4,"enemies":"Shelled Parasite and Fungi","floor":24,"turns":8},{"damage":0,"enemies":"Centurion and Healer","floor":25,"turns":13},{"damage":7,"enemies":"Snake Plant","floor":27,"turns":3},{"damage":2,"enemies":"Cultist and Chosen","floor":29,"turns":7},{"damage":1,"enemies":"Shelled Parasite and Fungi","floor":30,"turns":8},{"damage":21,"enemies":"Champ","floor":33,"turns":15},{"damage":0,"enemies":"3 Shapes","floor":35,"turns":4},{"damage":0,"enemies":"Orb Walker","floor":36,"turns":3},{"damage":0,"enemies":"Mind Bloom Boss Battle","floor":37,"turns":8},{"damage":0,"enemies":"Jaw Worm Horde","floor":38,"turns":9},{"damage":0,"enemies":"Nemesis","floor":40,"turns":9},{"damage":0,"enemies":"3 Darklings","floor":42,"turns":7},{"damage":0,"enemies":"4 Shapes","floor":45,"turns":4},{"damage":41,"enemies":"Awakened One","floor":50,"turns":20}],"seed_played":"4178207944059026552","potions_obtained":[{"floor":1,"key":"Fire Potion"},{"floor":3,"key":"AttackPotion"},{"floor":12,"key":"FearPotion"},{"floor":14,"key":"Explosive Potion"},{"floor":25,"key":"LiquidBronze"},{"floor":27,"key":"Fruit Juice"},{"floor":29,"key":"EntropicBrew"},{"floor":30,"key":"Regen Potion"},{"floor":35,"key":"Block Potion"},{"floor":37,"key":"Fruit Juice"},{"floor":40,"key":"Explosive Potion"},{"floor":42,"key":"Regen Potion"}],"is_trial":false,"path_per_floor":["M","M","M","?","?","E","R","?","T","R","M","?","T","M","R","B",null,"M","$","M","$","?","R","M","M","T","M","R","M","M","?","R","B",null,"M","M","?","M","$","E","R","M","T","?","M","R","$","?","R","B",null],"character_chosen":"THE_SILENT","items_purchased":["Blood Vial","Footwork","Paper Crane","Oddly Smooth Stone"],"campfire_rested":1,"item_purchase_floors":[19,21,39,39],"current_hp_per_floor":[69,69,69,69,58,39,39,39,39,39,30,20,20,20,41,32,70,58,58,60,60,60,60,58,60,60,60,60,60,61,52,52,37,52,52,52,57,57,57,57,57,57,57,57,57,57,57,54,54,54],"gold":20,"neow_bonus":"ONE_RARE_RELIC","is_prod":false,"is_daily":false,"chose_seed":false,"campfire_upgraded":8,"win_rate":0,"timestamp":1542050344,"path_taken":["M","M","?","?","?","E","R","?","T","R","M","?","?","M","R","BOSS","M","$","?","?","?","R","M","M","T","M","R","M","M","?","R","BOSS","M","M","?","M","$","E","R","M","T","?","M","R","$","?","R","BOSS"],"build_version":"2018-11-08","purchased_purges":2,"victory":true,"max_hp_per_floor":[70,70,70,70,70,70,70,70,70,70,70,70,70,70,70,70,70,70,70,70,70,70,70,70,70,70,75,75,75,75,52,52,52,52,52,52,57,57,57,57,57,57,57,57,57,57,57,54,54,54],"card_choices":[{"not_picked":["Flying Knee","Poisoned Stab"],"picked":"Cloak And Dagger","floor":1},{"not_picked":["Underhanded Strike","Deflect"],"picked":"Choke","floor":2},{"not_picked":["Dagger Throw","Poisoned Stab"],"picked":"Leg Sweep","floor":3},{"not_picked":["Skewer","Terror"],"picked":"Backstab","floor":6},{"not_picked":["Bane","Quick Slash"],"picked":"Dash","floor":11},{"not_picked":["Underhanded Strike","Dagger Throw"],"picked":"Cloak And Dagger","floor":12},{"not_picked":["Cloak And Dagger","Accuracy"],"picked":"Noxious Fumes","floor":14},{"not_picked":["Well Laid Plans","Finisher"],"picked":"Footwork","floor":15},{"not_picked":["Tools of the Trade","Die Die Die"],"picked":"Night Terror","floor":16},{"not_picked":["PiercingWail","Prepared"],"picked":"Deadly Poison+1","floor":18},{"not_picked":["Quick Slash+1","Cloak And Dagger","Poisoned Stab+1"],"picked":"SKIP","floor":20},{"not_picked":["Flechettes+1","Venomology"],"picked":"Catalyst","floor":24},{"not_picked":["Sucker Punch","Poisoned Stab"],"picked":"Deadly Poison","floor":25},{"not_picked":["Choke+1","Prepared+1","Skewer"],"picked":"SKIP","floor":27},{"not_picked":["Skewer","Bane"],"picked":"Deadly Poison+1","floor":29},{"not_picked":["Flying Knee+1","Distraction+1","Quick Slash"],"picked":"SKIP","floor":30},{"not_picked":["Adrenaline","Venomology"],"picked":"After Image","floor":33},{"not_picked":["Prepared","Heel Hook+1","Blade Dance"],"picked":"SKIP","floor":35},{"not_picked":["Expertise+1","Leg Sweep+1","Crippling Poison"],"picked":"SKIP","floor":36},{"not_picked":["Dagger Throw+1","Deadly Poison"],"picked":"Blur","floor":37},{"not_picked":["Infinite Blades+1","Acrobatics+1","Expertise"],"picked":"SKIP","floor":38},{"not_picked":["Choke+1","Infinite Blades+1","Sucker Punch"],"picked":"SKIP","floor":40},{"not_picked":["Blade Dance+1","Prepared+1","Burst"],"picked":"SKIP","floor":42},{"not_picked":["Poisoned Stab","Dagger Throw","Skewer+1"],"picked":"SKIP","floor":45}],"player_experience":170471,"relics_obtained":[{"floor":6,"key":"Dream Catcher"},{"floor":9,"key":"Lantern"},{"floor":12,"key":"Odd Mushroom"},{"floor":13,"key":"Bottled Flame"},{"floor":26,"key":"Whetstone"},{"floor":37,"key":"FossilizedHelix"},{"floor":40,"key":"Smiling Mask"},{"floor":43,"key":"Torii"}],"event_choices":[{"damage_healed":0,"gold_gain":0,"player_choice":"Leave","damage_taken":0,"max_hp_gain":0,"max_hp_loss":0,"event_name":"The Cleric","floor":4,"gold_loss":0},{"damage_healed":0,"gold_gain":75,"player_choice":"Gather Gold","damage_taken":11,"max_hp_gain":0,"max_hp_loss":0,"event_name":"World of Goop","floor":5,"gold_loss":0},{"damage_healed":0,"gold_gain":0,"player_choice":"Ignored","damage_taken":0,"max_hp_gain":0,"max_hp_loss":0,"event_name":"Golden Idol","floor":8,"gold_loss":0},{"damage_healed":0,"gold_gain":0,"player_choice":"Fought Mushrooms","damage_taken":0,"max_hp_gain":0,"max_hp_loss":0,"event_name":"Mushrooms","floor":12,"gold_loss":0},{"damage_healed":0,"gold_gain":0,"player_choice":"Simplicity","damage_taken":0,"max_hp_gain":0,"max_hp_loss":0,"event_name":"Back to Basics","floor":22,"gold_loss":0,"cards_upgraded":["Defend_G","Defend_G","Defend_G","Defend_G","Defend_G","Strike_G","Strike_G","Strike_G","Strike_G"]},{"damage_healed":0,"gold_gain":0,"player_choice":"Became a vampire","damage_taken":0,"max_hp_gain":0,"max_hp_loss":23,"event_name":"Vampires","floor":31,"gold_loss":0,"cards_obtained":["Bite","Bite","Bite","Bite","Bite"]},{"damage_healed":0,"gold_gain":0,"player_choice":"Fight","damage_taken":0,"max_hp_gain":0,"max_hp_loss":0,"event_name":"MindBloom","floor":37,"gold_loss":0},{"cards_removed":["Bite"],"damage_healed":0,"gold_gain":0,"player_choice":"Removed Attack","damage_taken":0,"max_hp_gain":0,"max_hp_loss":0,"event_name":"Falling","floor":44,"gold_loss":0},{"damage_healed":0,"gold_gain":0,"player_choice":"Max HP","damage_taken":0,"max_hp_gain":0,"max_hp_loss":3,"event_name":"Winding Halls","floor":48,"gold_loss":0}],"is_beta":false,"boss_relics":[{"not_picked":["White Beast Statue","Cursed Key"],"picked":"Runic Pyramid"},{"not_picked":["Orrery","Astrolabe"],"picked":"Velvet Choker"}],"items_purged_floors":[19,47],"is_endless":false,"potions_floor_spawned":[1,3,12,14,25,27,29,30,35,37,40,42],"ascension_level":0}