{"gold_per_floor":[118,118,134,144,164,164,174,194,262,291,305,305,338,355,355,426,426,446,446,446,25,25,25],"floor_reached":23,"playtime":2676,"items_purged":[],"score":335,"play_id":"f2732aee-c909-4e0a-a888-f0a490d6e5f8","local_time":"20190423230015","is_ascension_mode":true,"campfire_choices":[{"data":"Capacitor","floor":6,"key":"SMITH"},{"floor":12,"key":"REST"},{"floor":15,"key":"REST"}],"neow_cost":"NONE","seed_source_timestamp":0,"circlet_count":0,"master_deck":["AscendersBane","Strike_B","Strike_B","Strike_B","Strike_B","Defend_B","Defend_B","Defend_B","Defend_B","Zap","Dualcast","Electrodynamics","Cold Snap","Leap","Capacitor+1","Hologram","Barrage","Compile Driver","Reinforced Body","Machine Learning","Genetic Algorithm"],"special_seed":0,"relics":["Cracked Core","Gremlin Horn","Potion Belt","Bird Faced Urn","Inserter","Incense Burner"],"potions_floor_usage":[8,23,23],"damage_taken":[{"damage":2,"enemies":"2 Louse","floor":1,"turns":2},{"damage":13,"enemies":"Small Slimes","floor":3,"turns":3},{"damage":0,"enemies":"Jaw Worm","floor":4,"turns":3},{"damage":3,"enemies":"Blue Slaver","floor":5,"turns":4},{"damage":1,"enemies":"2 Fungi Beasts","floor":7,"turns":2},{"damage":0,"enemies":"Gremlin Gang","floor":8,"turns":3},{"damage":21,"enemies":"3 Sentries","floor":10,"turns":5},{"damage":4,"enemies":"Looter","floor":11,"turns":4},{"damage":25,"enemies":"Lagavulin","floor":13,"turns":8},{"damage":5,"enemies":"Blue Slaver","floor":14,"turns":5},{"damage":48,"enemies":"Hexaghost","floor":16,"turns":11},{"damage":18,"enemies":"Shell Parasite","floor":18,"turns":11},{"damage":64,"enemies":"Gremlin Leader","floor":23,"turns":9}],"seed_played":"-8189969690046524692","potions_obtained":[{"floor":1,"key":"Strength Potion"},{"floor":3,"key":"FairyPotion"},{"floor":7,"key":"SkillPotion"},{"floor":16,"key":"LiquidBronze"},{"floor":18,"key":"Energy Potion"}],"is_trial":false,"path_per_floor":["M","$","M","M","M","R","M","M","T","E","M","R","E","M","R","B",null,"M","?","?","$","?","E"],"character_chosen":"DEFECT","items_purchased":["Incense Burner","Genetic Algorithm","Explosive Potion"],"campfire_rested":2,"item_purchase_floors":[21,21,21],"current_hp_per_floor":[66,66,53,53,50,50,49,49,49,28,24,46,21,18,40,6,58,46,46,46,46,46,0],"gold":25,"neow_bonus":"ONE_RANDOM_RARE_CARD","is_prod":false,"is_daily":false,"chose_seed":false,"campfire_upgraded":1,"win_rate":0,"timestamp":1556085615,"path_taken":["M","$","M","M","M","R","M","M","T","E","M","R","E","M","R","BOSS","M","?","?","$","?","E"],"build_version":"2019-01-23","purchased_purges":0,"victory":false,"max_hp_per_floor":[75,75,75,75,75,75,75,75,75,75,75,75,75,75,75,75,75,75,75,75,75,75,75],"card_choices":[{"not_picked":["Storm","Steam Power"],"picked":"Cold Snap","floor":1},{"not_picked":["Rebound","Beam Cell"],"picked":"Leap","floor":3},{"not_picked":["Stack","Gash","Double Energy"],"picked":"SKIP","floor":4},{"not_picked":["Rebound","Cold Snap"],"picked":"Capacitor","floor":5},{"not_picked":["Gash","Double Energy"],"picked":"Hologram","floor":7},{"not_picked":["Scrape","Static Discharge"],"picked":"Barrage","floor":8},{"not_picked":["Redo","Tempest"],"picked":"Compile Driver","floor":10},{"not_picked":["Redo","Fusion"],"picked":"Reinforced Body","floor":11},{"not_picked":["Tempest","Chaos","Darkness"],"picked":"SKIP","floor":13},{"not_picked":["Gash","Fusion","Hologram"],"picked":"SKIP","floor":14},{"not_picked":["Seek","Meteor Strike"],"picked":"Machine Learning","floor":16},{"not_picked":["Chaos","Redo","Sweeping Beam"],"picked":"SKIP","floor":18}],"player_experience":420087,"relics_obtained":[{"floor":9,"key":"Gremlin Horn"},{"floor":10,"key":"Potion Belt"},{"floor":13,"key":"Bird Faced Urn"}],"event_choices":[{"damage_healed":0,"gold_gain":0,"player_choice":"Ignored","damage_taken":0,"max_hp_gain":0,"max_hp_loss":0,"event_name":"Cursed Tome","floor":19,"gold_loss":0},{"damage_healed":0,"gold_gain":0,"player_choice":"Ignored","damage_taken":0,"max_hp_gain":0,"max_hp_loss":0,"event_name":"The Mausoleum","floor":20,"gold_loss":0}],"is_beta":false,"boss_relics":[{"not_picked":["Lizard Tail","Coffee Dripper"],"picked":"Inserter"}],"items_purged_floors":[],"is_endless":false,"potions_floor_spawned":[1,3,7,16,18],"killed_by":"Gremlin Leader","ascension_level":13}