{"gold_per_floor":[119,119,43,43,66,109,109,144,168,181,19,19,19,42,42,135,135,148,148,166,176,7,32,32,44,44,44,76,93,122,34,34,108,108,123,134,234,234,244,244,273,283,309,319,349,349,56,71,71,71,71],"floor_reached":52,"playtime":5202,"items_purged":["Strike_G","Decay","Doubt"],"score":1981,"play_id":"f779bb2d-c92f-46a1-8ad2-728cb95d88f5","local_time":"20190117232440","is_ascension_mode":true,"campfire_choices":[{"data":"Neutralize","floor":7.0,"key":"SMITH"},{"floor":13.0,"key":"REST"},{"data":"Noxious Fumes","floor":15.0,"key":"SMITH"},{"data":"Wraith Form v2","floor":24.0,"key":"SMITH"},{"data":"Choke","floor":32.0,"key":"SMITH"},{"data":"Night Terror","floor":40.0,"key":"SMITH"},{"data":"Phantasmal Killer","floor":46.0,"key":"SMITH"},{"data":"Leg Sweep","floor":49.0,"key":"SMITH"}],"neow_cost":"NONE","seed_source_timestamp":8641175177456,"circlet_count":0,"master_deck":["AscendersBane","Defend_G","Defend_G","Defend_G","Defend_G","Defend_G","Survivor","Neutralize+1","PiercingWail","Noxious Fumes+1","Wraith Form v2+1","Flying Knee","Dash+1","Skewer","Deadly Poison+1","Well Laid Plans","Leg Sweep+1","PiercingWail","Escape Plan","Choke+1","Bite","Bite","Bite","Footwork+1","Backstab+1","Night Terror+1","Dark Shackles+1","Dark Shackles+1","Backflip+1","Well Laid Plans+1","Blur","Crippling Poison+1","Poisoned Stab+1","Phantasmal Killer+1","Escape Plan+1","Acrobatics+1"],"special_seed":0,"relics":["Ring of the Snake","NeowsBlessing","Bloody Idol","Happy Flower","Sundial","Orichalcum","PreservedInsect","Cursed Key","Centennial Puzzle","Blue Candle","Frozen Egg 2","MawBank","Astrolabe","Shovel","Bag of Marbles","Art of War","Omamori","War Paint"],"potions_floor_usage":[51],"damage_taken":[{"damage":0.0,"enemies":"Small Slimes","floor":1.0,"turns":1.0},{"damage":0.0,"enemies":"Lagavulin","floor":6.0,"turns":1.0},{"damage":0.0,"enemies":"Gremlin Nob","floor":8.0,"turns":1.0},{"damage":0.0,"enemies":"Jaw Worm","floor":10.0,"turns":4.0},{"damage":0.0,"enemies":"Cultist","floor":14.0,"turns":3.0},{"damage":23.0,"enemies":"Hexaghost","floor":16.0,"turns":11.0},{"damage":9.0,"enemies":"2 Thieves","floor":18.0,"turns":4.0},{"damage":19.0,"enemies":"Chosen","floor":20.0,"turns":6.0},{"damage":18.0,"enemies":"Centurion and Healer","floor":21.0,"turns":8.0},{"damage":14.0,"enemies":"Slavers","floor":23.0,"turns":6.0},{"damage":7.0,"enemies":"Snake Plant","floor":25.0,"turns":5.0},{"damage":13.0,"enemies":"Book of Stabbing","floor":28.0,"turns":5.0},{"damage":18.0,"enemies":"Cultist and Chosen","floor":29.0,"turns":9.0},{"damage":2.0,"enemies":"Gremlin Leader","floor":30.0,"turns":3.0},{"damage":62.0,"enemies":"Collector","floor":33.0,"turns":13.0},{"damage":6.0,"enemies":"Orb Walker","floor":35.0,"turns":6.0},{"damage":27.0,"enemies":"3 Darklings","floor":36.0,"turns":8.0},{"damage":8.0,"enemies":"Mind Bloom Boss Battle","floor":37.0,"turns":10.0},{"damage":6.0,"enemies":"Sphere and 2 Shapes","floor":39.0,"turns":7.0},{"damage":9.0,"enemies":"Nemesis","floor":41.0,"turns":9.0},{"damage":35.0,"enemies":"Spire Growth","floor":42.0,"turns":7.0},{"damage":10.0,"enemies":"Writhing Mass","floor":44.0,"turns":8.0},{"damage":5.0,"enemies":"Giant Head","floor":45.0,"turns":11.0},{"damage":10.0,"enemies":"Transient","floor":48.0,"turns":6.0},{"damage":14,"enemies":"Awakened One","floor":50,"turns":48},{"damage":33,"enemies":"Donu and Deca","floor":51,"turns":14}],"seed_played":"6577851460200983167","potions_obtained":[{"floor":6.0,"key":"SteroidPotion"},{"floor":10.0,"key":"Ancient Potion"},{"floor":14.0,"key":"Fire Potion"},{"floor":16.0,"key":"Regen Potion"},{"floor":18.0,"key":"Regen Potion"},{"floor":30.0,"key":"Ancient Potion"},{"floor":36.0,"key":"Block Potion"},{"floor":37.0,"key":"SpeedPotion"},{"floor":39.0,"key":"Fire Potion"}],"is_trial":false,"path_per_floor":["M","?","$","?","T","E","R","E","T","M","$","?","R","M","R","B",null,"M","?","M","M","$","E","R","M","T","?","E","M","E","$","R","B",null,"M","M","?","?","M","R","E","M","T","M","E","R","$","M","R","B","B",null],"character_chosen":"THE_SILENT","items_purchased":["Noxious Fumes","Skewer","GhostInAJar","Regen Potion","War Paint"],"campfire_rested":1,"item_purchase_floors":[3,11,22,22,47],"current_hp_per_floor":[59,36,36,29,29,29,29,29,29,29,29,29,48,48,48,25,56,47,47,33,66,66,57,57,55,55,46,46,45,46,46,46,23,40,46,33,46,46,46,46,46,22,27,32,44,44,44,41,41,46,27],"gold":71,"neow_bonus":"THREE_ENEMY_KILL","is_prod":false,"is_daily":false,"chose_seed":false,"campfire_upgraded":7,"win_rate":0,"timestamp":1547756680,"path_taken":["M","?","$","?","?","E","R","E","T","?","?","?","R","M","R","BOSS","M","?","M","M","$","E","R","M","T","?","E","M","E","?","R","BOSS","M","M","?","?","?","R","E","M","T","M","E","R","$","M","R","BOSS","BOSS"],"build_version":"2019-01-10","purchased_purges":3,"victory":true,"max_hp_per_floor":[66,66,66,66,66,66,66,66,66,66,66,66,66,66,66,66,66,66,66,66,66,66,66,66,66,66,46,46,46,46,46,46,46,46,46,46,46,46,46,46,46,46,46,46,46,46,46,46,46,46,46],"card_choices":[{"not_picked":["Quick Slash","Infinite Blades"],"picked":"PiercingWail","floor":1.0},{"not_picked":["Dodge and Roll","Quick Slash"],"picked":"Wraith Form v2","floor":6.0},{"not_picked":["Underhanded Strike","Prepared"],"picked":"Flying Knee","floor":8.0},{"not_picked":["Poisoned Stab","Blade Dance"],"picked":"Dash","floor":10.0},{"not_picked":["Backflip","Infinite Blades"],"picked":"Deadly Poison","floor":14.0},{"not_picked":["Envenom","Tools of the Trade"],"picked":"Unload","floor":16.0},{"not_picked":["Flechettes+1","All Out Attack"],"picked":"Well Laid Plans","floor":18.0},{"not_picked":["Eviscerate","Deflect"],"picked":"Leg Sweep","floor":20.0},{"not_picked":["Dagger Throw","Riddle With Holes"],"picked":"PiercingWail","floor":21.0},{"not_picked":["Concentrate+1","Acrobatics"],"picked":"Escape Plan","floor":23.0},{"not_picked":["Quick Slash+1","Underhanded Strike+1"],"picked":"Choke","floor":25.0},{"not_picked":["Deflect","Flying Knee"],"picked":"Footwork","floor":28.0},{"not_picked":["Crippling Poison","Prepared","Backstab+1"],"picked":"SKIP","floor":29.0},{"not_picked":["Crippling Poison","Prepared"],"picked":"Backstab+1","floor":29.0},{"not_picked":["Poisoned Stab","Flechettes","Bouncing Flask"],"picked":"SKIP","floor":30.0},{"not_picked":["Phantasmal Killer","Storm of Steel"],"picked":"Night Terror","floor":33.0},{"not_picked":["Cloak And Dagger","Skewer","Poisoned Stab"],"picked":"SKIP","floor":35.0},{"not_picked":["Dagger Spray","Deflect"],"picked":"Well Laid Plans+1","floor":36.0},{"not_picked":["Flying Knee","Deflect"],"picked":"Blur","floor":39.0},{"not_picked":["Outmaneuver+1","Setup"],"picked":"Crippling Poison+1","floor":41.0},{"not_picked":["Leg Sweep","Bouncing Flask"],"picked":"Poisoned Stab+1","floor":42.0},{"not_picked":["Crippling Poison","Dagger Spray+1"],"picked":"Phantasmal Killer","floor":44.0},{"not_picked":["Well Laid Plans+1","Caltrops+1"],"picked":"Escape Plan","floor":45.0},{"not_picked":["Caltrops+1","Dagger Throw"],"picked":"Acrobatics+1","floor":48.0}],"player_experience":475501,"relics_obtained":[{"floor":5.0,"key":"Happy Flower"},{"floor":6.0,"key":"Sundial"},{"floor":8.0,"key":"Orichalcum"},{"floor":9.0,"key":"PreservedInsect"},{"floor":23.0,"key":"Centennial Puzzle"},{"floor":26.0,"key":"Blue Candle"},{"floor":28.0,"key":"Frozen Egg 2"},{"floor":30.0,"key":"MawBank"},{"floor":37.0,"key":"Shovel"},{"floor":41.0,"key":"Bag of Marbles"},{"floor":43.0,"key":"Art of War"},{"floor":45.0,"key":"Omamori"}],"event_choices":[{"damage_healed":0.0,"max_hp_gain":0.0,"max_hp_loss":0.0,"gold_gain":0.0,"event_name":"Golden Idol","player_choice":"Take Damage","floor":2.0,"gold_loss":0.0,"damage_taken":23.0,"relics_obtained":["Golden Idol"]},{"cards_removed":["Strike_G"],"damage_healed":0.0,"max_hp_gain":0.0,"max_hp_loss":0.0,"gold_gain":0.0,"event_name":"Golden Wing","player_choice":"Card Removal","floor":4.0,"gold_loss":0.0,"damage_taken":7.0},{"damage_healed":0.0,"max_hp_gain":0.0,"max_hp_loss":0.0,"gold_gain":0.0,"event_name":"Living Wall","player_choice":"Grow","floor":12.0,"gold_loss":0.0,"damage_taken":0.0,"cards_upgraded":["Dash"]},{"damage_healed":0.0,"max_hp_gain":0.0,"max_hp_loss":0.0,"gold_gain":0.0,"event_name":"Forgotten Altar","player_choice":"Gave Idol","floor":19.0,"relics_lost":["Golden Idol"],"gold_loss":0.0,"damage_taken":0.0,"relics_obtained":["Bloody Idol"]},{"damage_healed":0.0,"max_hp_gain":0.0,"max_hp_loss":20.0,"gold_gain":0.0,"event_name":"Vampires","player_choice":"Became a vampire","floor":27.0,"gold_loss":0.0,"damage_taken":0.0,"cards_obtained":["Bite","Bite","Bite","Bite","Bite"]},{"damage_healed":0.0,"max_hp_gain":0.0,"max_hp_loss":0.0,"gold_gain":0.0,"event_name":"MindBloom","player_choice":"Fight","floor":37.0,"gold_loss":0.0,"damage_taken":0.0},{"damage_healed":0.0,"max_hp_gain":0.0,"max_hp_loss":0.0,"gold_gain":0.0,"event_name":"Mysterious Sphere","player_choice":"Ignored","floor":38.0,"gold_loss":0.0,"damage_taken":0.0}],"is_beta":false,"boss_relics":[{"not_picked":["Sozu","Eternal Feather"],"picked":"Cursed Key"},{"not_picked":["Tiny House","Ring of the Serpent"],"picked":"Astrolabe"}],"items_purged_floors":[11,31,47],"is_endless":false,"potions_floor_spawned":[6,10,14,16,18,28,29,30,36,37,39,42],"ascension_level":20}