{"gold_per_floor":[15,115,132,148,166,166,166,166,166,166,166,199,86,104,104,225,225,225,225,125,125,0,0,0,0,0,0,0,0,0,0,0,0,0,0,0,0,0,0,0],"floor_reached":40,"playtime":2436,"items_purged":["Strike_G","Strike_G","Strike_G"],"score":390,"play_id":"e6f953ff-d34b-4ec3-90b1-de01fbe1219a","local_time":"20181125163438","is_ascension_mode":false,"campfire_choices":[{"data":"Survivor","floor":6,"key":"SMITH"},{"data":"Swift Strike","floor":8,"key":"SMITH"},{"data":"Deadly Poison","floor":11,"key":"SMITH"},{"floor":15,"key":"REST"},{"data":"Prepared","floor":23,"key":"SMITH"},{"data":"Escape Plan","floor":28,"key":"SMITH"},{"data":"Blur","floor":30,"key":"SMITH"},{"floor":32,"key":"REST"}],"neow_cost":"NO_GOLD","seed_source_timestamp":11853490355827,"circlet_count":0,"master_deck":["Defend_G","Defend_G","Defend_G","Defend_G","Defend_G","Strike_G","Survivor+1","Neutralize","Swift Strike+1","Dramatic Entrance","Deadly Poison+1","Backflip","Noxious Fumes","Noxious Fumes","Prepared+1","Escape Plan+1","Blur+1","Adrenaline","Footwork","Backflip+1","Caltrops"],"relics":["Ring of the Snake","Golden Idol","Bottled Lightning","Paper Crane","Ectoplasm","Red Mask","NlothsMask","Orrery"],"potions_floor_usage":[21,40],"damage_taken":[{"damage":3,"enemies":"Jaw Worm","floor":1,"turns":4},{"damage":1,"enemies":"Cultist","floor":3,"turns":3},{"damage":0,"enemies":"2 Louse","floor":4,"turns":2},{"damage":0,"enemies":"2 Fungi Beasts","floor":5,"turns":4},{"damage":15,"enemies":"3 Sentries","floor":12,"turns":9},{"damage":0,"enemies":"Large Slime","floor":14,"turns":6},{"damage":6,"enemies":"Hexaghost","floor":16,"turns":9},{"damage":0,"enemies":"3 Byrds","floor":18,"turns":5},{"damage":2,"enemies":"Shell Parasite","floor":19,"turns":5},{"damage":14,"enemies":"Masked Bandits","floor":21,"turns":5},{"damage":2,"enemies":"Cultist and Chosen","floor":24,"turns":6},{"damage":4,"enemies":"3 Cultists","floor":27,"turns":6},{"damage":0,"enemies":"Centurion and Healer","floor":29,"turns":6},{"damage":5,"enemies":"Snake Plant","floor":31,"turns":5},{"damage":30,"enemies":"Automaton","floor":33,"turns":11},{"damage":0,"enemies":"3 Darklings","floor":35,"turns":5},{"damage":1,"enemies":"Orb Walker","floor":36,"turns":4},{"damage":10,"enemies":"Spire Growth","floor":37,"turns":6},{"damage":0,"enemies":"Transient","floor":39,"turns":5},{"damage":65,"enemies":"Reptomancer","floor":40,"turns":6}],"seed_played":"-7352444771372745121","potions_obtained":[{"floor":3,"key":"Block Potion"},{"floor":12,"key":"Dexterity Potion"},{"floor":18,"key":"Block Potion"},{"floor":27,"key":"Energy Potion"},{"floor":35,"key":"SpeedPotion"}],"is_trial":false,"path_per_floor":["M","?","M","M","M","R","?","R","T","?","R","E","$","M","R","B",null,"M","M","$","?","$","R","M","?","T","M","R","M","R","M","R","B",null,"M","M","M","$","M","E"],"character_chosen":"THE_SILENT","items_purchased":["Noxious Fumes"],"campfire_rested":2,"item_purchase_floors":[13],"current_hp_per_floor":[67,67,66,66,66,66,49,49,49,49,49,34,34,34,55,49,70,70,68,68,54,54,54,52,52,52,48,48,48,48,43,64,34,70,70,69,59,59,59,0],"gold":0,"neow_bonus":"RANDOM_COLORLESS_2","is_prod":false,"is_daily":false,"chose_seed":false,"campfire_upgraded":6,"win_rate":0,"timestamp":1543152878,"path_taken":["M","?","M","?","M","R","?","R","T","?","R","E","$","M","R","BOSS","M","M","$","?","$","R","M","?","T","M","R","M","R","?","R","BOSS","M","M","M","$","M","E"],"build_version":"2018-11-15","purchased_purges":3,"victory":false,"max_hp_per_floor":[70,70,70,70,70,70,70,70,70,70,70,70,70,70,70,70,70,70,70,70,70,70,70,70,70,70,70,70,70,70,70,70,70,70,70,70,70,70,70,70],"card_choices":[{"not_picked":["PiercingWail","Dagger Throw"],"picked":"Deadly Poison","floor":1},{"not_picked":["Infinite Blades","Endless Agony","Flying Knee"],"picked":"SKIP","floor":3},{"not_picked":["Slice","Flechettes","PiercingWail"],"picked":"SKIP","floor":4},{"not_picked":["Quick Slash","Cloak And Dagger"],"picked":"Backflip","floor":5},{"not_picked":["Quick Slash","Bouncing Flask","Slice"],"picked":"SKIP","floor":12},{"not_picked":["Distraction","Skewer","Backflip"],"picked":"SKIP","floor":14},{"not_picked":["Underhanded Strike+1","Dodge and Roll"],"picked":"Noxious Fumes","floor":18},{"not_picked":["Heel Hook","Dagger Throw+1","Riddle With Holes"],"picked":"SKIP","floor":19},{"not_picked":["Cloak And Dagger","Backstab"],"picked":"Prepared","floor":21},{"not_picked":["Terror","Crippling Poison"],"picked":"Escape Plan","floor":24},{"not_picked":["Bane","Prepared","Tactician"],"picked":"SKIP","floor":27},{"not_picked":["Poisoned Stab","Bane"],"picked":"Blur","floor":29},{"not_picked":["Prepared","Dagger Throw","Eviscerate"],"picked":"SKIP","floor":31},{"not_picked":["Die Die Die","Unload"],"picked":"Adrenaline","floor":33},{"not_picked":["Poisoned Stab","Deflect"],"picked":"Footwork","floor":34},{"not_picked":["Dodge and Roll","Flying Knee"],"picked":"Backflip+1","floor":34},{"not_picked":["Dagger Spray","Calculated Gamble"],"picked":"Caltrops","floor":34},{"not_picked":["Skewer","Deadly Poison","Bane"],"picked":"SKIP","floor":35},{"not_picked":["Backstab","Riddle With Holes","Blade Dance"],"picked":"SKIP","floor":36},{"not_picked":["Masterful Stab","Bane","Poisoned Stab"],"picked":"SKIP","floor":37},{"not_picked":["Backflip","Finisher+1","Heel Hook"],"picked":"SKIP","floor":39}],"player_experience":221341,"relics_obtained":[{"floor":9,"key":"Bottled Lightning"},{"floor":12,"key":"Paper Crane"},{"floor":21,"key":"Red Mask"}],"event_choices":[{"damage_healed":0,"gold_gain":100,"player_choice":"Pray","damage_taken":0,"max_hp_gain":0,"max_hp_loss":0,"event_name":"Golden Shrine","floor":2,"gold_loss":0},{"damage_healed":0,"gold_gain":0,"player_choice":"Take Damage","damage_taken":17,"relics_obtained":["Golden Idol"],"max_hp_gain":0,"max_hp_loss":0,"event_name":"Golden Idol","floor":7,"gold_loss":0},{"cards_removed":["Strike_G"],"damage_healed":0,"gold_gain":0,"player_choice":"Forget","damage_taken":0,"max_hp_gain":0,"max_hp_loss":0,"event_name":"Living Wall","floor":10,"gold_loss":0},{"damage_healed":0,"gold_gain":0,"player_choice":"Fought Bandits","damage_taken":0,"max_hp_gain":0,"max_hp_loss":0,"event_name":"Masked Bandits","floor":21,"gold_loss":0},{"damage_healed":0,"gold_gain":0,"player_choice":"Trade","damage_taken":0,"relics_obtained":["NlothsMask"],"max_hp_gain":0,"max_hp_loss":0,"event_name":"FaceTrader","floor":25,"gold_loss":0}],"is_beta":false,"boss_relics":[{"not_picked":["White Beast Statue","Tiny House"],"picked":"Ectoplasm"},{"not_picked":["Runic Dome","Busted Crown"],"picked":"Orrery"}],"items_purged_floors":[13,20,22],"is_endless":false,"potions_floor_spawned":[3,12,18,27,29,35,39],"killed_by":"Reptomancer","ascension_level":0}