{"gold_per_floor":[114,126,138,149,164,192,192,192,192,211,211,230,264,278,278,278],"floor_reached":16,"playtime":832,"items_purged":[],"score":141,"play_id":"9e3b83e9-7f27-459a-9cbc-d2c2dd37b7ec","local_time":"20190105191332","is_ascension_mode":false,"campfire_choices":[{"floor":11,"key":"REST"},{"data":"Scrape","floor":15,"key":"SMITH"}],"neow_cost":"NONE","seed_source_timestamp":166979841862209,"circlet_count":0,"master_deck":["Strike_B","Strike_B","Strike_B","Strike_B","Defend_B","Defend_B","Defend_B","Defend_B","Zap","Dualcast","FTL","Go for the Eyes","Gash","Capacitor","Conserve Battery","Gash","Leap","Leap","Go for the Eyes","Scrape+1"],"relics":["Cracked Core","NeowsBlessing","Ancient Tea Set","Bottled Flame","Bottled Lightning"],"potions_floor_usage":[7,13,16],"damage_taken":[{"damage":0,"enemies":"Jaw Worm","floor":1,"turns":1},{"damage":0,"enemies":"Small Slimes","floor":2,"turns":1},{"damage":0,"enemies":"2 Louse","floor":3,"turns":1},{"damage":13,"enemies":"2 Fungi Beasts","floor":4,"turns":3},{"damage":23,"enemies":"Lots of Slimes","floor":5,"turns":4},{"damage":36,"enemies":"3 Sentries","floor":6,"turns":8},{"damage":0,"enemies":"3 Sentries","floor":7,"turns":1},{"damage":12,"enemies":"Large Slime","floor":10,"turns":5},{"damage":8,"enemies":"2 Fungi Beasts","floor":12,"turns":4},{"damage":0,"enemies":"Gremlin Nob","floor":13,"turns":4},{"damage":7,"enemies":"Looter","floor":14,"turns":2},{"damage":25,"enemies":"Slime Boss","floor":16,"turns":5}],"seed_played":"1575425455784511824","potions_obtained":[{"floor":1,"key":"Weak Potion"},{"floor":5,"key":"SmokeBomb"},{"floor":6,"key":"FearPotion"},{"floor":12,"key":"SpeedPotion"}],"is_trial":false,"path_per_floor":["M","M","M","M","M","E","?","?","T","M","R","M","E","M","R","B"],"character_chosen":"DEFECT","items_purchased":[],"campfire_rested":1,"item_purchase_floors":[],"current_hp_per_floor":[75,75,75,62,39,3,3,28,28,16,38,30,30,23,23,0],"gold":278,"neow_bonus":"THREE_ENEMY_KILL","is_prod":false,"is_daily":false,"chose_seed":false,"campfire_upgraded":1,"win_rate":0.0,"timestamp":1546686812,"path_taken":["M","M","M","M","M","E","?","?","T","M","R","M","E","M","R","BOSS"],"build_version":"2019-01-03v4","purchased_purges":0,"victory":false,"max_hp_per_floor":[75,75,75,75,75,75,75,75,75,75,75,75,75,75,75,75],"card_choices":[{"not_picked":["Skim","Conserve Battery"],"picked":"FTL","floor":1},{"not_picked":["Leap","Storm"],"picked":"Go for the Eyes","floor":2},{"not_picked":["Steam","Cold Snap"],"picked":"Gash","floor":3},{"not_picked":["Streamline","BootSequence"],"picked":"Capacitor","floor":4},{"not_picked":["BootSequence","Tempest"],"picked":"Conserve Battery","floor":5},{"not_picked":["Hologram","Melter"],"picked":"Gash","floor":6},{"not_picked":["Redo","Biased Cognition"],"picked":"Leap","floor":10},{"not_picked":["Fusion","Storm"],"picked":"Leap","floor":12},{"not_picked":["Heatsinks","Compile Driver"],"picked":"Go for the Eyes","floor":13},{"not_picked":["Rebound","Loop"],"picked":"Scrape","floor":14}],"player_experience":49671,"relics_obtained":[{"floor":6,"key":"Ancient Tea Set"},{"floor":9,"key":"Bottled Flame"},{"floor":13,"key":"Bottled Lightning"}],"event_choices":[{"damage_healed":0,"gold_gain":0,"player_choice":"Searched \u00272\u0027 times","damage_taken":0,"max_hp_gain":0,"max_hp_loss":0,"event_name":"Dead Adventurer","floor":7,"gold_loss":0},{"damage_healed":25,"gold_gain":0,"player_choice":"Banana","damage_taken":0,"max_hp_gain":0,"max_hp_loss":0,"event_name":"Big Fish","floor":8,"gold_loss":0}],"is_beta":false,"boss_relics":[],"items_purged_floors":[],"is_endless":false,"potions_floor_spawned":[1,5,6,7,12],"killed_by":"Slime Boss","ascension_level":0}