{"gold_per_floor":[215,234,309,259,29,29,61,61,61,81,94,94,113,148,148,248,248,264,274,274,274,289,289,302,302,326,326,326,326,346,362,362,362],"floor_reached":33,"playtime":1527,"items_purged":["Strike_R"],"score":257,"play_id":"69e2f2c2-2cde-4ed0-8292-6f2dbf0f2c8e","local_time":"20181101221706","is_ascension_mode":false,"campfire_choices":[{"data":"Carnage","floor":6,"key":"SMITH"},{"data":"Disarm","floor":8,"key":"SMITH"},{"data":"Flame Barrier","floor":15,"key":"SMITH"},{"floor":23,"key":"REST"},{"floor":27,"key":"REST"},{"data":"Barricade","floor":29,"key":"SMITH"},{"data":"RitualDagger","floor":32,"key":"SMITH"}],"neow_cost":"NONE","seed_source_timestamp":10363610776469,"circlet_count":0,"master_deck":["Strike_R","Strike_R","Strike_R","Defend_R","Defend_R","Defend_R","Defend_R","Bash","Carnage+1","Disarm+1","Inflame","Flame Barrier+1","Spot Weakness","Reaper","RitualDagger+1","J.A.X.","Barricade+1"],"relics":["Burning Blood","Pen Nib","Pantograph","Thread and Needle","PreservedInsect","Singing Bowl","White Beast Statue","Oddly Smooth Stone","Bag of Preparation"],"potions_floor_usage":[10,18,19,19,33],"damage_taken":[{"damage":5,"enemies":"Cultist","floor":1,"turns":4},{"damage":0,"enemies":"2 Louse","floor":2,"turns":2},{"damage":15,"enemies":"Gremlin Nob","floor":7,"turns":4},{"damage":6,"enemies":"Small Slimes","floor":10,"turns":4},{"damage":0,"enemies":"Blue Slaver","floor":11,"turns":3},{"damage":0,"enemies":"2 Fungi Beasts","floor":13,"turns":3},{"damage":11,"enemies":"3 Sentries","floor":14,"turns":4},{"damage":6,"enemies":"The Guardian","floor":16,"turns":11},{"damage":13,"enemies":"Shell Parasite","floor":18,"turns":10},{"damage":8,"enemies":"2 Thieves","floor":19,"turns":4},{"damage":43,"enemies":"3 Cultists","floor":22,"turns":6},{"damage":41,"enemies":"Snake Plant","floor":24,"turns":6},{"damage":7,"enemies":"Snecko","floor":30,"turns":7},{"damage":13,"enemies":"Centurion and Healer","floor":31,"turns":10},{"damage":107,"enemies":"Automaton","floor":33,"turns":12}],"seed_played":"2983429110455835786","potions_obtained":[{"floor":1,"key":"BloodPotion"},{"floor":7,"key":"Fire Potion"},{"floor":13,"key":"Fire Potion"},{"floor":14,"key":"SpeedPotion"},{"floor":18,"key":"SkillPotion"},{"floor":19,"key":"Ancient Potion"},{"floor":22,"key":"Ancient Potion"},{"floor":24,"key":"FearPotion"},{"floor":31,"key":"SpeedPotion"}],"is_trial":false,"path_per_floor":["M","M","?","?","$","R","E","R","T","M","M","?","M","E","R","B",null,"M","M","?","?","M","R","M","?","T","R","?","R","M","M","R"],"character_chosen":"IRONCLAD","items_purchased":["Pen Nib"],"campfire_rested":2,"item_purchase_floors":[5],"current_hp_per_floor":[80,80,69,69,69,69,60,60,60,68,74,71,77,72,72,80,80,82,84,78,78,59,84,57,49,49,74,74,74,75,88,88,0],"gold":362,"neow_bonus":"HUNDRED_GOLD","is_prod":false,"is_daily":false,"chose_seed":false,"campfire_upgraded":5,"win_rate":0,"timestamp":1541099826,"path_taken":["M","?","?","?","?","R","E","R","T","?","M","?","M","E","R","BOSS","M","M","?","?","M","R","M","?","T","R","?","R","?","M","R","BOSS"],"build_version":"2018-10-25v2","purchased_purges":1,"victory":false,"max_hp_per_floor":[80,80,80,80,80,80,80,80,80,80,80,80,80,80,80,80,80,82,84,84,84,86,86,86,86,86,86,86,86,88,90,90,90],"card_choices":[{"not_picked":["Dropkick","Headbutt"],"picked":"Carnage","floor":1},{"not_picked":["Evolve","Havoc"],"picked":"Disarm","floor":2},{"not_picked":["Second Wind","Clothesline","Perfected Strike"],"picked":"SKIP","floor":7},{"not_picked":["Flex","Anger"],"picked":"Inflame","floor":10},{"not_picked":["Hemokinesis","Whirlwind","Flex"],"picked":"SKIP","floor":11},{"not_picked":["Wild Strike","Twin Strike"],"picked":"Flame Barrier","floor":13},{"not_picked":["Armaments","Clash"],"picked":"Spot Weakness","floor":14},{"not_picked":["Fiend Fire","Demon Form"],"picked":"Reaper","floor":16},{"not_picked":["Clothesline","Headbutt","Feel No Pain"],"picked":"Singing Bowl","floor":18},{"not_picked":["Second Wind+1","Havoc","Flex"],"picked":"Singing Bowl","floor":19},{"not_picked":["Armaments","Sword Boomerang+1","Uppercut"],"picked":"Singing Bowl","floor":22},{"not_picked":["Seeing Red","Cleave"],"picked":"Barricade","floor":24},{"not_picked":["Pummel","Shrug It Off","Cleave"],"picked":"Singing Bowl","floor":30},{"not_picked":["Flex","Bloodletting","Evolve"],"picked":"Singing Bowl","floor":31}],"player_experience":127159,"relics_obtained":[{"floor":7,"key":"Pantograph"},{"floor":9,"key":"Thread and Needle"},{"floor":14,"key":"Singing Bowl"},{"floor":26,"key":"Oddly Smooth Stone"}],"event_choices":[{"damage_healed":0,"gold_gain":75,"player_choice":"Gather Gold","damage_taken":11,"max_hp_gain":0,"max_hp_loss":0,"event_name":"World of Goop","floor":3,"gold_loss":0},{"cards_removed":["Strike_R"],"damage_healed":0,"gold_gain":0,"player_choice":"Card Removal","damage_taken":0,"max_hp_gain":0,"max_hp_loss":0,"event_name":"The Cleric","floor":4,"gold_loss":50},{"damage_healed":0,"gold_gain":0,"player_choice":"Success","damage_taken":3,"relics_obtained":["PreservedInsect"],"max_hp_gain":0,"max_hp_loss":0,"event_name":"Scrap Ooze","floor":12,"gold_loss":0},{"damage_healed":0,"gold_gain":0,"player_choice":"Joined the Cult","damage_taken":6,"max_hp_gain":0,"max_hp_loss":0,"event_name":"Nest","floor":20,"gold_loss":0,"cards_obtained":["RitualDagger"]},{"damage_healed":0,"gold_gain":0,"player_choice":"Obtain J.A.X.","damage_taken":0,"max_hp_gain":0,"max_hp_loss":0,"event_name":"Drug Dealer","floor":21,"gold_loss":0,"cards_obtained":["J.A.X."]},{"damage_healed":0,"gold_gain":0,"player_choice":"Damaged","damage_taken":8,"max_hp_gain":0,"max_hp_loss":0,"event_name":"Wheel of Change","floor":25,"gold_loss":0},{"damage_healed":0,"gold_gain":0,"player_choice":"Opened","damage_taken":0,"relics_obtained":["Bag of Preparation"],"max_hp_gain":0,"max_hp_loss":0,"event_name":"The Mausoleum","floor":28,"gold_loss":0}],"is_beta":false,"boss_relics":[{"not_picked":["Astrolabe","Snecko Eye"],"picked":"White Beast Statue"}],"items_purged_floors":[5],"is_endless":false,"potions_floor_spawned":[1,7,13,14,18,19,22,24,30,31],"killed_by":"Automaton","ascension_level":0}