{"gold_per_floor":[118,118,4,18,37,37,51,67,93,111,111,125,300,314,314,411,411,425,454,473,473,487,517,517,527,527,527,527,556,556,576,576,677,677,692,692,692,712,712,712,764,775,775,775,788,86,99,118,118,118],"floor_reached":51,"playtime":5971,"items_purged":["Defend_R","Doubt"],"score":908,"play_id":"6a96cec9-4e84-446d-8e25-777a1a2b6c49","local_time":"20180712234534","is_ascension_mode":false,"campfire_choices":[{"data":"Metallicize","floor":6,"key":"SMITH"},{"data":"Whirlwind","floor":11,"key":"SMITH"},{"data":"Rage","floor":15,"key":"SMITH"},{"floor":24,"key":"REST"},{"floor":27,"key":"REST"},{"data":"Armaments","floor":30,"key":"SMITH"},{"data":"Iron Wave","floor":32,"key":"SMITH"},{"floor":40,"key":"REST"},{"floor":44,"key":"REST"},{"floor":49,"key":"REST"}],"neow_cost":"NONE","seed_source_timestamp":15040946267083,"circlet_count":0,"master_deck":["Strike_R","Strike_R","Strike_R","Strike_R","Strike_R","Defend_R","Bash","Feed","Rage+1","Metallicize+1","Iron Wave+1","Inflame","Disarm","Armaments+1","Whirlwind+1","Flex","Ghostly Armor","Battle Trance+1","Clash+1","Clash","Perfected Strike","Body Slam+1","Warcry+1","Limit Break+1","Flame Barrier+1","Writhe","Disarm+1","Pommel Strike+1","Warcry+1","Seeing Red+1","Flex+1","Impervious","Inflame+1","Bloodletting+1","Clash+1"],"relics":["Burning Blood","Happy Flower","Runic Cube","Red Mask","Dream Catcher","Thread and Needle","Juzu Bracelet","Empty Cage","Shovel","Calipers","War Paint","Bird Faced Urn"],"potions_floor_usage":[16,22,33,33,41,50,50,50],"damage_taken":[{"damage":6,"enemies":"Small Slimes","floor":1,"turns":4},{"damage":0,"enemies":"Cultist","floor":4,"turns":5},{"damage":9,"enemies":"Jaw Worm","floor":5,"turns":4},{"damage":11,"enemies":"3 Louse","floor":7,"turns":4},{"damage":4,"enemies":"Blue Slaver","floor":8,"turns":4},{"damage":2,"enemies":"Large Slime","floor":10,"turns":6},{"damage":16,"enemies":"Exordium Wildlife","floor":12,"turns":3},{"damage":0,"enemies":"3 Louse","floor":14,"turns":1},{"damage":53,"enemies":"Hexaghost","floor":16,"turns":12},{"damage":13,"enemies":"Shell Parasite","floor":18,"turns":7},{"damage":2,"floor":19,"turns":3},{"damage":14,"enemies":"2 Thieves","floor":20,"turns":4},{"damage":19,"enemies":"Centurion and Healer","floor":22,"turns":9},{"damage":43,"enemies":"Gremlin Leader","floor":23,"turns":6},{"damage":26,"enemies":"3 Cultists","floor":25,"turns":5},{"damage":8,"enemies":"Book of Stabbing","floor":29,"turns":7},{"damage":18,"enemies":"Snecko","floor":31,"turns":6},{"damage":63,"enemies":"Automaton","floor":33,"turns":15},{"damage":44,"enemies":"3 Shapes","floor":35,"turns":6},{"damage":15,"floor":36,"turns":10},{"damage":30,"enemies":"3 Darklings","floor":38,"turns":9},{"damage":55,"floor":41,"turns":7},{"damage":28,"enemies":"Maw","floor":42,"turns":10},{"damage":11,"enemies":"4 Shapes","floor":45,"turns":5},{"damage":15,"enemies":"Sphere and 2 Shapes","floor":47,"turns":7},{"damage":15,"enemies":"3 Darklings","floor":48,"turns":5},{"damage":55,"enemies":"Donu and Deca","floor":50,"turns":7}],"seed_played":"-7322899017706461686","potions_obtained":[{"floor":1,"key":"SkillPotion"},{"floor":2,"key":"SteroidPotion"},{"floor":2,"key":"SteroidPotion"},{"floor":2,"key":"Regen Potion"},{"floor":16,"key":"Poison Potion"},{"floor":20,"key":"PowerPotion"},{"floor":22,"key":"Poison Potion"},{"floor":23,"key":"Weak Potion"},{"floor":29,"key":"Dexterity Potion"},{"floor":33,"key":"Strength Potion"},{"floor":38,"key":"Explosive Potion"},{"floor":41,"key":"SteroidPotion"}],"is_trial":false,"path_per_floor":["M","?","$","M","M","R","M","M","T","M","R","M","?","M","R","B",null,"M","?","M","?","M","E","R","M","T","R","?","E","R","M","R","B",null,"M","?","?","M","?","R","?","M","T","R","M","$","M","M","R","B"],"character_chosen":"IRONCLAD","items_purchased":["Metallicize","War Paint","Bird Faced Urn","Impervious"],"campfire_rested":5,"item_purchase_floors":[3,46,46,46],"current_hp_per_floor":[83,83,83,86,86,86,84,86,86,94,94,87,87,93,93,46,99,92,99,94,73,74,37,70,50,50,83,110,108,108,100,100,43,114,79,70,99,75,75,110,65,43,43,79,74,74,69,66,102,59],"gold":118,"neow_bonus":"ONE_RANDOM_RARE_CARD","is_prod":false,"is_daily":false,"chose_seed":false,"campfire_upgraded":5,"win_rate":0,"timestamp":1531428334,"path_taken":["M","?","?","M","M","R","M","M","T","M","R","M","?","M","R","BOSS","M","?","?","?","M","E","R","M","T","R","?","E","R","M","R","BOSS","M","?","?","M","?","R","?","M","T","R","M","$","M","M","R","BOSS"],"build_version":"2018-07-05","purchased_purges":2,"victory":true,"max_hp_per_floor":[83,83,83,86,89,89,92,92,92,96,96,99,99,99,99,99,99,99,102,105,110,110,110,110,110,110,110,110,110,110,114,114,114,114,117,117,117,117,117,117,121,121,121,121,121,121,121,121,121,121],"card_choices":[{"not_picked":["Clothesline","Clash"],"picked":"Rage","floor":1},{"not_picked":["Sword Boomerang","Rage"],"picked":"Iron Wave","floor":4},{"not_picked":["Headbutt","Intimidate"],"picked":"Inflame","floor":5},{"not_picked":["Rupture","Searing Blow"],"picked":"Disarm","floor":7},{"not_picked":["Sword Boomerang","Hemokinesis"],"picked":"Armaments","floor":8},{"not_picked":["Feel No Pain","Searing Blow"],"picked":"Whirlwind","floor":10},{"not_picked":["Searing Blow","Cleave"],"picked":"Flex","floor":12},{"not_picked":["Infernal Blade","Warcry"],"picked":"Ghostly Armor","floor":14},{"not_picked":["Feed","Fiend Fire"],"picked":"Demon Form","floor":16},{"not_picked":["Shrug It Off","Sword Boomerang"],"picked":"Battle Trance","floor":18},{"not_picked":["Burning Pact","Rupture"],"picked":"Clash+1","floor":19},{"not_picked":["Power Through+1","Anger"],"picked":"Clash","floor":20},{"not_picked":["True Grit","Bloodletting"],"picked":"Perfected Strike","floor":22},{"not_picked":["Berserk","Cleave+1","Clash"],"picked":"SKIP","floor":23},{"not_picked":["Iron Wave","Second Wind+1"],"picked":"Body Slam+1","floor":24},{"not_picked":["Cleave+1","Sword Boomerang"],"picked":"Warcry+1","floor":25},{"not_picked":["Iron Wave","Pommel Strike","Berserk"],"picked":"SKIP","floor":29},{"not_picked":["Iron Wave","Armaments","Warcry"],"picked":"SKIP","floor":31},{"not_picked":["Dark Embrace","Offering"],"picked":"Limit Break","floor":33},{"not_picked":["Body Slam+1","Perfected Strike+1"],"picked":"Flame Barrier+1","floor":35},{"not_picked":["Body Slam","Blood for Blood+1"],"picked":"Disarm+1","floor":38},{"not_picked":["True Grit","Ghostly Armor"],"picked":"Pommel Strike+1","floor":40},{"not_picked":["Body Slam+1","Sword Boomerang+1"],"picked":"Warcry+1","floor":41},{"not_picked":["Heavy Blade","True Grit+1","Dual Wield+1"],"picked":"SKIP","floor":42},{"not_picked":["Clash","Armaments+1"],"picked":"Seeing Red+1","floor":44},{"not_picked":["Reckless Charge","Thunderclap"],"picked":"Flex+1","floor":45},{"not_picked":["Feel No Pain","Demon Form"],"picked":"Inflame+1","floor":47},{"not_picked":["Headbutt+1","Shrug It Off"],"picked":"Bloodletting+1","floor":48},{"not_picked":["Flex+1","Pommel Strike"],"picked":"Clash+1","floor":49}],"player_experience":13515,"relics_obtained":[{"floor":9,"key":"Happy Flower"},{"floor":19,"key":"Red Mask"},{"floor":23,"key":"Dream Catcher"},{"floor":26,"key":"Thread and Needle"},{"floor":29,"key":"Juzu Bracelet"},{"floor":36,"key":"Shovel"},{"floor":41,"key":"Calipers"}],"event_choices":[{"event_name":"The Lab","player_choice":"Got Potions","floor":2,"damage_taken":0},{"event_name":"Liars Game","player_choice":"agreed","floor":13,"damage_taken":0},{"event_name":"Masked Bandits","player_choice":"Fought over 425 gold","floor":19,"damage_taken":0},{"event_name":"Forgotten Altar","player_choice":"Shed Blood","floor":21,"damage_taken":0},{"event_name":"The Library","player_choice":"Heal","floor":28,"damage_taken":0},{"event_name":"MindBloom","player_choice":"Fight","floor":36,"damage_taken":0},{"event_name":"Winding Halls","player_choice":"Writhe","floor":37,"damage_taken":0},{"event_name":"Falling","player_choice":"Removed Power","floor":39,"damage_taken":0},{"event_name":"Mysterious Sphere","player_choice":"Fight","floor":41,"damage_taken":0}],"boss_relics":[{"not_picked":["White Beast Statue","Black Star"],"picked":"Runic Cube"},{"not_picked":["Calling Bell","Mark of Pain"],"picked":"Empty Cage"}],"items_purged_floors":[3,46],"is_endless":false,"potions_floor_spawned":[1,10,16,20,22,23,29,33,38,41],"ascension_level":0}