{"gold_per_floor":[13,13,32,43,43,70,70,103,103,115,127,151,163,175,187,302,314,344,169,169,184,199,199,16,45,45,58,58,69,82,92,92,190,190,210,224,240,240,253,273,273,273,273,173,188,63,83,101,101,101],"floor_reached":51,"playtime":3118,"items_purged":["Strike_B","Strike_G","Defend_B"],"score":708,"play_id":"c5c51f38-2b19-4f5a-8300-4dcb2c1566f9","local_time":"20190226125910","is_ascension_mode":false,"campfire_choices":[{"data":"Genetic Algorithm","floor":11.0,"key":"SMITH"},{"data":"Coolheaded","floor":13.0,"key":"SMITH"},{"data":"Dualcast","floor":15.0,"key":"SMITH"},{"data":"Chill","floor":23.0,"key":"SMITH"},{"data":"Self Repair","floor":28.0,"key":"SMITH"},{"floor":32.0,"key":"REST"},{"data":"Fission","floor":41,"key":"SMITH"},{"data":"Seek","floor":49,"key":"SMITH"}],"neow_cost":"NO_GOLD","seed_source_timestamp":31429517897556,"circlet_count":0,"master_deck":["Defend_B","Defend_B","Zap","Dualcast+1","Coolheaded+1","Rainbow","Compile Driver","Genetic Algorithm+1","Leap","Seek+1","Self Repair+1","White Noise","BootSequence","Chill+1","The Bomb","Ball Lightning+1","Conserve Battery","Chaos+1","Fission+1","Melter+1","Leap+1","Skim+1","Ball Lightning+1"],"special_seed":0,"relics":["Cracked Core","Happy Flower","Mercury Hourglass","MawBank","Inserter","Darkstone Periapt","Boot","Pen Nib","Runic Pyramid","Shuriken"],"potions_floor_usage":[45,48,50],"damage_taken":[{"damage":4.0,"enemies":"Jaw Worm","floor":1.0,"turns":4.0},{"damage":0.0,"enemies":"Cultist","floor":3.0,"turns":4.0},{"damage":3.0,"enemies":"2 Louse","floor":4.0,"turns":2.0},{"damage":15.0,"enemies":"Lagavulin","floor":6.0,"turns":5.0},{"damage":8.0,"enemies":"3 Sentries","floor":8.0,"turns":8.0},{"damage":4.0,"enemies":"Large Slime","floor":12.0,"turns":4.0},{"damage":37.0,"enemies":"The Guardian","floor":16.0,"turns":14.0},{"damage":0.0,"enemies":"Spheric Guardian","floor":18.0,"turns":3.0},{"damage":20.0,"enemies":"3 Byrds","floor":21.0,"turns":5.0},{"damage":3.0,"enemies":"3 Cultists","floor":22.0,"turns":6.0},{"damage":7.0,"enemies":"Gremlin Leader","floor":25.0,"turns":8.0},{"damage":37.0,"enemies":"Snecko","floor":27.0,"turns":7.0},{"damage":8.0,"enemies":"Shelled Parasite and Fungi","floor":29.0,"turns":4.0},{"damage":0.0,"enemies":"Snake Plant","floor":30.0,"turns":4.0},{"damage":0.0,"enemies":"Chosen and Byrds","floor":31.0,"turns":5.0},{"damage":0.0,"enemies":"Collector","floor":33.0,"turns":9.0},{"damage":20.0,"enemies":"3 Darklings","floor":35.0,"turns":5.0},{"damage":0.0,"enemies":"3 Shapes","floor":36.0,"turns":4.0},{"damage":0,"enemies":"Transient","floor":37,"turns":5},{"damage":0,"enemies":"3 Darklings","floor":39,"turns":5},{"damage":16,"enemies":"Writhing Mass","floor":40,"turns":7},{"damage":17,"enemies":"Sphere and 2 Shapes","floor":45,"turns":4},{"damage":4,"enemies":"Spire Growth","floor":47,"turns":5},{"damage":0,"enemies":"Transient","floor":48,"turns":5},{"damage":10,"enemies":"Donu and Deca","floor":50,"turns":9}],"seed_played":"-7811489464907961971","potions_obtained":[{"floor":2.0,"key":"GamblersBrew"},{"floor":2.0,"key":"Fire Potion"},{"floor":2.0,"key":"FocusPotion"},{"floor":6.0,"key":"FearPotion"},{"floor":8.0,"key":"Poison Potion"},{"floor":21.0,"key":"FocusPotion"},{"floor":27.0,"key":"Fire Potion"},{"floor":30.0,"key":"SneckoOil"},{"floor":31.0,"key":"SkillPotion"},{"floor":33.0,"key":"Fire Potion"},{"floor":36.0,"key":"GamblersBrew"},{"floor":45,"key":"SteroidPotion"},{"floor":48,"key":"Weak Potion"}],"is_trial":false,"path_per_floor":["M","?","M","M","?","E","$","E","T","?","R","M","R","?","R","B",null,"M","$","?","M","M","R","$","E","T","M","R","M","M","M","R","B",null,"M","M","M","?","M","M","R","?","T","$","M","$","M","M","R","B",null],"character_chosen":"DEFECT","items_purchased":["Self Repair","White Noise","The Bomb"],"campfire_rested":1,"item_purchase_floors":[19,19,24],"current_hp_per_floor":[71,71,71,68,68,53,53,45,45,45,45,41,41,46,46,9,80,80,80,80,67,71,71,71,71,71,41,41,33,43,53,77,80,80,70,80,80,80,80,74,74,74,74,74,67,67,73,80,80,80],"gold":101,"neow_bonus":"TRANSFORM_TWO_CARDS","is_prod":false,"is_daily":false,"chose_seed":false,"campfire_upgraded":7,"win_rate":0,"timestamp":1551175150,"path_taken":["M","?","?","M","?","E","$","E","T","?","R","?","R","?","R","BOSS","M","$","?","M","M","R","$","E","T","M","R","M","M","M","R","BOSS","M","M","M","?","M","M","R","?","T","$","M","$","M","M","R","BOSS"],"build_version":"2019-01-23","purchased_purges":3,"victory":true,"max_hp_per_floor":[75,75,75,75,75,75,75,75,75,75,75,75,75,80,80,80,80,80,80,80,80,80,80,80,80,80,80,80,80,80,80,80,80,80,80,80,80,80,80,80,80,80,80,80,80,80,80,80,80,80],"card_choices":[{"not_picked":["Rebound","Static Discharge","Blizzard"],"picked":"SKIP","floor":1.0},{"not_picked":["Ball Lightning","Sweeping Beam"],"picked":"Compile Driver","floor":3.0},{"not_picked":["Static Discharge","Go for the Eyes"],"picked":"Genetic Algorithm","floor":4.0},{"not_picked":["Coolheaded","Hologram","Meteor Strike"],"picked":"SKIP","floor":6.0},{"not_picked":["Coolheaded","Ball Lightning","Barrage"],"picked":"SKIP","floor":8.0},{"not_picked":["Cold Snap","Tempest"],"picked":"Leap","floor":12.0},{"not_picked":["Biased Cognition","All For One"],"picked":"Seek","floor":16.0},{"not_picked":["Cold Snap","Storm","Hologram"],"picked":"SKIP","floor":18.0},{"not_picked":["Capacitor","Leap"],"picked":"BootSequence","floor":21.0},{"not_picked":["Steam+1","Lockon"],"picked":"Chill","floor":22.0},{"not_picked":["Streamline+1","Turbo+1"],"picked":"Ball Lightning+1","floor":25.0},{"not_picked":["Beam Cell+1","Coolheaded","Compile Driver"],"picked":"SKIP","floor":27.0},{"not_picked":["Doom and Gloom+1","Force Field+1","Cold Snap"],"picked":"SKIP","floor":29.0},{"not_picked":["Meteor Strike","Rebound+1"],"picked":"Conserve Battery","floor":30.0},{"not_picked":["Gash+1","Rip and Tear+1"],"picked":"Chaos+1","floor":31.0},{"not_picked":["Multi-Cast","Meteor Strike"],"picked":"Fission","floor":33.0},{"not_picked":["Streamline+1","Beam Cell+1","Steam+1"],"picked":"SKIP","floor":35.0},{"not_picked":["Compile Driver+1","White Noise","Chill+1"],"picked":"SKIP","floor":36.0},{"not_picked":["Barrage+1","Beam Cell+1"],"picked":"Melter+1","floor":37},{"not_picked":["Redo+1","Leap+1","Cold Snap+1"],"picked":"SKIP","floor":39},{"not_picked":["Redo+1","Cold Snap+1"],"picked":"Leap+1","floor":39},{"not_picked":["Redo+1","Glacier","Go for the Eyes"],"picked":"SKIP","floor":40},{"not_picked":["Biased Cognition","Go for the Eyes+1"],"picked":"Skim+1","floor":45},{"not_picked":["Leap","Conserve Battery","FTL"],"picked":"SKIP","floor":47},{"not_picked":["Scrape","Melter"],"picked":"Ball Lightning+1","floor":48}],"player_experience":919309,"relics_obtained":[{"floor":6.0,"key":"Happy Flower"},{"floor":8.0,"key":"Mercury Hourglass"},{"floor":9.0,"key":"MawBank"},{"floor":25.0,"key":"Boot"},{"floor":26.0,"key":"Pen Nib"},{"floor":43,"key":"Shuriken"}],"event_choices":[{"damage_healed":0.0,"max_hp_gain":0.0,"max_hp_loss":0.0,"gold_gain":0.0,"event_name":"Lab","player_choice":"Got Potions","floor":2.0,"gold_loss":0.0,"damage_taken":0.0},{"damage_healed":0.0,"max_hp_gain":0.0,"max_hp_loss":0.0,"gold_gain":0.0,"event_name":"The Cleric","player_choice":"Leave","floor":5.0,"gold_loss":0.0,"damage_taken":0.0},{"cards_removed":["Strike_B"],"damage_healed":0.0,"max_hp_gain":0.0,"max_hp_loss":0.0,"gold_gain":0.0,"event_name":"NoteForYourself","player_choice":"Took Card","floor":10.0,"gold_loss":0.0,"damage_taken":0.0,"cards_obtained":["Strike_G"]},{"damage_healed":0.0,"max_hp_gain":5.0,"max_hp_loss":0.0,"gold_gain":0.0,"event_name":"Big Fish","player_choice":"Donut","floor":14.0,"gold_loss":0.0,"damage_taken":0.0},{"damage_healed":0.0,"max_hp_gain":0.0,"max_hp_loss":0.0,"gold_gain":0.0,"event_name":"The Mausoleum","player_choice":"Opened","floor":20.0,"gold_loss":0.0,"damage_taken":0.0,"relics_obtained":["Darkstone Periapt"]},{"damage_healed":0,"gold_gain":0,"player_choice":"Ignored","damage_taken":0,"max_hp_gain":0,"max_hp_loss":0,"event_name":"Tomb of Lord Red Mask","floor":38,"gold_loss":0},{"cards_removed":["Strike_B"],"damage_healed":0,"gold_gain":0,"player_choice":"Purged","damage_taken":0,"max_hp_gain":0,"max_hp_loss":0,"event_name":"Purifier","floor":42,"gold_loss":0}],"is_beta":false,"boss_relics":[{"not_picked":["Black Star","Orrery"],"picked":"Inserter"},{"not_picked":["Snecko Eye","Eternal Feather"],"picked":"Runic Pyramid"}],"items_purged_floors":[19,44,46],"is_endless":false,"potions_floor_spawned":[3,6,8,21,27,30,31,33,36,37,45,48],"ascension_level":0}