{"gold_per_floor":[110,110,35,47,47,47,78,91,116,142,42,56,88,107,107,205,205,220,231,231,250,268,299,299,151,176,187,206,206,241,241],"floor_reached":31,"playtime":2271,"items_purged":["Strike_R","Strike_R"],"score":356,"play_id":"8e20ce5d-8e56-4310-b834-2d1d69961120","local_time":"20190116002050","is_ascension_mode":true,"campfire_choices":[{"data":"Bash","floor":6,"key":"SMITH"},{"data":"Armaments","floor":15,"key":"SMITH"},{"data":"Demon Form","floor":24,"key":"SMITH"},{"data":"Uppercut","floor":29,"key":"SMITH"}],"neow_cost":"NONE","seed_source_timestamp":131253940137696,"circlet_count":0,"master_deck":["Bash+1","Battle Trance","Metallicize","Twin Strike","Clothesline","Flex","Warcry","Armaments+1","Clash","Armaments+1","Reaper","Perfected Strike","Fire Breathing","Demon Form+1","Body Slam","Carnage","Metallicize","Evolve+1","Uppercut+1","Iron Wave+1","Heavy Blade+1","Uppercut+1","Heavy Blade+1","Dropkick","Clash"],"relics":["Burning Blood","Art of War","Orichalcum","Bag of Preparation","Strawberry","Pandora\u0027s Box","Torii","Vajra","Lantern","The Courier"],"potions_floor_usage":[13,23,30],"damage_taken":[{"damage":7,"enemies":"2 Louse","floor":1,"turns":3},{"damage":7,"enemies":"Jaw Worm","floor":4,"turns":4},{"damage":33,"enemies":"Gremlin Nob","floor":7,"turns":5},{"damage":0,"enemies":"Small Slimes","floor":8,"turns":3},{"damage":18,"enemies":"3 Sentries","floor":10,"turns":9},{"damage":0,"enemies":"Looter","floor":12,"turns":3},{"damage":6,"enemies":"Lagavulin","floor":13,"turns":4},{"damage":0,"enemies":"Large Slime","floor":14,"turns":6},{"damage":40,"enemies":"Hexaghost","floor":16,"turns":13},{"damage":34,"enemies":"3 Byrds","floor":18,"turns":6},{"damage":12,"enemies":"Spheric Guardian","floor":19,"turns":4},{"damage":11,"enemies":"Shelled Parasite and Fungi","floor":21,"turns":5},{"damage":26,"enemies":"Centurion and Healer","floor":22,"turns":8},{"damage":6,"enemies":"Book of Stabbing","floor":23,"turns":5},{"damage":13,"enemies":"Snake Plant","floor":27,"turns":3},{"damage":25,"enemies":"Sentry and Sphere","floor":28,"turns":6},{"damage":24,"enemies":"Slavers","floor":30,"turns":5},{"damage":20,"enemies":"Shelled Parasite and Fungi","floor":31,"turns":2}],"seed_played":"-2989417724347025935","potions_obtained":[{"floor":1,"key":"PowerPotion"},{"floor":7,"key":"SpeedPotion"},{"floor":8,"key":"SteroidPotion"},{"floor":13,"key":"FearPotion"},{"floor":14,"key":"SkillPotion"},{"floor":28,"key":"Strength Potion"}],"is_trial":false,"path_per_floor":["M","?","$","M","?","R","E","M","T","E","$","M","E","M","R","B",null,"M","M","?","M","M","E","R","$","T","M","M","R","E","M"],"character_chosen":"IRONCLAD","items_purchased":["Vajra"],"campfire_rested":0,"item_purchase_floors":[25],"current_hp_per_floor":[79,72,72,71,71,71,44,50,50,38,38,44,51,57,57,23,87,59,53,53,52,50,50,50,50,50,43,24,24,20,0],"gold":241,"neow_bonus":"THREE_CARDS","is_prod":false,"is_daily":false,"chose_seed":false,"campfire_upgraded":4,"win_rate":0,"timestamp":1547569250,"path_taken":["M","?","$","M","?","R","E","M","T","E","?","M","E","?","R","BOSS","M","M","?","M","M","E","R","$","T","M","?","R","E","M"],"build_version":"2019-01-10","purchased_purges":2,"victory":false,"max_hp_per_floor":[80,80,80,80,80,80,80,80,80,80,80,80,87,87,87,87,87,87,87,87,87,87,87,87,87,87,87,87,87,87,87],"card_choices":[{"not_picked":["Perfected Strike","Clothesline"],"picked":"Battle Trance","floor":0},{"not_picked":["Power Through","Corruption"],"picked":"Metallicize","floor":1},{"not_picked":["Heavy Blade","Pummel"],"picked":"Twin Strike","floor":4},{"not_picked":["Feel No Pain","Infernal Blade"],"picked":"Clothesline","floor":7},{"not_picked":["True Grit","Sword Boomerang"],"picked":"Flex","floor":8},{"not_picked":["Sword Boomerang","Twin Strike"],"picked":"Warcry","floor":10},{"not_picked":["Brutality","Metallicize"],"picked":"Armaments","floor":12},{"not_picked":["Twin Strike","Perfected Strike"],"picked":"Clash","floor":13},{"not_picked":["Cleave","Shrug It Off"],"picked":"Armaments","floor":14},{"not_picked":["Berserk","Immolate"],"picked":"Reaper","floor":16},{"not_picked":["Havoc","Corruption+1"],"picked":"Evolve+1","floor":18},{"not_picked":["Spot Weakness+1","Entrench"],"picked":"Uppercut","floor":19},{"not_picked":["Thunderclap","Warcry+1"],"picked":"Iron Wave+1","floor":21},{"not_picked":["Clothesline","Metallicize"],"picked":"Heavy Blade+1","floor":22},{"not_picked":["Dual Wield","Rampage"],"picked":"Uppercut+1","floor":23},{"not_picked":["Power Through","Armaments+1"],"picked":"Heavy Blade+1","floor":27},{"not_picked":["Armaments","Havoc"],"picked":"Dropkick","floor":28},{"not_picked":["Immolate","Dual Wield"],"picked":"Clash","floor":30}],"player_experience":142627,"relics_obtained":[{"floor":7,"key":"Art of War"},{"floor":9,"key":"Orichalcum"},{"floor":10,"key":"Bag of Preparation"},{"floor":13,"key":"Strawberry"},{"floor":23,"key":"Torii"},{"floor":26,"key":"Lantern"},{"floor":30,"key":"The Courier"}],"event_choices":[{"cards_removed":["Strike_R"],"damage_healed":0,"gold_gain":0,"player_choice":"Card Removal","damage_taken":7,"max_hp_gain":0,"max_hp_loss":0,"event_name":"Golden Wing","floor":2,"gold_loss":0},{"damage_healed":0,"gold_gain":0,"player_choice":"Leave","damage_taken":0,"max_hp_gain":0,"max_hp_loss":0,"event_name":"The Cleric","floor":5,"gold_loss":0},{"damage_healed":0,"gold_gain":0,"player_choice":"Forge","damage_taken":0,"max_hp_gain":0,"max_hp_loss":0,"event_name":"Accursed Blacksmith","floor":20,"gold_loss":0,"cards_upgraded":["Armaments"]}],"is_beta":false,"boss_relics":[{"not_picked":["Ectoplasm","Snecko Eye"],"picked":"Pandora\u0027s Box"}],"items_purged_floors":[3,11],"is_endless":false,"potions_floor_spawned":[1,7,8,13,14,19,21,28],"killed_by":"Shelled Parasite and Fungi","ascension_level":4}