{"gold_per_floor":[116,135,85,95,95,95,26,44,44,374,390,390,390,417,417,518,518,531,631,77,95,105,105,119,152,152,164,4,17,17,34,34,136,136,150,164,181,181,20,20,67,67,94,105,115,132,161,83,83,83],"floor_reached":51,"playtime":3383,"items_purged":["Strike_G","Strike_G","Strike_G"],"score":809,"play_id":"0c9670b5-3772-4bee-ac4b-e9acb43076ce","local_time":"20180926001127","is_ascension_mode":false,"campfire_choices":[{"data":"Caltrops","floor":6,"key":"SMITH"},{"data":"Noxious Fumes","floor":12,"key":"SMITH"},{"data":"Adrenaline","floor":15,"key":"SMITH"},{"floor":23,"key":"REST"},{"floor":27,"key":"REST"},{"floor":32,"key":"REST"},{"data":"Footwork","floor":40,"key":"SMITH"},{"data":"Catalyst","floor":42,"key":"SMITH"},{"floor":49,"key":"REST"}],"neow_cost":"NONE","seed_source_timestamp":15526625916236,"circlet_count":0,"master_deck":["Defend_G","Defend_G","Defend_G","Defend_G","Defend_G","Survivor","Neutralize+1","Poisoned Stab","Caltrops+1","Calculated Gamble","Noxious Fumes+1","Footwork+1","Blur","Adrenaline+1","Die Die Die+1","Backstab+1","Catalyst+1","Footwork+1","Blur","Poisoned Stab+1","Tools of the Trade+1","Acrobatics+1","Blur","Deadly Poison","Bouncing Flask+1"],"relics":["Ring of the Snake","Vajra","Letter Opener","Old Coin","Frozen Egg 2","Busted Crown","Incense Burner","Molten Egg 2","Strange Spoon","Matryoshka","Mercury Hourglass","MawBank","Unceasing Top","Lizard Tail","Calipers","Paper Crane","Whetstone","Toxic Egg 2"],"potions_floor_usage":[8,19,50,50],"damage_taken":[{"damage":0,"enemies":"2 Louse","floor":1,"turns":3},{"damage":1,"enemies":"Cultist","floor":2,"turns":3},{"damage":2,"enemies":"Small Slimes","floor":4,"turns":3},{"damage":1,"enemies":"Red Slaver","floor":8,"turns":6},{"damage":3,"enemies":"3 Sentries","floor":10,"turns":6},{"damage":2,"enemies":"2 Fungi Beasts","floor":11,"turns":4},{"damage":4,"enemies":"Lagavulin","floor":14,"turns":6},{"damage":17,"enemies":"The Guardian","floor":16,"turns":9},{"damage":8,"enemies":"Spheric Guardian","floor":18,"turns":5},{"damage":6,"enemies":"Colosseum Slavers","floor":19,"turns":3},{"damage":6,"enemies":"Colosseum Nobs","floor":19,"turns":5},{"damage":14,"enemies":"Chosen","floor":21,"turns":5},{"damage":7,"enemies":"Snecko","floor":22,"turns":4},{"damage":9,"enemies":"Snake Plant","floor":24,"turns":4},{"damage":34,"enemies":"Slavers","floor":25,"turns":5},{"damage":5,"enemies":"Centurion and Healer","floor":29,"turns":5},{"damage":3,"enemies":"Cultist and Chosen","floor":31,"turns":6},{"damage":0,"enemies":"Automaton","floor":33,"turns":11},{"damage":0,"enemies":"Orb Walker","floor":35,"turns":4},{"damage":1,"enemies":"3 Shapes","floor":36,"turns":4},{"damage":26,"enemies":"Spire Growth","floor":37,"turns":5},{"damage":0,"enemies":"Mysterious Sphere","floor":41,"turns":4},{"damage":0,"enemies":"Reptomancer","floor":44,"turns":5},{"damage":5,"enemies":"Sphere and 2 Shapes","floor":45,"turns":5},{"damage":0,"enemies":"Transient","floor":46,"turns":5},{"damage":0,"enemies":"Giant Head","floor":47,"turns":8},{"damage":24,"enemies":"Time Eater","floor":50,"turns":6}],"seed_played":"-2544801981663109701","potions_obtained":[{"floor":5,"key":"EssenceOfSteel"},{"floor":5,"key":"GamblersBrew"},{"floor":5,"key":"Energy Potion"},{"floor":8,"key":"Fruit Juice"},{"floor":11,"key":"Dexterity Potion"},{"floor":19,"key":"Explosive Potion"},{"floor":21,"key":"Swift Potion"},{"floor":22,"key":"EssenceOfSteel"}],"is_trial":false,"path_per_floor":["M","M","?","M","?","R","$","M","T","E","M","R","?","E","R","B",null,"M","?","$","M","M","R","M","E","T","R","$","M","?","M","R","B",null,"M","M","M","?","$","R","?","R","T","M","M","M","E","$","R","B"],"character_chosen":"THE_SILENT","items_purchased":["Noxious Fumes","Footwork+1","Strange Spoon","Matryoshka","Blur","Blur","Bouncing Flask+1"],"campfire_rested":4,"item_purchase_floors":[7,20,20,20,28,39,48],"current_hp_per_floor":[70,69,69,67,67,67,67,71,71,68,66,66,66,62,62,45,75,67,55,55,41,34,56,47,13,13,35,35,30,30,27,49,49,75,75,74,48,48,48,48,48,48,48,48,43,43,43,43,65,41],"gold":83,"neow_bonus":"RANDOM_COMMON_RELIC","is_prod":false,"is_daily":false,"chose_seed":false,"campfire_upgraded":5,"win_rate":0,"timestamp":1537909887,"path_taken":["M","M","?","M","?","R","$","M","T","E","?","R","?","E","R","BOSS","M","?","$","M","M","R","M","E","T","R","$","M","?","M","R","BOSS","M","M","?","?","$","R","?","R","T","?","?","M","E","$","R","BOSS"],"build_version":"2018-09-20","purchased_purges":3,"victory":true,"max_hp_per_floor":[70,70,70,70,70,70,70,75,75,75,75,75,75,75,75,75,75,75,75,75,75,75,75,75,75,75,75,75,75,75,75,75,75,75,75,75,75,75,75,75,75,75,75,75,75,75,75,75,75,75],"card_choices":[{"not_picked":["Flying Knee","Skewer"],"picked":"Poisoned Stab","floor":1},{"not_picked":["Escape Plan","Deflect"],"picked":"Caltrops","floor":2},{"not_picked":["Terror","Flying Knee"],"picked":"Calculated Gamble","floor":4},{"not_picked":["Die Die Die","Dagger Spray"],"picked":"Footwork","floor":8},{"not_picked":["Flying Knee","Reflex","Slice"],"picked":"SKIP","floor":10},{"not_picked":["Cloak And Dagger","Accuracy"],"picked":"Blur","floor":11},{"not_picked":["Deflect","Flying Knee"],"picked":"Adrenaline","floor":14},{"not_picked":["Glass Knife","Malaise"],"picked":"Die Die Die","floor":16},{"not_picked":[],"picked":"Backstab+1","floor":18},{"not_picked":[],"picked":"Catalyst","floor":19},{"not_picked":["Dodge and Roll"],"picked":"SKIP","floor":21},{"not_picked":["Sucker Punch+1"],"picked":"SKIP","floor":22},{"not_picked":["Deflect"],"picked":"SKIP","floor":24},{"not_picked":["Crippling Poison"],"picked":"SKIP","floor":25},{"not_picked":[],"picked":"Poisoned Stab+1","floor":29},{"not_picked":["Predator+1"],"picked":"SKIP","floor":31},{"not_picked":[],"picked":"Tools of the Trade+1","floor":33},{"not_picked":["Blade Dance+1"],"picked":"SKIP","floor":35},{"not_picked":["Dagger Throw+1"],"picked":"SKIP","floor":36},{"not_picked":[],"picked":"Acrobatics","floor":37},{"not_picked":[],"picked":"Deadly Poison","floor":44},{"not_picked":["Dagger Spray+1"],"picked":"SKIP","floor":45},{"not_picked":["Sucker Punch+1"],"picked":"SKIP","floor":46},{"not_picked":["Accuracy+1"],"picked":"SKIP","floor":47}],"player_experience":46465,"relics_obtained":[{"floor":9,"key":"Letter Opener"},{"floor":10,"key":"Old Coin"},{"floor":14,"key":"Frozen Egg 2"},{"floor":19,"key":"Incense Burner"},{"floor":19,"key":"Molten Egg 2"},{"floor":25,"key":"Mercury Hourglass"},{"floor":26,"key":"MawBank"},{"floor":26,"key":"Unceasing Top"},{"floor":41,"key":"Calipers"},{"floor":43,"key":"Paper Crane"},{"floor":43,"key":"Whetstone"},{"floor":47,"key":"Toxic Egg 2"}],"event_choices":[{"event_name":"The Cleric","player_choice":"Card Removal","floor":3,"damage_taken":0},{"event_name":"The Lab","player_choice":"Got Potions","floor":5,"damage_taken":0},{"event_name":"Living Wall","player_choice":"Forget","floor":13,"damage_taken":0},{"event_name":"Colosseum","player_choice":"Fight","floor":19,"damage_taken":0},{"event_name":"Colosseum","player_choice":"Fought Nobs","floor":19,"damage_taken":0},{"event_name":"Accursed Blacksmith","player_choice":"Forge","floor":38,"damage_taken":0},{"event_name":"Mysterious Sphere","player_choice":"Fight","floor":41,"damage_taken":0}],"is_beta":false,"boss_relics":[{"not_picked":["Ring of the Serpent","Fusion Hammer"],"picked":"Busted Crown"},{"not_picked":["Velvet Choker","Cursed Key"],"picked":"Lizard Tail"}],"items_purged_floors":[20,28,39],"is_endless":false,"potions_floor_spawned":[8,11,14,19,21,22,25,45,46,47],"ascension_level":0}