{"gold_per_floor":[113,130,142,153,169,195,195,214,214,244,270,270,445,461,461,461],"floor_reached":16,"playtime":1297,"items_purged":[],"score":114,"play_id":"d3f84d2b-0300-462c-bf22-82123fbb4c43","local_time":"20190106004101","is_ascension_mode":false,"campfire_choices":[{"data":"Fission","floor":7,"key":"SMITH"},{"data":"Genetic Algorithm","floor":12,"key":"SMITH"},{"floor":15,"key":"REST"}],"neow_cost":"NONE","seed_source_timestamp":186163800767105,"circlet_count":0,"master_deck":["Strike_B","Strike_B","Strike_B","Strike_B","Defend_B","Defend_B","Defend_B","Defend_B","Zap","Dualcast+1","Compile Driver","Scrape","Darkness","Stack","Coolheaded","Fission+1","Genetic Algorithm+1","Sweeping Beam","Doubt","Darkness"],"relics":["Cracked Core","Lantern","Bottled Lightning","Smiling Mask"],"potions_floor_usage":[14,16,16,16],"damage_taken":[{"damage":0,"enemies":"Cultist","floor":1,"turns":3},{"damage":1,"enemies":"Jaw Worm","floor":2,"turns":3},{"damage":0,"enemies":"2 Louse","floor":3,"turns":2},{"damage":10,"enemies":"Looter","floor":4,"turns":2},{"damage":26,"enemies":"Exordium Thugs","floor":5,"turns":5},{"damage":9,"enemies":"Lagavulin","floor":6,"turns":8},{"damage":0,"enemies":"2 Fungi Beasts","floor":8,"turns":3},{"damage":5,"enemies":"3 Sentries","floor":11,"turns":7},{"damage":9,"enemies":"Large Slime","floor":14,"turns":5},{"damage":39,"enemies":"The Guardian","floor":16,"turns":8}],"seed_played":"5219729654544435441","potions_obtained":[{"floor":2,"key":"FocusPotion"},{"floor":6,"key":"Weak Potion"},{"floor":8,"key":"Strength Potion"},{"floor":11,"key":"FearPotion"},{"floor":14,"key":"AttackPotion"}],"is_trial":false,"path_per_floor":["M","M","M","M","M","E","R","M","T","?","E","R","?","M","R","B"],"character_chosen":"DEFECT","items_purchased":[],"campfire_rested":1,"item_purchase_floors":[],"current_hp_per_floor":[75,74,74,64,38,29,29,29,29,29,24,24,24,15,37,0],"gold":461,"neow_bonus":"UPGRADE_CARD","is_prod":false,"is_daily":false,"chose_seed":false,"campfire_upgraded":2,"win_rate":0.0,"timestamp":1546706461,"path_taken":["M","M","M","M","M","E","R","M","T","?","E","R","?","M","R","BOSS"],"build_version":"2019-01-03v4","purchased_purges":0,"victory":false,"max_hp_per_floor":[75,75,75,75,75,75,75,75,75,75,75,75,75,75,75,75],"card_choices":[{"not_picked":["Steam","Streamline"],"picked":"Compile Driver","floor":1},{"not_picked":["Leap","Sweeping Beam"],"picked":"Scrape","floor":2},{"not_picked":["Streamline","Force Field"],"picked":"Darkness","floor":3},{"not_picked":["Lockon","Leap"],"picked":"Stack","floor":4},{"not_picked":["Double Energy","Leap"],"picked":"Coolheaded","floor":5},{"not_picked":["Conserve Battery","Steam Power"],"picked":"Fission","floor":6},{"not_picked":["Hologram","Loop"],"picked":"Genetic Algorithm","floor":8},{"not_picked":["Melter","Genetic Algorithm"],"picked":"Sweeping Beam","floor":11},{"not_picked":["Leap","Hologram"],"picked":"Darkness","floor":14}],"player_experience":54748,"relics_obtained":[{"floor":6,"key":"Lantern"},{"floor":9,"key":"Bottled Lightning"},{"floor":11,"key":"Smiling Mask"}],"event_choices":[{"damage_healed":0,"gold_gain":30,"player_choice":"Searched \u00271\u0027 times","damage_taken":0,"max_hp_gain":0,"max_hp_loss":0,"event_name":"Dead Adventurer","floor":10,"gold_loss":0},{"damage_healed":0,"gold_gain":175,"player_choice":"AGREE","damage_taken":0,"max_hp_gain":0,"max_hp_loss":0,"event_name":"Liars Game","floor":13,"gold_loss":0,"cards_obtained":["Doubt"]}],"is_beta":false,"boss_relics":[],"items_purged_floors":[],"is_endless":false,"potions_floor_spawned":[2,6,8,11,14],"killed_by":"The Guardian","ascension_level":0}