{"gold_per_floor":[116,116,127,10,24,24,58,58,111,111,125,125,135,146,146,243,243,260,116,129,29,29,29,42,77,101,153,28,47,47,67,67,168,168,180,30,30,30,30,30,30,43,43,60,77,77,77,87,87,87],"floor_reached":50,"playtime":2420,"items_purged":["Doubt","Normality","Injury","Strike_R"],"score":462,"play_id":"1950fe89-27bc-43c7-bc18-1442dbff35a5","local_time":"20181101214928","is_ascension_mode":false,"campfire_choices":[{"data":"Armaments","floor":6,"key":"SMITH"},{"data":"Rage","floor":8,"key":"SMITH"},{"data":"Combust","floor":12,"key":"SMITH"},{"data":"Metallicize","floor":15,"key":"SMITH"},{"floor":23,"key":"REST"},{"data":"Immolate","floor":30,"key":"SMITH"},{"floor":32,"key":"REST"},{"data":"Immolate","floor":40,"key":"SMITH"},{"data":"Madness","floor":41,"key":"SMITH"},{"data":"Madness","floor":46,"key":"SMITH"},{"floor":49,"key":"REST"}],"neow_cost":"NONE","seed_source_timestamp":7811404853655,"circlet_count":0,"master_deck":["Strike_R","Strike_R","Strike_R","Defend_R","Defend_R","Defend_R","Defend_R","Bash+1","Rage+1","Armaments+1","Disarm","Body Slam","Combust+1","Metallicize+1","Iron Wave","Immolate+1","Dropkick","Iron Wave","Spot Weakness","Seeing Red+1","Immolate+1","Iron Wave+1","Madness+1","Madness+1","Madness","Writhe","Rage"],"relics":["Burning Blood","Bag of Marbles","Bottled Flame","Tiny Chest","WingedGreaves","Calling Bell","Happy Flower","Shuriken","Torii","Gremlin Horn","Ornamental Fan","Ancient Tea Set","Strawberry","Cursed Key","Dream Catcher"],"potions_floor_usage":[18,20,25,25,29,33,45,50,50,50],"damage_taken":[{"damage":5,"enemies":"Small Slimes","floor":1,"turns":6},{"damage":0,"enemies":"Cultist","floor":3,"turns":3},{"damage":4,"enemies":"2 Louse","floor":5,"turns":3},{"damage":22,"enemies":"3 Sentries","floor":7,"turns":10},{"damage":0,"enemies":"Lots of Slimes","floor":11,"turns":4},{"damage":2,"enemies":"Exordium Wildlife","floor":13,"turns":2},{"damage":7,"enemies":"Red Slaver","floor":14,"turns":6},{"damage":32,"enemies":"Hexaghost","floor":16,"turns":12},{"damage":27,"enemies":"3 Byrds","floor":18,"turns":5},{"damage":34,"enemies":"Spheric Guardian","floor":20,"turns":7},{"damage":16,"enemies":"Centurion and Healer","floor":24,"turns":6},{"damage":24,"enemies":"Slavers","floor":25,"turns":4},{"damage":6,"enemies":"Snake Plant","floor":29,"turns":5},{"damage":10,"enemies":"Snecko","floor":31,"turns":3},{"damage":74,"enemies":"Automaton","floor":33,"turns":9},{"damage":0,"enemies":"3 Darklings","floor":35,"turns":1},{"damage":1,"enemies":"Orb Walker","floor":42,"turns":3},{"damage":0,"enemies":"4 Shapes","floor":44,"turns":2},{"damage":32,"enemies":"Jaw Worm Horde","floor":45,"turns":4},{"damage":21,"enemies":"Sphere and 2 Shapes","floor":48,"turns":5},{"damage":76,"enemies":"Awakened One","floor":50,"turns":14}],"seed_played":"5543536453114712361","potions_obtained":[{"floor":7,"key":"Poison Potion"},{"floor":13,"key":"Regen Potion"},{"floor":16,"key":"Block Potion"},{"floor":18,"key":"Regen Potion"},{"floor":20,"key":"Swift Potion"},{"floor":25,"key":"Weak Potion"},{"floor":33,"key":"Explosive Potion"},{"floor":35,"key":"SneckoOil"},{"floor":42,"key":"PowerPotion"},{"floor":45,"key":"Weak Potion"}],"is_trial":false,"path_per_floor":["M","?","M","?","M","R","E","R","T","T","M","R","M","M","R","B",null,"M","$","M","$","T","R","M","E","T","T","$","M","R","M","R","B",null,"M","$","?","?","?","R","R","M","T","M","M","R","?","M","R"],"character_chosen":"IRONCLAD","items_purchased":["Dropkick"],"campfire_rested":3,"item_purchase_floors":[19],"current_hp_per_floor":[80,80,80,80,80,80,64,64,64,64,70,70,74,73,73,47,80,59,59,46,46,46,70,60,54,54,61,61,61,61,57,83,15,87,87,87,87,76,76,76,76,81,81,87,61,61,61,46,72,0],"gold":87,"neow_bonus":"UPGRADE_CARD","is_prod":false,"is_daily":false,"chose_seed":false,"campfire_upgraded":8,"win_rate":0,"timestamp":1541098168,"path_taken":["M","?","M","?","?","R","E","R","T","?","?","R","M","M","R","BOSS","M","$","M","$","?","R","M","E","T","?","?","M","R","?","R","BOSS","M","$","?","?","?","R","R","M","T","M","M","R","?","?","R","BOSS"],"build_version":"2018-10-25v2","purchased_purges":4,"victory":false,"max_hp_per_floor":[80,80,80,80,80,80,80,80,80,80,80,80,80,80,80,80,80,80,80,80,80,80,80,80,80,80,87,87,87,87,87,87,87,87,87,87,87,87,87,87,87,87,87,87,87,87,87,87,87,87],"card_choices":[{"not_picked":["Twin Strike","Heavy Blade"],"picked":"Rage","floor":1},{"not_picked":["Perfected Strike","Clash"],"picked":"Armaments","floor":3},{"not_picked":["Flex","Sentinel"],"picked":"Disarm","floor":5},{"not_picked":["Heavy Blade","Armaments"],"picked":"Body Slam","floor":7},{"not_picked":["Thunderclap","Power Through"],"picked":"Combust","floor":11},{"not_picked":["Second Wind","Seeing Red"],"picked":"Metallicize","floor":13},{"not_picked":["Power Through","Sword Boomerang"],"picked":"Iron Wave","floor":14},{"not_picked":["Feed","Bludgeon"],"picked":"Immolate","floor":16},{"not_picked":["Sword Boomerang","Havoc","Cleave+1"],"picked":"SKIP","floor":18},{"not_picked":["Corruption","Warcry"],"picked":"Iron Wave","floor":20},{"not_picked":["Warcry","Uppercut+1"],"picked":"Spot Weakness","floor":24},{"not_picked":["Body Slam","Spot Weakness","Berserk"],"picked":"SKIP","floor":25},{"not_picked":["Sentinel","Thunderclap","Flex"],"picked":"SKIP","floor":29},{"not_picked":["Feel No Pain","Body Slam"],"picked":"Seeing Red+1","floor":31},{"not_picked":["Bludgeon","Fiend Fire"],"picked":"Immolate","floor":33},{"not_picked":["Armaments","Rage"],"picked":"Iron Wave+1","floor":35},{"not_picked":["Good Instincts","Swift Strike"],"picked":"Madness","floor":39},{"not_picked":["Pummel+1","Clash+1","Heavy Blade"],"picked":"SKIP","floor":42},{"not_picked":["Perfected Strike","Headbutt","Heavy Blade"],"picked":"SKIP","floor":44},{"not_picked":["Pommel Strike","Dark Embrace"],"picked":"Rage","floor":45},{"not_picked":["Clothesline","Shrug It Off","Twin Strike"],"picked":"SKIP","floor":48}],"player_experience":124739,"relics_obtained":[{"floor":7,"key":"Bottled Flame"},{"floor":9,"key":"Tiny Chest"},{"floor":10,"key":"WingedGreaves"},{"floor":17,"key":"Happy Flower"},{"floor":17,"key":"Shuriken"},{"floor":17,"key":"Torii"},{"floor":22,"key":"Gremlin Horn"},{"floor":25,"key":"Ornamental Fan"},{"floor":26,"key":"Ancient Tea Set"},{"floor":27,"key":"Strawberry"},{"floor":43,"key":"Dream Catcher"}],"event_choices":[{"cards_removed":["Strike_R"],"damage_healed":0,"gold_gain":0,"player_choice":"Purged","damage_taken":0,"max_hp_gain":0,"max_hp_loss":0,"event_name":"Purifier","floor":2,"gold_loss":0},{"damage_healed":0,"gold_gain":0,"player_choice":"Paid Gold","damage_taken":0,"relics_obtained":["Bag of Marbles"],"max_hp_gain":0,"max_hp_loss":0,"event_name":"WeMeetAgain","floor":4,"gold_loss":117},{"damage_healed":0,"gold_gain":0,"player_choice":"Ignored","damage_taken":0,"max_hp_gain":0,"max_hp_loss":0,"event_name":"SecretPortal","floor":37,"gold_loss":0},{"damage_healed":0,"gold_gain":0,"player_choice":"Embrace Madness","damage_taken":11,"max_hp_gain":0,"max_hp_loss":0,"event_name":"Winding Halls","floor":38,"gold_loss":0,"cards_obtained":["Madness","Madness"]},{"damage_healed":0,"gold_gain":0,"player_choice":"Memory 1","damage_taken":0,"max_hp_gain":0,"max_hp_loss":0,"event_name":"SensoryStone","floor":39,"gold_loss":0},{"damage_healed":0,"gold_gain":0,"player_choice":"Ignored","damage_taken":0,"max_hp_gain":0,"max_hp_loss":0,"event_name":"Mysterious Sphere","floor":47,"gold_loss":0}],"is_beta":false,"boss_relics":[{"not_picked":["Tiny House","Lizard Tail"],"picked":"Calling Bell"},{"not_picked":["Sozu","Snecko Eye"],"picked":"Cursed Key"}],"items_purged_floors":[19,21,28,36],"is_endless":false,"potions_floor_spawned":[7,13,16,18,20,25,33,35,42,45],"killed_by":"Awakened One","ascension_level":0}