{"gold_per_floor":[209,226,226,242,262,262,306,306,306,306,306,327,327,340,340,340],"floor_reached":16,"playtime":834,"items_purged":[],"score":102,"play_id":"dacc4c62-bc64-480b-9f7d-f4a44832002b","local_time":"20181024223437","is_ascension_mode":false,"campfire_choices":[{"data":"True Grit","floor":6,"key":"SMITH"},{"data":"Barricade","floor":8,"key":"SMITH"},{"floor":10,"key":"REST"},{"data":"Infernal Blade","floor":15,"key":"SMITH"}],"neow_cost":"NONE","seed_source_timestamp":13472971665817,"circlet_count":0,"master_deck":["Strike_R","Strike_R","Strike_R","Strike_R","Defend_R","Defend_R","Defend_R","Defend_R","Bash","Shockwave","True Grit+1","Infernal Blade+1","Dropkick","Barricade+1"],"relics":["Burning Blood","Golden Idol","Smiling Mask","Boot","Sundial"],"potions_floor_usage":[16],"damage_taken":[{"damage":3,"enemies":"Jaw Worm","floor":1,"turns":4},{"damage":3,"enemies":"Small Slimes","floor":2,"turns":3},{"damage":4,"enemies":"Cultist","floor":4,"turns":4},{"damage":7,"enemies":"Blue Slaver","floor":5,"turns":3},{"damage":31,"enemies":"3 Sentries","floor":7,"turns":8},{"damage":15,"enemies":"Red Slaver","floor":12,"turns":5},{"damage":0,"enemies":"2 Fungi Beasts","floor":14,"turns":2},{"damage":67,"enemies":"Slime Boss","floor":16,"turns":14}],"seed_played":"6521399879125449566","potions_obtained":[{"floor":2,"key":"FearPotion"},{"floor":7,"key":"EssenceOfSteel"}],"is_trial":false,"path_per_floor":["M","M","?","M","M","R","E","R","T","R","?","M","?","M","R"],"character_chosen":"IRONCLAD","items_purchased":[],"campfire_rested":1,"item_purchase_floors":[],"current_hp_per_floor":[80,80,60,62,61,61,36,36,36,60,60,51,51,57,57,0],"gold":340,"neow_bonus":"HUNDRED_GOLD","is_prod":false,"is_daily":false,"chose_seed":false,"campfire_upgraded":3,"win_rate":0,"timestamp":1540409677,"path_taken":["M","M","?","M","M","R","E","R","T","R","?","M","?","M","R","BOSS"],"build_version":"2018-10-18","purchased_purges":0,"victory":false,"max_hp_per_floor":[80,80,80,80,80,80,80,80,80,80,80,80,80,80,80,80],"card_choices":[{"not_picked":["Iron Wave","Twin Strike"],"picked":"Shockwave","floor":1},{"not_picked":["Uppercut","Armaments"],"picked":"True Grit","floor":2},{"not_picked":["True Grit","Heavy Blade"],"picked":"Infernal Blade","floor":4},{"not_picked":["Warcry","Spot Weakness"],"picked":"Dropkick","floor":5},{"not_picked":["Uppercut","Inflame"],"picked":"Barricade","floor":7},{"not_picked":["Flex","Thunderclap","Clothesline"],"picked":"SKIP","floor":12},{"not_picked":["Pommel Strike","Twin Strike","Sword Boomerang"],"picked":"SKIP","floor":14}],"player_experience":103702,"relics_obtained":[{"floor":7,"key":"Smiling Mask"},{"floor":9,"key":"Boot"}],"event_choices":[{"damage_healed":0,"gold_gain":0,"player_choice":"Take Damage","damage_taken":20,"relics_obtained":["Golden Idol"],"max_hp_gain":0,"max_hp_loss":0,"event_name":"Golden Idol","floor":3,"gold_loss":0},{"cards_removed":["Strike_R"],"damage_healed":0,"gold_gain":0,"player_choice":"Purged","damage_taken":0,"max_hp_gain":0,"max_hp_loss":0,"event_name":"Purifier","floor":11,"gold_loss":0},{"damage_healed":0,"gold_gain":0,"player_choice":"Searched \u00271\u0027 times","damage_taken":0,"relics_obtained":["Sundial"],"max_hp_gain":0,"max_hp_loss":0,"event_name":"Dead Adventurer","floor":13,"gold_loss":0}],"is_beta":false,"boss_relics":[],"items_purged_floors":[],"is_endless":false,"potions_floor_spawned":[2,7],"killed_by":"Slime Boss","ascension_level":0}