{"gold_per_floor":[114,39,50,225,99,99,124,124,124,137,137,194,35,55,55,152,152,164,182,282,299,299,299,214,224,224,224,235,251,265,35,35,135,135,153,153,6,6,6,41,92,92,92,92,104,135,135,151,151,151],"floor_reached":51,"playtime":2745,"items_purged":["Shame","Doubt","Regret","Strike_R"],"score":718,"play_id":"943fc173-4221-435c-9800-07969fde70e8","local_time":"20181118183026","is_ascension_mode":false,"campfire_choices":[{"data":"True Grit","floor":6,"key":"SMITH"},{"data":"Armaments","floor":8,"key":"SMITH"},{"data":"Seeing Red","floor":15,"key":"SMITH"},{"floor":23,"key":"REST"},{"data":"Barricade","floor":27,"key":"SMITH"},{"data":"Entrench","floor":32,"key":"SMITH"},{"data":"True Grit","floor":42,"key":"SMITH"},{"data":"Metallicize","floor":44,"key":"SMITH"},{"data":"Juggernaut","floor":47,"key":"SMITH"},{"data":"Flame Barrier","floor":49,"key":"SMITH"}],"neow_cost":"CURSE","seed_source_timestamp":24149401609312,"circlet_count":0,"master_deck":["Strike_R","Strike_R","Strike_R","Strike_R","Defend_R","Defend_R","Defend_R","Bash","Immolate","Battle Trance","True Grit+1","Armaments+1","Sentinel","Juggernaut+1","Seeing Red+1","Sentinel","Barricade+1","Flame Barrier+1","Headbutt+1","Body Slam","True Grit+1","Entrench+1","Metallicize+1","Iron Wave+1"],"relics":["Black Blood","Odd Mushroom","Pantograph","Lantern","Thread and Needle","Sozu","Charon\u0027s Ashes","Letter Opener","Darkstone Periapt","Dodecahedron","Blood Vial","Ancient Tea Set","Vajra","Kunai","Strawberry"],"potions_floor_usage":[12,20,50],"damage_taken":[{"damage":0,"enemies":"2 Louse","floor":1,"turns":1},{"damage":3,"enemies":"Small Slimes","floor":3,"turns":2},{"damage":1,"enemies":"The Mushroom Lair","floor":7,"turns":2},{"damage":1,"enemies":"Cultist","floor":10,"turns":3},{"damage":26,"enemies":"Gremlin Nob","floor":12,"turns":4},{"damage":1,"enemies":"Looter","floor":14,"turns":2},{"damage":67,"enemies":"Hexaghost","floor":16,"turns":10},{"damage":7,"enemies":"Spheric Guardian","floor":18,"turns":4},{"damage":0,"enemies":"Chosen","floor":19,"turns":5},{"damage":11,"enemies":"Colosseum Slavers","floor":20,"turns":5},{"damage":57,"enemies":"Colosseum Nobs","floor":20,"turns":6},{"damage":0,"enemies":"Sentry and Sphere","floor":21,"turns":6},{"damage":1,"enemies":"Centurion and Healer","floor":25,"turns":6},{"damage":1,"enemies":"Shelled Parasite and Fungi","floor":28,"turns":5},{"damage":1,"enemies":"Snecko","floor":29,"turns":4},{"damage":0,"enemies":"Sentry and Sphere","floor":30,"turns":5},{"damage":6,"enemies":"Champ","floor":33,"turns":12},{"damage":11,"enemies":"3 Darklings","floor":35,"turns":4},{"damage":0,"enemies":"Giant Head","floor":40,"turns":8},{"damage":5,"enemies":"Orb Walker","floor":45,"turns":3},{"damage":31,"enemies":"Nemesis","floor":46,"turns":7},{"damage":0,"enemies":"Spire Growth","floor":48,"turns":3},{"damage":11,"enemies":"Time Eater","floor":50,"turns":9}],"seed_played":"-2692231966733562612","potions_obtained":[{"floor":1,"key":"FearPotion"},{"floor":7,"key":"Regen Potion"},{"floor":10,"key":"SteroidPotion"},{"floor":16,"key":"FearPotion"}],"is_trial":false,"path_per_floor":["M","$","M","?","$","R","?","R","T","M","?","?","$","M","R","B",null,"M","M","?","M","?","R","?","M","T","R","M","M","M","$","R","B",null,"M","?","$","?","$","E","T","R","T","R","M","E","R","M","R","B",null],"character_chosen":"IRONCLAD","items_purchased":["True Grit","Seeing Red","Metallicize","Blood Vial"],"campfire_rested":1,"item_purchase_floors":[5,13,31,37],"current_hp_per_floor":[80,80,80,80,80,80,80,80,80,80,80,60,60,65,65,19,80,79,80,24,30,15,40,40,45,45,45,50,55,61,61,61,85,85,84,84,84,84,84,85,85,85,85,85,85,71,71,83,83,92],"gold":151,"neow_bonus":"THREE_RARE_CARDS","is_prod":false,"is_daily":false,"chose_seed":false,"campfire_upgraded":9,"win_rate":0,"timestamp":1542555026,"path_taken":["M","$","M","?","$","R","?","R","T","M","?","?","?","M","R","BOSS","M","M","?","M","?","R","?","M","T","R","M","M","M","?","R","BOSS","M","?","$","?","$","E","?","R","T","R","M","E","R","M","R","BOSS"],"build_version":"2018-11-15","purchased_purges":4,"victory":true,"max_hp_per_floor":[80,80,80,80,80,80,80,80,80,80,80,80,80,80,80,80,80,80,80,80,80,85,85,85,85,85,85,85,85,85,85,85,85,85,85,85,85,85,85,85,85,85,85,85,85,92,92,92,92,92],"card_choices":[{"not_picked":["Fiend Fire","Bludgeon"],"picked":"Immolate","floor":0},{"not_picked":["Perfected Strike","Wild Strike"],"picked":"Battle Trance","floor":1},{"not_picked":["Clothesline","Anger","Thunderclap"],"picked":"SKIP","floor":3},{"not_picked":["Warcry","Feel No Pain"],"picked":"Armaments","floor":7},{"not_picked":["Disarm","Sword Boomerang"],"picked":"Sentinel","floor":10},{"not_picked":["Dropkick","True Grit"],"picked":"Juggernaut","floor":12},{"not_picked":["Carnage","Feel No Pain"],"picked":"Sentinel","floor":14},{"not_picked":["Immolate","Brutality"],"picked":"Barricade","floor":16},{"not_picked":["Wild Strike+1","Dual Wield+1"],"picked":"Flame Barrier","floor":18},{"not_picked":["Infernal Blade","Sword Boomerang","Rupture"],"picked":"SKIP","floor":19},{"not_picked":["Uppercut","Sentinel"],"picked":"Headbutt+1","floor":20},{"not_picked":["Sentinel+1","Evolve","Pommel Strike+1"],"picked":"SKIP","floor":21},{"not_picked":["Pommel Strike+1","Uppercut"],"picked":"Body Slam","floor":25},{"not_picked":["Heavy Blade","Hemokinesis"],"picked":"True Grit","floor":28},{"not_picked":["Spot Weakness","Iron Wave","Heavy Blade"],"picked":"SKIP","floor":29},{"not_picked":["Thunderclap+1","Fiend Fire"],"picked":"Entrench","floor":30},{"not_picked":["Second Wind","Intimidate+1","Sever Soul+1"],"picked":"SKIP","floor":35},{"not_picked":["Evolve","Bloodletting+1","True Grit+1"],"picked":"SKIP","floor":40},{"not_picked":["Twin Strike","True Grit+1","Clothesline+1"],"picked":"SKIP","floor":45},{"not_picked":["Pommel Strike","Sentinel+1","Reckless Charge"],"picked":"SKIP","floor":46},{"not_picked":["Flex","Wild Strike"],"picked":"Iron Wave+1","floor":48}],"player_experience":179831,"relics_obtained":[{"floor":7,"key":"Odd Mushroom"},{"floor":9,"key":"Pantograph"},{"floor":20,"key":"Charon\u0027s Ashes"},{"floor":20,"key":"Letter Opener"},{"floor":26,"key":"Dodecahedron"},{"floor":40,"key":"Ancient Tea Set"},{"floor":41,"key":"Vajra"},{"floor":43,"key":"Kunai"},{"floor":46,"key":"Strawberry"}],"event_choices":[{"damage_healed":0,"gold_gain":175,"player_choice":"AGREE","damage_taken":0,"max_hp_gain":0,"max_hp_loss":0,"event_name":"Liars Game","floor":4,"gold_loss":0,"cards_obtained":["Doubt"]},{"damage_healed":0,"gold_gain":0,"player_choice":"Fought Mushrooms","damage_taken":0,"max_hp_gain":0,"max_hp_loss":0,"event_name":"Mushrooms","floor":7,"gold_loss":0},{"damage_healed":0,"gold_gain":0,"player_choice":"Box","damage_taken":0,"relics_obtained":["Lantern"],"max_hp_gain":0,"max_hp_loss":0,"event_name":"Big Fish","floor":11,"gold_loss":0,"cards_obtained":["Regret"]},{"damage_healed":0,"gold_gain":0,"player_choice":"Searched \u00273\u0027 times","damage_taken":0,"relics_obtained":["Thread and Needle"],"max_hp_gain":0,"max_hp_loss":0,"event_name":"Dead Adventurer","floor":12,"gold_loss":0},{"damage_healed":0,"gold_gain":0,"player_choice":"Fight","damage_taken":0,"max_hp_gain":0,"max_hp_loss":0,"event_name":"Colosseum","floor":20,"gold_loss":0},{"damage_healed":0,"gold_gain":0,"player_choice":"Fought Nobs","damage_taken":0,"max_hp_gain":0,"max_hp_loss":0,"event_name":"Colosseum","floor":20,"gold_loss":0},{"damage_healed":0,"gold_gain":0,"player_choice":"Shed Blood","damage_taken":20,"max_hp_gain":5,"max_hp_loss":0,"event_name":"Forgotten Altar","floor":22,"gold_loss":0},{"damage_healed":0,"gold_gain":0,"player_choice":"Obtained Relic","damage_taken":0,"relics_obtained":["Darkstone Periapt"],"max_hp_gain":0,"max_hp_loss":0,"event_name":"Addict","floor":24,"gold_loss":85},{"cards_removed":["Defend_R"],"damage_healed":0,"gold_gain":0,"player_choice":"Removed Skill","damage_taken":0,"max_hp_gain":0,"max_hp_loss":0,"event_name":"Falling","floor":36,"gold_loss":0},{"damage_healed":0,"gold_gain":0,"player_choice":"Ignored","damage_taken":0,"max_hp_gain":0,"max_hp_loss":0,"event_name":"Mysterious Sphere","floor":38,"gold_loss":0}],"is_beta":false,"boss_relics":[{"not_picked":["Ectoplasm","Mark of Pain"],"picked":"Sozu"},{"not_picked":["Runic Pyramid","Eternal Feather"],"picked":"Black Blood"}],"items_purged_floors":[2,5,13,31],"is_endless":false,"potions_floor_spawned":[1,7,10,16,20,21,25,29,30,33,35,40],"ascension_level":0}