{"gold_per_floor":[117,130,142,153,171,171,184,184,184,245,245,257,257,273,273,374,374,374,374,41,0,0,0,0,0,0,0,0,0,0,0,0,0,0,0,0,0,0,0,0,0,0,0,0,0,0,0,0,0,0],"floor_reached":51,"playtime":3176,"items_purged":["Strike_R"],"score":761,"play_id":"c581437a-adee-4b33-9c3d-7e6af43c68ed","local_time":"20181022214620","is_ascension_mode":false,"campfire_choices":[{"data":"Metallicize","floor":6,"key":"SMITH"},{"data":"Juggernaut","floor":11,"key":"SMITH"},{"floor":15,"key":"REST"},{"data":"Armaments","floor":23,"key":"SMITH"},{"data":"Barricade","floor":25,"key":"SMITH"},{"floor":30,"key":"REST"},{"data":"Shockwave","floor":32,"key":"SMITH"},{"data":"Disarm","floor":44,"key":"SMITH"},{"data":"Bash","floor":46,"key":"SMITH"},{"data":"Iron Wave","floor":49,"key":"SMITH"}],"neow_cost":"TEN_PERCENT_HP_LOSS","seed_source_timestamp":8085607138502,"circlet_count":0,"master_deck":["Strike_R","Strike_R","Strike_R","Strike_R","Defend_R","Defend_R","Defend_R","Defend_R","Bash+1","Disarm+1","Metallicize+1","Shockwave+1","Juggernaut+1","Armaments+1","Barricade+1","Iron Wave+1","Burning Pact+1","Warcry+1","Ghostly Armor+1","Impervious+1","Parasite","True Grit+1","Chrysalis+1","Metallicize+1"],"relics":["Black Blood","StoneCalendar","Mercury Hourglass","Singing Bowl","Tiny Chest","Ectoplasm","Bottled Tornado","Toxic Egg 2","Calipers","Red Skull","Pantograph","Charon\u0027s Ashes","Pocketwatch","Centennial Puzzle","Bottled Flame"],"potions_floor_usage":[2,5,10,16,40,50,50,50],"damage_taken":[{"damage":10,"enemies":"2 Louse","floor":1,"turns":3},{"damage":11,"enemies":"Small Slimes","floor":2,"turns":5},{"damage":2,"enemies":"Jaw Worm","floor":3,"turns":5},{"damage":14,"enemies":"Looter","floor":4,"turns":4},{"damage":12,"enemies":"3 Louse","floor":5,"turns":7},{"damage":2,"enemies":"Blue Slaver","floor":7,"turns":6},{"damage":9,"enemies":"3 Sentries","floor":10,"turns":7},{"damage":9,"enemies":"Red Slaver","floor":12,"turns":4},{"damage":12,"enemies":"3 Louse","floor":14,"turns":2},{"damage":12,"enemies":"The Guardian","floor":16,"turns":11},{"damage":14,"enemies":"Shell Parasite","floor":18,"turns":7},{"damage":9,"enemies":"2 Thieves","floor":21,"turns":4},{"damage":6,"enemies":"Chosen and Byrds","floor":28,"turns":4},{"damage":16,"enemies":"Centurion and Healer","floor":29,"turns":7},{"damage":0,"enemies":"Snecko","floor":31,"turns":5},{"damage":0,"enemies":"Automaton","floor":33,"turns":15},{"damage":11,"enemies":"3 Shapes","floor":35,"turns":4},{"damage":1,"enemies":"Orb Walker","floor":36,"turns":5},{"damage":7,"enemies":"Writhing Mass","floor":39,"turns":7},{"damage":9,"enemies":"Reptomancer","floor":40,"turns":8},{"damage":8,"enemies":"Jaw Worm Horde","floor":41,"turns":5},{"damage":4,"enemies":"Transient","floor":45,"turns":5},{"damage":0,"enemies":"Giant Head","floor":47,"turns":11},{"damage":15,"enemies":"Donu and Deca","floor":50,"turns":12}],"seed_played":"-1557434152765907509","potions_obtained":[{"floor":1,"key":"EntropicBrew"},{"floor":5,"key":"Fire Potion"},{"floor":10,"key":"SmokeBomb"},{"floor":21,"key":"Explosive Potion"},{"floor":28,"key":"Energy Potion"},{"floor":31,"key":"Dexterity Potion"},{"floor":40,"key":"Poison Potion"}],"is_trial":false,"path_per_floor":["M","M","M","M","M","R","M","?","T","E","R","M","?","M","R","B",null,"M","?","$","M","$","R","T","R","T","$","M","M","R","M","R","B",null,"M","M","T","T","M","E","M","?","T","R","M","R","E","T","R","B"],"character_chosen":"IRONCLAD","items_purchased":["Bottled Tornado"],"campfire_rested":2,"item_purchase_floors":[20],"current_hp_per_floor":[68,63,67,59,53,53,57,57,57,54,54,51,44,40,62,56,74,66,52,52,51,51,51,51,51,51,51,51,41,65,71,71,77,81,82,85,85,85,85,87,89,89,89,89,89,89,91,91,91,86],"gold":0,"neow_bonus":"ONE_RARE_RELIC","is_prod":false,"is_daily":false,"chose_seed":false,"campfire_upgraded":8,"win_rate":0,"timestamp":1540233980,"path_taken":["M","M","M","M","M","R","M","?","T","E","R","M","?","M","R","BOSS","M","?","$","M","$","R","?","R","T","?","M","M","R","M","R","BOSS","M","M","?","?","M","E","?","?","T","R","M","R","E","?","R","BOSS"],"build_version":"2018-10-18","purchased_purges":1,"victory":true,"max_hp_per_floor":[72,72,72,72,72,72,72,72,72,72,72,72,72,74,74,74,74,74,79,79,81,81,81,81,81,81,81,81,81,81,81,81,81,81,83,85,85,85,85,87,89,89,89,89,89,89,91,91,91,91],"card_choices":[{"not_picked":["Entrench","Clothesline"],"picked":"Disarm","floor":1},{"not_picked":["Wild Strike","True Grit"],"picked":"Metallicize","floor":2},{"not_picked":["Sword Boomerang","Dropkick","Cleave"],"picked":"SKIP","floor":3},{"not_picked":["Body Slam","Headbutt"],"picked":"Shockwave","floor":4},{"not_picked":["Sword Boomerang","Body Slam","Headbutt"],"picked":"SKIP","floor":5},{"not_picked":["Sentinel","Havoc","Wild Strike"],"picked":"SKIP","floor":7},{"not_picked":["Thunderclap","Combust"],"picked":"Juggernaut","floor":10},{"not_picked":["Spot Weakness","Combust"],"picked":"Armaments","floor":12},{"not_picked":["Armaments","Sword Boomerang","Whirlwind"],"picked":"Singing Bowl","floor":14},{"not_picked":["Exhume","Juggernaut"],"picked":"Barricade","floor":16},{"not_picked":["Flex","Pummel"],"picked":"Iron Wave","floor":18},{"not_picked":["Reckless Charge","Clash","Clothesline"],"picked":"Singing Bowl","floor":21},{"not_picked":["Feel No Pain","Rupture"],"picked":"Burning Pact+1","floor":28},{"not_picked":["Rampage","Cleave"],"picked":"Warcry+1","floor":29},{"not_picked":["Clothesline","Feel No Pain+1"],"picked":"Ghostly Armor+1","floor":31},{"not_picked":["Double Tap+1","Demon Form"],"picked":"Impervious+1","floor":33},{"not_picked":["Clothesline","Wild Strike+1","Flex+1"],"picked":"Singing Bowl","floor":35},{"not_picked":["Corruption+1","Dual Wield+1","Power Through+1"],"picked":"Singing Bowl","floor":36},{"not_picked":["Perfected Strike","Power Through+1"],"picked":"True Grit+1","floor":39},{"not_picked":["Pommel Strike","Cleave+1","Reaper"],"picked":"Singing Bowl","floor":40},{"not_picked":["Pommel Strike+1","Sword Boomerang","Wild Strike+1"],"picked":"Singing Bowl","floor":41},{"not_picked":["Magnetism","Discovery+1"],"picked":"Chrysalis+1","floor":42},{"not_picked":["True Grit+1","Disarm+1"],"picked":"Metallicize+1","floor":45},{"not_picked":["Pommel Strike","Intimidate+1","Searing Blow+1"],"picked":"Singing Bowl","floor":47}],"player_experience":90307,"relics_obtained":[{"floor":9,"key":"Singing Bowl"},{"floor":10,"key":"Tiny Chest"},{"floor":24,"key":"Toxic Egg 2"},{"floor":26,"key":"Calipers"},{"floor":37,"key":"Red Skull"},{"floor":38,"key":"Pantograph"},{"floor":40,"key":"Charon\u0027s Ashes"},{"floor":43,"key":"Pocketwatch"},{"floor":47,"key":"Centennial Puzzle"},{"floor":48,"key":"Bottled Flame"}],"event_choices":[{"damage_healed":0,"gold_gain":30,"player_choice":"Searched \u00272\u0027 times","damage_taken":0,"relics_obtained":["Mercury Hourglass"],"max_hp_gain":0,"max_hp_loss":0,"event_name":"Dead Adventurer","floor":8,"gold_loss":0},{"damage_healed":0,"gold_gain":0,"player_choice":"Damaged","damage_taken":7,"max_hp_gain":0,"max_hp_loss":0,"event_name":"Wheel of Change","floor":13,"gold_loss":0},{"damage_healed":0,"gold_gain":0,"player_choice":"Shed Blood","damage_taken":19,"max_hp_gain":5,"max_hp_loss":0,"event_name":"Forgotten Altar","floor":19,"gold_loss":0},{"damage_healed":0,"gold_gain":0,"player_choice":"Memory 1","damage_taken":0,"max_hp_gain":0,"max_hp_loss":0,"event_name":"SensoryStone","floor":42,"gold_loss":0}],"is_beta":false,"boss_relics":[{"not_picked":["Runic Pyramid","Eternal Feather"],"picked":"Ectoplasm"},{"not_picked":["White Beast Statue","Snecko Eye"],"picked":"Black Blood"}],"items_purged_floors":[20],"is_endless":false,"potions_floor_spawned":[1,5,10,14,21,28,31,33,36,40],"ascension_level":0}