{"gold_per_floor":[111,15,15,39,39,60,60,79,105,121,121,137,25,44,44,168,168,187,187,211,232,247,290,313,313,313,313,337,356,356,391,391,510,510,533,283,283,308,88,88,88],"floor_reached":41,"playtime":4045,"items_purged":["Strike_G","Expertise","Normality"],"score":452,"play_id":"aa1c89e6-9486-4568-b103-75735e06265b","local_time":"20181215181922","is_ascension_mode":false,"campfire_choices":[{"data":"Deadly Poison","floor":7.0,"key":"SMITH"},{"floor":11.0,"key":"REST"},{"data":"Footwork","floor":15.0,"key":"SMITH"},{"floor":25.0,"key":"REST"},{"data":"Footwork","floor":27.0,"key":"SMITH"},{"floor":30.0,"key":"REST"},{"floor":32.0,"key":"REST"},{"data":"Enlightenment","floor":40.0,"key":"SMITH"}],"neow_cost":"NONE","seed_source_timestamp":22554686004079,"circlet_count":0,"master_deck":["Survivor","Neutralize","Prepared","Deadly Poison+1","Well Laid Plans","Bane","Backflip","Footwork+1","Backflip","Glass Knife","Footwork+1","Acrobatics","Setup+1","PiercingWail","Footwork+1","Night Terror","Bouncing Flask","Predator","Endless Agony","PiercingWail","Backstab","PiercingWail","Calculated Gamble","Expertise","Deadly Poison+1","Enlightenment+1"],"special_seed":0,"relics":["Ring of the Snake","Golden Idol","Lantern","Cursed Key","Bag of Preparation","Ornamental Fan","Pear","Pandora\u0027s Box","Juzu Bracelet"],"potions_floor_usage":[41],"damage_taken":[{"damage":0.0,"enemies":"Cultist","floor":1.0,"turns":5.0},{"damage":0.0,"enemies":"Jaw Worm","floor":4.0,"turns":4.0},{"damage":0.0,"enemies":"Small Slimes","floor":6.0,"turns":3.0},{"damage":3.0,"enemies":"Exordium Wildlife","floor":8.0,"turns":6.0},{"damage":11.0,"enemies":"Lots of Slimes","floor":10.0,"turns":5.0},{"damage":0.0,"enemies":"2 Fungi Beasts","floor":12.0,"turns":3.0},{"damage":14.0,"enemies":"3 Louse","floor":14.0,"turns":4.0},{"damage":17.0,"enemies":"Slime Boss","floor":16.0,"turns":16.0},{"damage":4.0,"enemies":"2 Thieves","floor":18.0,"turns":5.0},{"damage":0.0,"enemies":"3 Byrds","floor":20.0,"turns":6.0},{"damage":1.0,"enemies":"Snake Plant","floor":21.0,"turns":4.0},{"damage":31.0,"enemies":"Cultist and Chosen","floor":22.0,"turns":9.0},{"damage":40.0,"enemies":"Gremlin Leader","floor":23.0,"turns":12.0},{"damage":0.0,"enemies":"Centurion and Healer","floor":24.0,"turns":9.0},{"damage":25.0,"enemies":"3 Cultists","floor":28.0,"turns":9.0},{"damage":0.0,"enemies":"Snake Plant","floor":29.0,"turns":5.0},{"damage":28.0,"enemies":"Book of Stabbing","floor":31.0,"turns":8.0},{"damage":26.0,"enemies":"Collector","floor":33.0,"turns":21.0},{"damage":9.0,"enemies":"3 Darklings","floor":35.0,"turns":13.0},{"damage":27.0,"enemies":"Orb Walker","floor":38.0,"turns":5.0},{"damage":52,"enemies":"Nemesis","floor":41,"turns":7}],"seed_played":"-4938954729467394208","potions_obtained":[{"floor":8.0,"key":"Ancient Potion"},{"floor":14.0,"key":"Fire Potion"},{"floor":22.0,"key":"EssenceOfSteel"},{"floor":23.0,"key":"Regen Potion"},{"floor":24.0,"key":"EssenceOfSteel"},{"floor":28.0,"key":"Fire Potion"},{"floor":33.0,"key":"Fire Potion"},{"floor":35.0,"key":"Energy Potion"},{"floor":38.0,"key":"AttackPotion"}],"is_trial":false,"path_per_floor":["M","$","?","M","?","M","R","M","T","M","R","M","$","M","R","B",null,"M","?","M","M","M","E","M","R","T","R","M","M","R","E","R","B",null,"M","$","?","M","$","R","E"],"character_chosen":"THE_SILENT","items_purchased":["Deadly Poison","Well Laid Plans","Footwork","Juzu Bracelet","Enlightenment"],"campfire_rested":4,"item_purchase_floors":[2,2,13,36,39],"current_hp_per_floor":[77,77,58,58,43,43,43,40,40,29,52,52,52,38,38,21,77,73,77,77,76,45,5,20,43,43,43,18,18,41,23,49,23,87,78,78,78,51,51,51,0],"gold":88,"neow_bonus":"TEN_PERCENT_HP_BONUS","is_prod":false,"is_daily":false,"chose_seed":false,"campfire_upgraded":4,"win_rate":0,"timestamp":1544887162,"path_taken":["M","?","?","M","?","M","R","M","T","M","R","M","$","M","R","BOSS","M","?","M","?","M","E","M","R","T","R","M","M","R","E","R","BOSS","M","$","?","M","$","R","E"],"build_version":"2018-12-13","purchased_purges":3,"victory":false,"max_hp_per_floor":[77,77,77,77,77,77,77,77,77,77,77,77,77,77,77,77,77,77,77,77,77,77,77,77,77,77,77,77,77,77,87,87,87,87,87,87,87,87,87,87,87],"card_choices":[{"not_picked":["PiercingWail","Accuracy"],"picked":"Prepared","floor":1.0},{"not_picked":["Bane","Underhanded Strike","Outmaneuver"],"picked":"SKIP","floor":4.0},{"not_picked":["Bane","Underhanded Strike","Outmaneuver"],"picked":"SKIP","floor":4.0},{"not_picked":["Sucker Punch","Finisher","Dagger Spray"],"picked":"SKIP","floor":6.0},{"not_picked":["Deflect","Bullet Time"],"picked":"Bane","floor":8.0},{"not_picked":["Blade Dance","Bane","Endless Agony"],"picked":"SKIP","floor":10.0},{"not_picked":["Well Laid Plans","Masterful Stab"],"picked":"Backflip","floor":12.0},{"not_picked":["Dagger Spray","Calculated Gamble"],"picked":"Backflip","floor":14.0},{"not_picked":["A Thousand Cuts","Storm of Steel"],"picked":"Glass Knife","floor":16.0},{"not_picked":["Sucker Punch","Terror+1"],"picked":"Footwork","floor":18.0},{"not_picked":["Masterful Stab","Bouncing Flask"],"picked":"Acrobatics","floor":20.0},{"not_picked":["Leg Sweep","Dodge and Roll+1"],"picked":"Setup+1","floor":21.0},{"not_picked":["Cloak And Dagger","PiercingWail","Eviscerate"],"picked":"SKIP","floor":22.0},{"not_picked":["Accuracy","Blade Dance","Prepared"],"picked":"SKIP","floor":23.0},{"not_picked":["Slice","Expertise","PiercingWail"],"picked":"SKIP","floor":24.0},{"not_picked":["Slice+1","Quick Slash"],"picked":"PiercingWail","floor":28.0},{"not_picked":["Escape Plan","Skewer+1"],"picked":"Footwork+1","floor":29.0},{"not_picked":["PiercingWail+1","Masterful Stab","Bane"],"picked":"SKIP","floor":31.0},{"not_picked":["Adrenaline","Malaise"],"picked":"Night Terror","floor":33.0},{"not_picked":["Sucker Punch","Bane","Backflip"],"picked":"SKIP","floor":35.0},{"not_picked":["Predator","Doppelganger"],"picked":"Deadly Poison+1","floor":38.0}],"player_experience":321726,"relics_obtained":[{"floor":9.0,"key":"Lantern"},{"floor":23.0,"key":"Bag of Preparation"},{"floor":26.0,"key":"Ornamental Fan"},{"floor":31.0,"key":"Pear"}],"event_choices":[{"damage_healed":0.0,"max_hp_gain":0.0,"max_hp_loss":0.0,"gold_gain":0.0,"event_name":"Golden Idol","player_choice":"Take Damage","floor":3.0,"gold_loss":0.0,"damage_taken":19.0,"relics_obtained":["Golden Idol"]},{"damage_healed":0.0,"max_hp_gain":0.0,"max_hp_loss":0.0,"gold_gain":0.0,"event_name":"Shining Light","player_choice":"Entered Light","floor":5.0,"gold_loss":0.0,"damage_taken":15.0,"cards_upgraded":["Defend_G","Defend_G"]},{"damage_healed":4.0,"max_hp_gain":0.0,"max_hp_loss":0.0,"gold_gain":0.0,"event_name":"Wheel of Change","player_choice":"Full Heal","floor":19.0,"gold_loss":0.0,"damage_taken":0.0},{"damage_healed":0.0,"max_hp_gain":0.0,"max_hp_loss":0.0,"gold_gain":0.0,"event_name":"Tomb of Lord Red Mask","player_choice":"Ignored","floor":37.0,"gold_loss":0.0,"damage_taken":0.0}],"is_beta":false,"boss_relics":[{"not_picked":["White Beast Statue","Coffee Dripper"],"picked":"Cursed Key"},{"not_picked":["Sozu","Orrery"],"picked":"Pandora\u0027s Box"}],"items_purged_floors":[13,36,39],"is_endless":false,"potions_floor_spawned":[8,14,22,23,24,28,29,33,35,38],"killed_by":"Nemesis","ascension_level":0}