{"gold_per_floor":[12,12,12,24,24,56,56,66,66,100,115,0,0,10,10,106,106,31,31,31,31,9,9,9,9,9,9,9,9,9,9,9,9],"floor_reached":33,"playtime":2169,"items_purged":[],"score":446,"play_id":"b13d97c8-d942-419c-b901-95816435611e","local_time":"20190112000018","is_ascension_mode":true,"campfire_choices":[{"floor":7.0,"key":"REST"},{"floor":13.0,"key":"REST"},{"data":"Glass Knife","floor":15.0,"key":"SMITH"},{"floor":23.0,"key":"REST"},{"floor":28.0,"key":"REST"},{"floor":30.0,"key":"REST"},{"floor":32.0,"key":"REST"}],"neow_cost":"NO_GOLD","seed_source_timestamp":17315302593622,"circlet_count":0,"master_deck":["AscendersBane","Defend_G+1","Defend_G","Defend_G","Defend_G","Strike_G+1","Strike_G","Strike_G","Strike_G","Survivor","Neutralize","Crippling Poison+1","Quick Slash","Glass Knife+1","Deflect","Endless Agony","Dodge and Roll","Terror","Finisher","Noxious Fumes+1","Wraith Form v2+1","Endless Agony","Burst","Blade Dance","Backflip","Slice","Escape Plan","Heel Hook","Backflip+1"],"special_seed":0,"relics":["Ring of the Snake","Unceasing Top","Bottled Lightning","Frozen Egg 2","Mercury Hourglass","Ectoplasm","Bottled Flame","Potion Belt"],"potions_floor_usage":[33],"damage_taken":[{"damage":0.0,"enemies":"Jaw Worm","floor":1.0,"turns":7.0},{"damage":4.0,"enemies":"2 Louse","floor":4.0,"turns":2.0},{"damage":26.0,"enemies":"3 Sentries","floor":6.0,"turns":12.0},{"damage":0.0,"enemies":"Cultist","floor":8.0,"turns":3.0},{"damage":21.0,"enemies":"Gremlin Nob","floor":10.0,"turns":4.0},{"damage":2.0,"enemies":"Red Slaver","floor":11.0,"turns":4.0},{"damage":4.0,"enemies":"Exordium Wildlife","floor":14.0,"turns":3.0},{"damage":10.0,"enemies":"Hexaghost","floor":16.0,"turns":8.0},{"damage":3.0,"enemies":"2 Thieves","floor":18.0,"turns":4.0},{"damage":0.0,"enemies":"Chosen","floor":19.0,"turns":4.0},{"damage":18.0,"enemies":"Shelled Parasite and Fungi","floor":20.0,"turns":4.0},{"damage":17.0,"enemies":"Sentry and Sphere","floor":24.0,"turns":6.0},{"damage":13.0,"enemies":"Chosen and Byrds","floor":25.0,"turns":5.0},{"damage":0.0,"enemies":"Snecko","floor":27.0,"turns":4.0},{"damage":17.0,"enemies":"Slavers","floor":29.0,"turns":4.0},{"damage":43.0,"enemies":"Snake Plant","floor":31.0,"turns":4.0},{"damage":66,"enemies":"Champ","floor":33,"turns":12}],"seed_played":"-5079607885874048860","potions_obtained":[{"floor":4.0,"key":"Dexterity Potion"},{"floor":14.0,"key":"Ancient Potion"},{"floor":24.0,"key":"FearPotion"},{"floor":25.0,"key":"LiquidBronze"},{"floor":29.0,"key":"Regen Potion"}],"is_trial":false,"path_per_floor":["M","?","?","M","?","E","R","M","T","E","M","$","R","M","R","B",null,"M","M","M","?","$","R","M","M","T","M","R","E","R","M","R","B"],"character_chosen":"THE_SILENT","items_purchased":["Terror","Finisher","Blade Dance"],"campfire_rested":6,"item_purchase_floors":[12,12,22],"current_hp_per_floor":[63,49,49,45,45,19,40,40,40,19,17,17,38,34,34,24,59,56,56,38,38,38,59,42,29,29,29,50,33,54,23,44,0],"gold":9,"neow_bonus":"REMOVE_TWO","is_prod":false,"is_daily":false,"chose_seed":false,"campfire_upgraded":1,"win_rate":0,"timestamp":1547240418,"path_taken":["M","?","?","M","?","E","R","?","T","E","M","?","R","M","R","BOSS","M","M","M","?","?","R","M","M","T","M","R","E","R","M","R","BOSS"],"build_version":"2019-01-10","purchased_purges":0,"victory":false,"max_hp_per_floor":[70,70,70,70,70,70,70,70,70,70,70,70,70,70,70,70,70,70,70,70,70,70,70,70,70,70,70,70,70,70,70,70,70],"card_choices":[{"not_picked":["Prepared","Dodge and Roll"],"picked":"Crippling Poison","floor":1.0},{"not_picked":["Reflex","Outmaneuver"],"picked":"Quick Slash","floor":4.0},{"not_picked":["Bane","Escape Plan"],"picked":"Glass Knife","floor":6.0},{"not_picked":["Sucker Punch","Bane"],"picked":"Deflect","floor":8.0},{"not_picked":["Poisoned Stab","Eviscerate"],"picked":"Endless Agony","floor":10.0},{"not_picked":["Poisoned Stab","Deflect"],"picked":"Dodge and Roll","floor":11.0},{"not_picked":["Backflip","Poisoned Stab"],"picked":"Noxious Fumes+1","floor":14.0},{"not_picked":["Grand Finale","Envenom+1"],"picked":"Wraith Form v2+1","floor":16.0},{"not_picked":["Flying Knee","Poisoned Stab","Dagger Throw"],"picked":"SKIP","floor":18.0},{"not_picked":["Dagger Throw+1","PiercingWail"],"picked":"Endless Agony","floor":19.0},{"not_picked":["Terror","Underhanded Strike"],"picked":"Burst","floor":20.0},{"not_picked":["Flechettes","Sucker Punch"],"picked":"Backflip","floor":24.0},{"not_picked":["Dagger Throw","Masterful Stab"],"picked":"Slice","floor":25.0},{"not_picked":["Bane+1","Storm of Steel"],"picked":"Escape Plan","floor":27.0},{"not_picked":["Poisoned Stab","Prepared"],"picked":"Heel Hook","floor":29.0},{"not_picked":["Riddle With Holes","Prepared+1"],"picked":"Backflip+1","floor":31.0}],"player_experience":429936,"relics_obtained":[{"floor":6.0,"key":"Bottled Lightning"},{"floor":9.0,"key":"Frozen Egg 2"},{"floor":10.0,"key":"Mercury Hourglass"},{"floor":26.0,"key":"Bottled Flame"},{"floor":29.0,"key":"Potion Belt"}],"event_choices":[{"damage_healed":0.0,"max_hp_gain":0.0,"max_hp_loss":0.0,"gold_gain":0.0,"event_name":"Shining Light","player_choice":"Entered Light","floor":2.0,"gold_loss":0.0,"damage_taken":14.0,"cards_upgraded":["Defend_G","Strike_G"]},{"damage_healed":0.0,"max_hp_gain":0.0,"max_hp_loss":0.0,"gold_gain":0.0,"event_name":"Living Wall","player_choice":"Grow","floor":3.0,"gold_loss":0.0,"damage_taken":0.0,"cards_upgraded":["Crippling Poison"]},{"damage_healed":0.0,"max_hp_gain":0.0,"max_hp_loss":0.0,"gold_gain":0.0,"event_name":"WeMeetAgain","player_choice":"Gave Potion","floor":5.0,"gold_loss":0.0,"damage_taken":0.0,"relics_obtained":["Unceasing Top"]},{"damage_healed":0.0,"max_hp_gain":0.0,"max_hp_loss":0.0,"gold_gain":100.0,"event_name":"Golden Shrine","player_choice":"Pray","floor":21.0,"gold_loss":0.0,"damage_taken":0.0}],"is_beta":false,"boss_relics":[{"not_picked":["Snecko Eye","Runic Dome"],"picked":"Ectoplasm"}],"items_purged_floors":[],"is_endless":false,"potions_floor_spawned":[4,14,24,25,29],"killed_by":"Champ","ascension_level":12}