{"gold_per_floor":[114,114,114,134,88,120,132,158,158,158,178,188,188,113,113,214,214,226,242,270,270,285,285,285,285,311,370,370,370,396,21,21,21],"floor_reached":33,"playtime":3455,"items_purged":["Regret"],"score":271,"play_id":"4210eb26-df4b-4b3c-8ac0-f9d1fccf1cdf","local_time":"20190501043715","is_ascension_mode":false,"campfire_choices":[{"data":"Catalyst","floor":13,"key":"SMITH"},{"floor":15,"key":"REST"},{"floor":23,"key":"REST"},{"floor":25,"key":"REST"},{"floor":28,"key":"REST"},{"floor":32,"key":"REST"}],"neow_cost":"NONE","seed_source_timestamp":1563282571261,"circlet_count":0,"master_deck":["Defend_G+1","Defend_G+1","Defend_G+1","Defend_G+1","Defend_G+1","Strike_G+1","Strike_G+1","Strike_G+1","Strike_G+1","Strike_G+1","Survivor","Neutralize+1","Bouncing Flask+1","Backstab","Sucker Punch","Acrobatics","Dodge and Roll+1","Catalyst+1","Noxious Fumes","Crippling Poison","Venomology","PiercingWail","Backflip","Footwork","Bane+1","Deflect+1","Poisoned Stab+1","Distraction"],"relics":["Ring of the Snake","Lantern","Calipers","Ornamental Fan","Molten Egg 2","Lizard Tail","Red Mask","Snake Skull","Tiny Chest","Regal Pillow","War Paint","Happy Flower"],"potions_floor_usage":[18,19,19,19,20,27,27],"damage_taken":[{"damage":0,"enemies":"Cultist","floor":1,"turns":3},{"damage":0,"enemies":"2 Louse","floor":4,"turns":3},{"damage":21,"enemies":"Lagavulin","floor":6,"turns":6},{"damage":3,"enemies":"Jaw Worm","floor":7,"turns":2},{"damage":11,"enemies":"Gremlin Nob","floor":8,"turns":4},{"damage":0,"enemies":"Exordium Wildlife","floor":11,"turns":3},{"damage":0,"enemies":"Large Slime","floor":12,"turns":5},{"damage":16,"enemies":"Hexaghost","floor":16,"turns":6},{"damage":15,"enemies":"2 Thieves","floor":18,"turns":2},{"damage":22,"enemies":"3 Byrds","floor":19,"turns":6},{"damage":41,"enemies":"Masked Bandits","floor":20,"turns":5},{"damage":6,"enemies":"Snecko","floor":22,"turns":3},{"damage":39,"enemies":"Slavers","floor":27,"turns":6},{"damage":85,"enemies":"Collector","floor":33,"turns":6}],"seed_played":"-1830258752059607410","potions_obtained":[{"floor":6,"key":"Explosive Potion"},{"floor":7,"key":"Swift Potion"},{"floor":8,"key":"FearPotion"},{"floor":16,"key":"AttackPotion"},{"floor":18,"key":"EssenceOfSteel"},{"floor":22,"key":"SkillPotion"},{"floor":27,"key":"Swift Potion"}],"is_trial":false,"path_per_floor":["M","$","?","M","$","E","M","E","T","?","M","M","R","$","R","B",null,"M","M","?","?","M","R","?","R","T","E","R","?","T","$","R","B"],"character_chosen":"THE_SILENT","items_purchased":["Sucker Punch","Poisoned Stab+1","War Paint","Distraction","Happy Flower"],"campfire_rested":5,"item_purchase_floors":[5,31,31,31,31],"current_hp_per_floor":[70,70,70,70,70,49,46,35,35,35,35,35,35,35,56,40,70,55,33,34,21,15,37,37,59,59,20,42,42,42,42,75,0],"gold":21,"neow_bonus":"UPGRADE_CARD","is_prod":false,"is_daily":false,"chose_seed":false,"campfire_upgraded":1,"win_rate":0.0,"timestamp":1556699835,"path_taken":["M","?","?","M","$","E","?","E","T","?","M","M","R","$","R","BOSS","M","M","?","?","?","R","?","R","T","E","R","?","?","?","R","BOSS"],"build_version":"2019-01-23","purchased_purges":1,"victory":false,"max_hp_per_floor":[70,70,70,70,70,70,70,70,70,70,70,70,70,70,70,70,70,70,70,70,75,75,75,75,75,75,75,75,75,75,75,75,75],"card_choices":[{"not_picked":["Cloak And Dagger","Reflex"],"picked":"Bouncing Flask","floor":1},{"not_picked":["Prepared","Flechettes"],"picked":"Backstab","floor":4},{"not_picked":["Reflex","Prepared"],"picked":"Acrobatics","floor":6},{"not_picked":["Skewer","Blade Dance"],"picked":"Dodge and Roll","floor":7},{"not_picked":["Masterful Stab","Flying Knee"],"picked":"Catalyst","floor":8},{"not_picked":["Masterful Stab+1","Dodge and Roll"],"picked":"Noxious Fumes","floor":11},{"not_picked":["Poisoned Stab+1","Blade Dance"],"picked":"Crippling Poison","floor":12},{"not_picked":["Night Terror","Phantasmal Killer"],"picked":"Venomology","floor":16},{"not_picked":["Predator+1","Dash+1"],"picked":"PiercingWail","floor":18},{"not_picked":["Caltrops","Outmaneuver"],"picked":"Backflip","floor":19},{"not_picked":["Outmaneuver","Quick Slash+1"],"picked":"Footwork","floor":20},{"not_picked":["Endless Agony+1","Cloak And Dagger+1"],"picked":"Bane+1","floor":22},{"not_picked":["Blade Dance","Predator+1"],"picked":"Deflect","floor":27}],"player_experience":30998,"relics_obtained":[{"floor":6,"key":"Lantern"},{"floor":8,"key":"Calipers"},{"floor":9,"key":"Ornamental Fan"},{"floor":20,"key":"Red Mask"},{"floor":26,"key":"Snake Skull"},{"floor":27,"key":"Tiny Chest"},{"floor":30,"key":"Regal Pillow"}],"event_choices":[{"damage_healed":0,"gold_gain":0,"player_choice":"Upgraded","damage_taken":0,"max_hp_gain":0,"max_hp_loss":0,"event_name":"Upgrade Shrine","floor":3,"gold_loss":0,"cards_upgraded":["Bouncing Flask"]},{"damage_healed":0,"gold_gain":0,"player_choice":"Box","damage_taken":0,"relics_obtained":["Molten Egg 2"],"max_hp_gain":0,"max_hp_loss":0,"event_name":"Big Fish","floor":10,"gold_loss":0,"cards_obtained":["Regret"]},{"damage_healed":0,"gold_gain":0,"player_choice":"Fought Bandits","damage_taken":0,"max_hp_gain":0,"max_hp_loss":0,"event_name":"Masked Bandits","floor":20,"gold_loss":0},{"damage_healed":0,"gold_gain":0,"player_choice":"Shed Blood","damage_taken":18,"max_hp_gain":5,"max_hp_loss":0,"event_name":"Forgotten Altar","floor":21,"gold_loss":0},{"damage_healed":0,"gold_gain":0,"player_choice":"Ignored","damage_taken":0,"max_hp_gain":0,"max_hp_loss":0,"event_name":"Beggar","floor":24,"gold_loss":0},{"damage_healed":0,"gold_gain":0,"player_choice":"Simplicity","damage_taken":0,"max_hp_gain":0,"max_hp_loss":0,"event_name":"Back to Basics","floor":29,"gold_loss":0,"cards_upgraded":["Defend_G","Defend_G","Defend_G","Defend_G","Defend_G","Strike_G","Strike_G","Strike_G","Strike_G","Strike_G"]}],"is_beta":false,"boss_relics":[{"not_picked":["HoveringKite","Coffee Dripper"],"picked":"Lizard Tail"}],"items_purged_floors":[14],"is_endless":false,"potions_floor_spawned":[6,7,8,16,18,22,27],"killed_by":"Collector","ascension_level":0}