{"gold_per_floor":[11,23,23,34,209,242,242,242,242,212,212,212,212,224,224,224],"floor_reached":16,"playtime":609,"items_purged":[],"score":103,"play_id":"d0a1cdbb-045c-463f-9ce7-3c90982201a6","local_time":"20181227200622","is_ascension_mode":true,"campfire_choices":[{"data":"Neutralize","floor":8,"key":"SMITH"},{"data":"Skewer","floor":13,"key":"SMITH"},{"data":"Sucker Punch","floor":15,"key":"SMITH"}],"neow_cost":"NO_GOLD","seed_source_timestamp":3273205125152,"circlet_count":0,"master_deck":["Defend_G","Defend_G","Defend_G","Defend_G","Defend_G","Strike_G","Strike_G","Strike_G","Strike_G","Survivor","Neutralize+1","Blur","Sucker Punch+1","Doubt","Blur","Skewer+1","Distraction"],"relics":["Ring of the Snake","Dodecahedron","The Courier","Sundial"],"potions_floor_usage":[6,16],"damage_taken":[{"damage":2,"enemies":"Small Slimes","floor":1,"turns":4},{"damage":0,"enemies":"Jaw Worm","floor":2,"turns":4},{"damage":0,"enemies":"2 Louse","floor":4,"turns":3},{"damage":41,"enemies":"Gremlin Nob","floor":6,"turns":7},{"damage":0,"enemies":"Looter","floor":10,"turns":4},{"damage":3,"enemies":"Gremlin Gang","floor":14,"turns":7},{"damage":67,"enemies":"Slime Boss","floor":16,"turns":16}],"seed_played":"7914979506842943428","potions_obtained":[{"floor":2,"key":"Block Potion"},{"floor":14,"key":"Dexterity Potion"}],"is_trial":false,"path_per_floor":["M","M","?","M","?","E","?","R","T","M","?","?","R","M","R","B"],"character_chosen":"THE_SILENT","items_purchased":[],"campfire_rested":0,"item_purchase_floors":[],"current_hp_per_floor":[82,82,75,75,75,34,34,34,34,34,62,62,62,59,59,0],"gold":224,"neow_bonus":"TWENTY_PERCENT_HP_BONUS","is_prod":false,"is_daily":false,"chose_seed":false,"campfire_upgraded":3,"win_rate":0,"timestamp":1545930382,"path_taken":["M","M","?","M","?","E","?","R","T","M","?","?","R","M","R","BOSS"],"build_version":"2018-12-20","purchased_purges":0,"victory":false,"max_hp_per_floor":[84,84,84,84,84,84,84,84,84,84,84,84,84,84,84,84],"card_choices":[{"not_picked":["Poisoned Stab","Slice","Prepared"],"picked":"SKIP","floor":1},{"not_picked":["PiercingWail","Catalyst"],"picked":"Blur","floor":2},{"not_picked":["Deflect","Underhanded Strike"],"picked":"Sucker Punch","floor":4},{"not_picked":["Quick Slash","Blade Dance"],"picked":"Blur","floor":6},{"not_picked":["Cloak And Dagger","Deflect"],"picked":"Skewer","floor":10},{"not_picked":["Dagger Spray","Prepared"],"picked":"Distraction","floor":14}],"player_experience":371334,"relics_obtained":[{"floor":6,"key":"The Courier"},{"floor":9,"key":"Sundial"}],"event_choices":[{"damage_healed":0,"gold_gain":0,"player_choice":"Success","damage_taken":7,"relics_obtained":["Dodecahedron"],"max_hp_gain":0,"max_hp_loss":0,"event_name":"Scrap Ooze","floor":3,"gold_loss":0},{"damage_healed":0,"gold_gain":175,"player_choice":"AGREE","damage_taken":0,"max_hp_gain":0,"max_hp_loss":0,"event_name":"Liars Game","floor":5,"gold_loss":0,"cards_obtained":["Doubt"]},{"damage_healed":0,"gold_gain":0,"player_choice":"Ignored","damage_taken":0,"max_hp_gain":0,"max_hp_loss":0,"event_name":"Golden Idol","floor":7,"gold_loss":0},{"damage_healed":28,"gold_gain":0,"player_choice":"Banana","damage_taken":0,"max_hp_gain":0,"max_hp_loss":0,"event_name":"Big Fish","floor":11,"gold_loss":0},{"cards_removed":["Strike_G"],"damage_healed":0,"gold_gain":0,"player_choice":"Forget","damage_taken":0,"max_hp_gain":0,"max_hp_loss":0,"event_name":"Living Wall","floor":12,"gold_loss":0}],"is_beta":false,"boss_relics":[],"items_purged_floors":[],"is_endless":false,"potions_floor_spawned":[2,14],"killed_by":"Slime Boss","ascension_level":1}