{"gold_per_floor":[110,35,35,35,53,53,66,66,66,94,94,108,127,127,127,230,230,246,146,118,118,136,136,11,37,37,37,47,61,92,107,107,202,202,212,62,62,79,79,79,96,111,111,111],"floor_reached":44,"playtime":2488,"items_purged":["Shame","Strike_R","Strike_R","Defend_R"],"score":475,"play_id":"3ff2fc87-bbaa-4655-b4ab-3ef347116428","local_time":"20181105234814","is_ascension_mode":false,"campfire_choices":[{"data":"Spot Weakness","floor":6,"key":"SMITH"},{"data":"Bash","floor":8,"key":"SMITH"},{"data":"Flame Barrier","floor":11,"key":"SMITH"},{"data":"Flex","floor":15,"key":"SMITH"},{"data":"Juggernaut","floor":23,"key":"SMITH"},{"floor":27,"key":"REST"},{"floor":32,"key":"REST"},{"data":"Rampage","floor":40,"key":"SMITH"}],"neow_cost":"CURSE","seed_source_timestamp":50189971826626,"circlet_count":0,"master_deck":["Defend_R","Defend_R","Defend_R","Bash+1","Spot Weakness+1","Flame Barrier+1","Iron Wave","Flex+1","Juggernaut+1","Armaments+1","Shrug It Off","Headbutt","Rampage+1","Offering","Barricade+1"],"relics":["Burning Blood","Incense Burner","Happy Flower","Empty Cage","Nloth\u0027s Gift","Calipers","Matryoshka","Regal Pillow","Busted Crown","Omamori","Ornamental Fan"],"potions_floor_usage":[16,30,33,44],"damage_taken":[{"damage":12,"enemies":"Small Slimes","floor":1,"turns":4},{"damage":0,"enemies":"2 Louse","floor":5,"turns":3},{"damage":10,"enemies":"Cultist","floor":7,"turns":4},{"damage":31,"enemies":"3 Sentries","floor":10,"turns":8},{"damage":11,"enemies":"Exordium Thugs","floor":12,"turns":3},{"damage":0,"enemies":"Large Slime","floor":13,"turns":5},{"damage":31,"enemies":"The Guardian","floor":16,"turns":13},{"damage":5,"enemies":"Shell Parasite","floor":18,"turns":6},{"damage":27,"enemies":"2 Thieves","floor":20,"turns":5},{"damage":19,"enemies":"Snecko","floor":22,"turns":7},{"damage":28,"enemies":"Book of Stabbing","floor":25,"turns":7},{"damage":22,"enemies":"Centurion and Healer","floor":28,"turns":14},{"damage":14,"enemies":"3 Cultists","floor":29,"turns":8},{"damage":9,"enemies":"Gremlin Leader","floor":30,"turns":8},{"damage":21,"enemies":"Snecko","floor":31,"turns":5},{"damage":45,"enemies":"Champ","floor":33,"turns":10},{"damage":15,"enemies":"3 Darklings","floor":35,"turns":6},{"damage":6,"enemies":"3 Shapes","floor":38,"turns":4},{"damage":28,"enemies":"3 Darklings","floor":41,"turns":7},{"damage":27,"enemies":"Transient","floor":42,"turns":5},{"damage":46,"enemies":"2 Orb Walkers","floor":44,"turns":4}],"seed_played":"-3629091423460169424","potions_obtained":[{"floor":10,"key":"SneckoOil"},{"floor":12,"key":"Swift Potion"},{"floor":13,"key":"PowerPotion"},{"floor":16,"key":"FearPotion"},{"floor":18,"key":"Block Potion"},{"floor":29,"key":"Dexterity Potion"},{"floor":30,"key":"Ancient Potion"},{"floor":33,"key":"FearPotion"},{"floor":42,"key":"GamblersBrew"}],"is_trial":false,"path_per_floor":["M","$","?","?","M","R","M","R","T","E","R","M","M","?","R","B",null,"M","$","M","?","M","R","$","E","T","R","M","M","E","M","R","B",null,"M","$","?","M","?","R","M","M","T","?"],"character_chosen":"IRONCLAD","items_purchased":[],"campfire_rested":2,"item_purchase_floors":[],"current_hp_per_floor":[90,90,90,90,96,96,92,92,92,67,67,62,68,68,68,43,96,96,96,75,75,62,62,62,40,40,68,52,44,41,26,69,30,96,87,87,87,87,87,87,65,44,44,0],"gold":111,"neow_bonus":"TWENTY_PERCENT_HP_BONUS","is_prod":false,"is_daily":false,"chose_seed":false,"campfire_upgraded":6,"win_rate":0,"timestamp":1541450894,"path_taken":["M","$","?","?","M","R","M","R","T","E","R","M","M","?","R","BOSS","M","$","M","?","M","R","?","E","T","R","M","M","E","M","R","BOSS","M","$","?","M","?","R","?","M","T","?"],"build_version":"2018-11-01","purchased_purges":4,"victory":false,"max_hp_per_floor":[96,96,96,96,96,96,96,96,96,96,96,96,96,96,96,96,96,96,96,96,96,96,96,96,96,96,96,96,96,96,96,96,96,96,96,96,96,96,96,96,96,96,96,96],"card_choices":[{"not_picked":["Havoc","Clash"],"picked":"Spot Weakness","floor":1},{"not_picked":["Headbutt","Cleave","Havoc"],"picked":"SKIP","floor":5},{"not_picked":["Berserk","Carnage","Body Slam"],"picked":"SKIP","floor":7},{"not_picked":["Clash","Anger"],"picked":"Flame Barrier","floor":10},{"not_picked":["Burning Pact","Cleave"],"picked":"Iron Wave","floor":12},{"not_picked":["Cleave","Thunderclap"],"picked":"Flex","floor":13},{"not_picked":["Berserk","Dark Embrace"],"picked":"Juggernaut","floor":16},{"not_picked":["Anger","Iron Wave"],"picked":"Armaments+1","floor":18},{"not_picked":["Headbutt","Armaments+1"],"picked":"Shrug It Off","floor":20},{"not_picked":["Cleave","Shrug It Off+1","Perfected Strike+1"],"picked":"SKIP","floor":22},{"not_picked":["Twin Strike+1","Havoc","Dual Wield"],"picked":"SKIP","floor":25},{"not_picked":["Heavy Blade","Battle Trance"],"picked":"Headbutt","floor":28},{"not_picked":["Seeing Red+1","Warcry"],"picked":"Rampage","floor":29},{"not_picked":["Shrug It Off","Cleave"],"picked":"Offering","floor":30},{"not_picked":["Rage","Thunderclap","True Grit+1"],"picked":"SKIP","floor":31},{"not_picked":["Immolate","Reaper"],"picked":"Barricade","floor":33},{"not_picked":["Flex+1"],"picked":"SKIP","floor":35},{"not_picked":["Corruption"],"picked":"SKIP","floor":38},{"not_picked":["Corruption"],"picked":"SKIP","floor":41},{"not_picked":["Armaments"],"picked":"SKIP","floor":42}],"player_experience":147084,"relics_obtained":[{"floor":9,"key":"Incense Burner"},{"floor":10,"key":"Happy Flower"},{"floor":25,"key":"Calipers"},{"floor":26,"key":"Matryoshka"},{"floor":30,"key":"Regal Pillow"},{"floor":43,"key":"Omamori"},{"floor":43,"key":"Ornamental Fan"}],"event_choices":[{"damage_healed":0,"gold_gain":0,"player_choice":"Leave","damage_taken":0,"max_hp_gain":0,"max_hp_loss":0,"event_name":"The Cleric","floor":3,"gold_loss":0},{"cards_removed":["Strike_R"],"damage_healed":0,"gold_gain":0,"player_choice":"Forget","damage_taken":0,"max_hp_gain":0,"max_hp_loss":0,"event_name":"Living Wall","floor":4,"gold_loss":0},{"damage_healed":0,"gold_gain":0,"player_choice":"Trade","damage_taken":0,"relics_obtained":["CultistMask"],"max_hp_gain":0,"max_hp_loss":0,"event_name":"FaceTrader","floor":14,"gold_loss":0},{"damage_healed":0,"gold_gain":0,"player_choice":"Traded Relic","damage_taken":0,"relics_obtained":["Nloth\u0027s Gift"],"max_hp_gain":0,"max_hp_loss":0,"event_name":"N\u0027loth","floor":21,"relics_lost":["CultistMask"],"gold_loss":0},{"damage_healed":0,"gold_gain":0,"player_choice":"Memory 1","damage_taken":0,"max_hp_gain":0,"max_hp_loss":0,"event_name":"SensoryStone","floor":37,"gold_loss":0},{"damage_healed":0,"gold_gain":0,"player_choice":"Upgraded","damage_taken":0,"max_hp_gain":0,"max_hp_loss":0,"event_name":"Upgrade Shrine","floor":39,"gold_loss":0,"cards_upgraded":["Barricade"]},{"damage_healed":0,"gold_gain":0,"player_choice":"Fight","damage_taken":0,"max_hp_gain":0,"max_hp_loss":0,"event_name":"Mysterious Sphere","floor":44,"gold_loss":0}],"is_beta":false,"boss_relics":[{"not_picked":["Eternal Feather","Calling Bell"],"picked":"Empty Cage"},{"not_picked":["Snecko Eye","Fusion Hammer"],"picked":"Busted Crown"}],"items_purged_floors":[2,19,24,36],"is_endless":false,"potions_floor_spawned":[10,12,13,16,18,29,30,33,42],"killed_by":"2 Orb Walkers","ascension_level":0}