{"gold_per_floor":[16,31,44,119,138,172,190,44,44,144,173,184,71,83,83,182,182,194,194,194,214,225,258,258,269,269,298,298,20,20,33,33,128,128,139,150,0,12,12,45,45,80,104,139,139,32,61,71,71,71],"floor_reached":50,"playtime":4012,"items_purged":["Strike_G"],"score":762,"play_id":"aab977ab-f2d8-4bef-9691-05a37da41554","local_time":"20190105142855","is_ascension_mode":false,"campfire_choices":[{"floor":15,"key":"REST"},{"data":"Strike_G","floor":24,"key":"PURGE"},{"data":"Strike_G","floor":28,"key":"PURGE"},{"floor":32,"key":"REST"},{"floor":45,"key":"REST"},{"floor":49,"key":"REST"}],"neow_cost":"NO_GOLD","seed_source_timestamp":146719447822934,"circlet_count":0,"master_deck":["Defend_G","Defend_G","Defend_G","Defend_G","Strike_G+1","Survivor","Neutralize","Dagger Spray","Dash","Masterful Stab","Dagger Spray","Unload","Backstab+1","Noxious Fumes","Prepared","Masterful Stab","Dagger Throw","Adrenaline","Backstab+1","Finisher","Dash","Prepared","Deadly Poison","Tools of the Trade+1","Terror+1","Adrenaline","Venomology+1","Corpse Explosion+1","PiercingWail+1","Slice","Backflip+1","Flying Knee+1","Bane+1","Dagger Throw","Doubt","Neutralize","Choke+1","Backstab+1","Noxious Fumes+1","Acrobatics","Acrobatics+1","Deadly Poison+1"],"relics":["Ring of the Snake","Peace Pipe","Gremlin Horn","Happy Flower","Pantograph","Dodecahedron","Runic Pyramid","Frozen Egg 2","MutagenicStrength","Ginger","Regal Pillow","Whetstone","Strange Spoon","Astrolabe","Red Mask","Mercury Hourglass","Potion Belt","Juzu Bracelet","Bag of Marbles","Question Card"],"potions_floor_usage":[6,12,23,27,33,33,36,42,42,50,50,50,50],"damage_taken":[{"damage":7,"enemies":"Jaw Worm","floor":1,"turns":9},{"damage":0,"enemies":"Cultist","floor":2,"turns":3},{"damage":0,"enemies":"Small Slimes","floor":3,"turns":4},{"damage":0,"enemies":"Looter","floor":5,"turns":2},{"damage":39,"enemies":"Lagavulin","floor":6,"turns":7},{"damage":0,"enemies":"2 Fungi Beasts","floor":7,"turns":2},{"damage":8,"enemies":"Gremlin Nob","floor":11,"turns":4},{"damage":0,"enemies":"Exordium Thugs","floor":12,"turns":5},{"damage":0,"enemies":"3 Louse","floor":14,"turns":1},{"damage":0,"enemies":"Slime Boss","floor":16,"turns":7},{"damage":2,"enemies":"Shell Parasite","floor":18,"turns":4},{"damage":0,"enemies":"Chosen","floor":21,"turns":3},{"damage":7,"enemies":"Centurion and Healer","floor":22,"turns":2},{"damage":8,"enemies":"Gremlin Leader","floor":23,"turns":5},{"damage":6,"enemies":"Cultist and Chosen","floor":25,"turns":4},{"damage":0,"enemies":"Book of Stabbing","floor":27,"turns":3},{"damage":7,"enemies":"Shelled Parasite and Fungi","floor":31,"turns":3},{"damage":36,"enemies":"Collector","floor":33,"turns":7},{"damage":0,"enemies":"3 Shapes","floor":35,"turns":4},{"damage":0,"enemies":"3 Darklings","floor":36,"turns":1},{"damage":0,"enemies":"4 Shapes","floor":38,"turns":3},{"damage":0,"enemies":"Nemesis","floor":40,"turns":3},{"damage":18,"enemies":"Reptomancer","floor":42,"turns":4},{"damage":23,"enemies":"Nemesis","floor":44,"turns":5},{"damage":0,"enemies":"Giant Head","floor":47,"turns":5},{"damage":0,"enemies":"Sphere and 2 Shapes","floor":48,"turns":1},{"damage":80,"enemies":"Awakened One","floor":50,"turns":6}],"seed_played":"-6667979401259327324","potions_obtained":[{"floor":3,"key":"SteroidPotion"},{"floor":7,"key":"EssenceOfSteel"},{"floor":11,"key":"LiquidBronze"},{"floor":12,"key":"LiquidBronze"},{"floor":18,"key":"AttackPotion"},{"floor":27,"key":"Swift Potion"},{"floor":31,"key":"SmokeBomb"},{"floor":35,"key":"EssenceOfSteel"},{"floor":36,"key":"PowerPotion"}],"is_trial":false,"path_per_floor":["M","M","M","?","M","E","M","$","T","?","E","M","$","M","R","B",null,"M","?","?","M","M","E","R","M","T","E","R","$","?","M","R","B",null,"M","M","?","M","$","E","?","E","T","E","R","$","E","M","R","B"],"character_chosen":"THE_SILENT","items_purchased":["Happy Flower","Masterful Stab","Well Laid Plans","Strange Spoon","Noxious Fumes+1","Acrobatics"],"campfire_rested":4,"item_purchase_floors":[8,13,13,29,46,46],"current_hp_per_floor":[63,63,63,52,52,13,13,13,13,13,5,5,5,5,26,51,70,68,68,68,68,61,53,53,47,47,47,47,47,47,40,70,34,70,70,70,70,70,70,70,70,52,52,29,65,65,65,65,70,0],"gold":71,"neow_bonus":"ONE_RARE_RELIC","is_prod":false,"is_daily":false,"chose_seed":false,"campfire_upgraded":0,"win_rate":0.0,"timestamp":1546669735,"path_taken":["M","M","M","?","M","E","M","$","T","?","E","?","$","M","R","BOSS","M","?","?","M","M","E","R","M","T","E","R","$","?","M","R","BOSS","M","M","?","M","?","E","?","E","T","E","R","$","E","M","R","BOSS"],"build_version":"2019-01-03v4","purchased_purges":1,"victory":false,"max_hp_per_floor":[70,70,70,70,70,70,70,70,70,70,70,70,70,70,70,70,70,70,70,70,70,70,70,70,70,70,70,70,70,70,70,70,70,70,70,70,70,70,70,70,70,70,70,70,70,70,70,70,70,70],"card_choices":[{"not_picked":["Poisoned Stab","Infinite Blades"],"picked":"Dagger Spray","floor":1},{"not_picked":["Dodge and Roll","PiercingWail"],"picked":"Dash","floor":2},{"not_picked":["Deadly Poison","Poisoned Stab"],"picked":"Masterful Stab","floor":3},{"not_picked":["Slice","Infinite Blades"],"picked":"Dagger Spray","floor":5},{"not_picked":["PiercingWail","Deflect"],"picked":"Unload","floor":6},{"not_picked":["Prepared","Acrobatics"],"picked":"Backstab","floor":7},{"not_picked":["Caltrops","Choke"],"picked":"Noxious Fumes","floor":11},{"not_picked":["Skewer","Tactician"],"picked":"Prepared","floor":12},{"not_picked":["Flying Knee","Leg Sweep"],"picked":"Dagger Throw","floor":14},{"not_picked":["Unload","Burst"],"picked":"Adrenaline","floor":16},{"not_picked":["Outmaneuver+1","Infinite Blades"],"picked":"Backstab+1","floor":18},{"not_picked":["Tactician","Outmaneuver"],"picked":"Finisher","floor":21},{"not_picked":["Dodge and Roll+1","Deflect"],"picked":"Dash","floor":22},{"not_picked":["Flying Knee","Poisoned Stab"],"picked":"Prepared","floor":23},{"not_picked":["All Out Attack","Sucker Punch"],"picked":"Deadly Poison","floor":25},{"not_picked":["Outmaneuver","Blur"],"picked":"Tools of the Trade+1","floor":27},{"not_picked":["Catalyst","Noxious Fumes+1"],"picked":"Terror+1","floor":31},{"not_picked":["Unload","Night Terror"],"picked":"Adrenaline","floor":33},{"not_picked":["Sucker Punch","Dodge and Roll+1"],"picked":"Slice","floor":35},{"not_picked":["Well Laid Plans+1","Dash+1"],"picked":"Backflip+1","floor":36},{"not_picked":["Bane","Endless Agony"],"picked":"Flying Knee+1","floor":38},{"not_picked":["Prepared","Burst"],"picked":"Bane+1","floor":40},{"not_picked":["Blade Dance","Outmaneuver+1"],"picked":"Choke+1","floor":42},{"not_picked":["Blade Dance","Masterful Stab"],"picked":"Backstab+1","floor":44},{"not_picked":["Dash","Accuracy+1"],"picked":"Acrobatics+1","floor":47},{"not_picked":["Infinite Blades+1","PiercingWail","Heel Hook"],"picked":"Deadly Poison+1","floor":48}],"player_experience":35513,"relics_obtained":[{"floor":6,"key":"Gremlin Horn"},{"floor":9,"key":"Pantograph"},{"floor":11,"key":"Dodecahedron"},{"floor":23,"key":"Ginger"},{"floor":26,"key":"Regal Pillow"},{"floor":27,"key":"Whetstone"},{"floor":40,"key":"Mercury Hourglass"},{"floor":42,"key":"Potion Belt"},{"floor":43,"key":"Juzu Bracelet"},{"floor":44,"key":"Bag of Marbles"},{"floor":47,"key":"Question Card"}],"event_choices":[{"damage_healed":0,"gold_gain":75,"player_choice":"Gather Gold","damage_taken":11,"max_hp_gain":0,"max_hp_loss":0,"event_name":"World of Goop","floor":4,"gold_loss":0},{"damage_healed":0,"gold_gain":100,"player_choice":"Pray","damage_taken":0,"max_hp_gain":0,"max_hp_loss":0,"event_name":"Golden Shrine","floor":10,"gold_loss":0},{"damage_healed":0,"gold_gain":0,"player_choice":"Opened","damage_taken":0,"relics_obtained":["Frozen Egg 2"],"max_hp_gain":0,"max_hp_loss":0,"event_name":"The Mausoleum","floor":19,"gold_loss":0},{"damage_healed":0,"gold_gain":0,"player_choice":"Inject Mutagens","damage_taken":0,"relics_obtained":["MutagenicStrength"],"max_hp_gain":0,"max_hp_loss":0,"event_name":"Drug Dealer","floor":20,"gold_loss":0},{"damage_healed":0,"gold_gain":0,"player_choice":"Paid","damage_taken":0,"relics_obtained":["Red Mask"],"max_hp_gain":0,"max_hp_loss":0,"event_name":"Tomb of Lord Red Mask","floor":37,"gold_loss":150},{"damage_healed":0,"gold_gain":0,"player_choice":"3 cards matched","damage_taken":0,"max_hp_gain":0,"max_hp_loss":0,"event_name":"Match and Keep!","floor":41,"gold_loss":0,"cards_obtained":["Dagger Throw","Doubt","Neutralize"]}],"is_beta":false,"boss_relics":[{"not_picked":["Calling Bell","Tiny House"],"picked":"Runic Pyramid"},{"not_picked":["Busted Crown","Cursed Key"],"picked":"Astrolabe"}],"items_purged_floors":[29],"is_endless":false,"potions_floor_spawned":[3,7,11,12,18,27,31,35,36],"killed_by":"Awakened One","ascension_level":0}