{"gold_per_floor":[168,168,168,168,218,228,228,44,44,61,71,71,71,71,71,192,192,216,141,166,182,200,200,218,218,269,284,297,39,82,82,82,213,213,237,58,58,0,333,333,343,360,360,373,85,120,120,120,120,120],"floor_reached":51,"playtime":3041,"items_purged":["Strike_B","Strike_B"],"score":737,"play_id":"e4a661ec-64ba-4f2d-bdd9-f9fb984228fe","local_time":"20181208200414","is_ascension_mode":false,"campfire_choices":[{"data":"Defragment","floor":7,"key":"SMITH"},{"data":"Apotheosis","floor":13,"key":"SMITH"},{"floor":15,"key":"REST"},{"data":"Reboot","floor":23,"key":"SMITH"},{"data":"Glacier","floor":25,"key":"SMITH"},{"data":"Defragment","floor":32,"key":"SMITH"},{"data":"Seek","floor":40,"key":"SMITH"},{"floor":49,"key":"REST"}],"neow_cost":"NONE","seed_source_timestamp":31533061274481,"circlet_count":0,"master_deck":["Defend_B","Defend_B+1","Defend_B","Defend_B","Zap","Dualcast","Compile Driver","Glacier+1","Defragment+1","Apotheosis+1","Darkness","Steam","Reboot+1","Conserve Battery","Go for the Eyes","Consume","Reinforced Body","Defragment+1","Seek+1","Capacitor","Multi-Cast"],"relics":["Tiny House","Sundial","Juzu Bracelet","Lantern","Blue Candle","Nuclear Battery","Vajra","Bag of Preparation","Inserter","Red Mask","Kunai","Calipers","Strawberry","Pear"],"potions_floor_usage":[14,16,27,30,30,30,30,30,33,46,50,50],"damage_taken":[{"damage":12,"enemies":"Jaw Worm","floor":1,"turns":4},{"damage":0,"enemies":"2 Louse","floor":6,"turns":1},{"damage":0,"enemies":"Small Slimes","floor":10,"turns":4},{"damage":2,"enemies":"Looter","floor":11,"turns":4},{"damage":0,"enemies":"Large Slime","floor":14,"turns":1},{"damage":19,"enemies":"Slime Boss","floor":16,"turns":9},{"damage":14,"enemies":"2 Thieves","floor":18,"turns":4},{"damage":0,"enemies":"Chosen","floor":20,"turns":3},{"damage":3,"enemies":"Snake Plant","floor":21,"turns":4},{"damage":2,"enemies":"Centurion and Healer","floor":22,"turns":9},{"damage":18,"enemies":"Chosen and Byrds","floor":24,"turns":8},{"damage":0,"enemies":"Snecko","floor":27,"turns":8},{"damage":4,"enemies":"Centurion and Healer","floor":28,"turns":10},{"damage":1,"enemies":"Slavers","floor":30,"turns":5},{"damage":44,"enemies":"Champ","floor":33,"turns":15},{"damage":0,"enemies":"3 Darklings","floor":35,"turns":9},{"damage":0,"enemies":"Orb Walker","floor":41,"turns":5},{"damage":0,"enemies":"Transient","floor":42,"turns":5},{"damage":6,"enemies":"4 Shapes","floor":44,"turns":7},{"damage":65,"enemies":"Reptomancer","floor":46,"turns":6},{"damage":18,"enemies":"Donu and Deca","floor":50,"turns":14}],"seed_played":"-6197774218523654172","potions_obtained":[{"floor":0,"key":"Energy Potion"},{"floor":6,"key":"Fire Potion"},{"floor":10,"key":"SmokeBomb"},{"floor":18,"key":"PowerPotion"},{"floor":22,"key":"EntropicBrew"},{"floor":24,"key":"Regen Potion"},{"floor":27,"key":"Dexterity Potion"},{"floor":28,"key":"EssenceOfSteel"},{"floor":33,"key":"PowerPotion"},{"floor":35,"key":"LiquidBronze"},{"floor":46,"key":"Strength Potion"}],"is_trial":false,"path_per_floor":["M","?","?","T","T","M","R","$","T","M","M","?","R","M","R","B",null,"M","?","M","M","M","R","M","R","T","M","M","$","E","?","R","B",null,"M","$","?","?","?","R","M","M","T","M","$","E","T","?","R","B",null],"character_chosen":"DEFECT","items_purchased":["Apotheosis","Defragment","Seek","Regen Potion","Calipers"],"campfire_rested":2,"item_purchase_floors":[8,29,29,36,45],"current_hp_per_floor":[68,56,56,56,56,56,56,56,56,56,54,34,34,34,58,39,80,66,66,66,63,61,61,43,43,43,58,54,54,53,53,53,9,80,80,80,76,76,76,76,76,76,76,70,70,24,34,34,61,43],"gold":120,"neow_bonus":"BOSS_RELIC","is_prod":false,"is_daily":false,"chose_seed":false,"campfire_upgraded":6,"win_rate":0,"timestamp":1544288654,"path_taken":["M","?","?","?","?","M","R","?","T","M","M","?","R","M","R","BOSS","M","?","M","M","M","R","M","R","T","M","M","$","E","?","R","BOSS","M","$","?","?","?","R","M","M","T","M","$","E","?","?","R","BOSS"],"build_version":"2018-12-06","purchased_purges":2,"victory":true,"max_hp_per_floor":[80,80,80,80,80,80,80,80,80,80,80,80,80,80,80,80,80,80,80,80,80,80,80,80,80,80,80,80,80,80,80,80,80,80,80,80,76,76,76,76,76,76,76,76,76,83,93,93,93,93],"card_choices":[{"not_picked":["Ball Lightning","Storm"],"picked":"Compile Driver","floor":0},{"not_picked":["Compile Driver","Turbo"],"picked":"Glacier","floor":1},{"not_picked":["Hello World","Coolheaded"],"picked":"Defragment","floor":6},{"not_picked":["Beam Cell","Tempest"],"picked":"Darkness","floor":10},{"not_picked":["Beam Cell","Gash"],"picked":"Steam","floor":11},{"not_picked":["Amplify","Buffer"],"picked":"Reboot","floor":16},{"not_picked":["Steam","Streamline"],"picked":"Conserve Battery","floor":18},{"not_picked":["Steam Power","Consume+1"],"picked":"Go for the Eyes","floor":20},{"not_picked":["Hologram","Hyperbeam"],"picked":"Consume","floor":21},{"not_picked":["Blizzard","Beam Cell","Sweeping Beam"],"picked":"SKIP","floor":22},{"not_picked":["Static Discharge","Compile Driver","Turbo"],"picked":"SKIP","floor":24},{"not_picked":["Turbo","Storm+1"],"picked":"Reinforced Body","floor":27},{"not_picked":["Leap","Static Discharge","Gash"],"picked":"SKIP","floor":28},{"not_picked":["Turbo","Beam Cell","Compile Driver"],"picked":"SKIP","floor":30},{"not_picked":["Beam Cell","Conserve Battery+1"],"picked":"Capacitor","floor":35},{"not_picked":["Sunder+1","Reprogram","Barrage"],"picked":"SKIP","floor":41},{"not_picked":["Chaos+1","Turbo","Go for the Eyes+1"],"picked":"SKIP","floor":42},{"not_picked":["Heatsinks+1","Steam+1","Compile Driver+1"],"picked":"SKIP","floor":44},{"not_picked":["Echo Form","Gash+1"],"picked":"Multi-Cast","floor":46}],"player_experience":279709,"relics_obtained":[{"floor":4,"key":"Juzu Bracelet"},{"floor":5,"key":"Lantern"},{"floor":9,"key":"Blue Candle"},{"floor":26,"key":"Vajra"},{"floor":30,"key":"Bag of Preparation"},{"floor":43,"key":"Kunai"},{"floor":46,"key":"Strawberry"},{"floor":47,"key":"Pear"}],"event_choices":[{"damage_healed":0,"gold_gain":0,"player_choice":"Success","damage_taken":12,"relics_obtained":["Sundial"],"max_hp_gain":0,"max_hp_loss":0,"event_name":"Scrap Ooze","floor":2,"gold_loss":0},{"damage_healed":0,"gold_gain":0,"player_choice":"Ignored","damage_taken":0,"max_hp_gain":0,"max_hp_loss":0,"event_name":"Liars Game","floor":3,"gold_loss":0},{"damage_healed":0,"gold_gain":0,"player_choice":"Take Damage","damage_taken":20,"relics_obtained":["Golden Idol"],"max_hp_gain":0,"max_hp_loss":0,"event_name":"Golden Idol","floor":12,"gold_loss":0},{"cards_removed":["Strike_B"],"damage_healed":0,"gold_gain":0,"player_choice":"Gave Gold","damage_taken":0,"max_hp_gain":0,"max_hp_loss":0,"event_name":"Beggar","floor":19,"gold_loss":75},{"damage_healed":0,"gold_gain":0,"player_choice":"Ignored","damage_taken":0,"max_hp_gain":0,"max_hp_loss":0,"event_name":"Vampires","floor":31,"gold_loss":0},{"damage_healed":0,"gold_gain":0,"player_choice":"Max HP","damage_taken":0,"max_hp_gain":0,"max_hp_loss":4,"event_name":"Winding Halls","floor":37,"gold_loss":0},{"damage_healed":0,"gold_gain":0,"player_choice":"Paid","damage_taken":0,"relics_obtained":["Red Mask"],"max_hp_gain":0,"max_hp_loss":0,"event_name":"Tomb of Lord Red Mask","floor":38,"gold_loss":58},{"damage_healed":0,"gold_gain":333,"player_choice":"Gave Idol","damage_taken":0,"max_hp_gain":0,"max_hp_loss":0,"event_name":"The Moai Head","floor":39,"relics_lost":["Golden Idol"],"gold_loss":0},{"cards_removed":["Strike_B"],"damage_healed":0,"gold_gain":0,"player_choice":"Removed Attack","damage_taken":0,"max_hp_gain":0,"max_hp_loss":0,"event_name":"Falling","floor":48,"gold_loss":0}],"is_beta":false,"boss_relics":[{"not_picked":["Lizard Tail","Snecko Eye"],"picked":"Nuclear Battery"},{"not_picked":["Orrery","Black Star"],"picked":"Inserter"}],"items_purged_floors":[29,36],"is_endless":false,"potions_floor_spawned":[6,10,14,18,22,24,27,28,33,35,44,46],"ascension_level":0}