{"gold_per_floor":[117,192,210,59,79,95,95,95,95,123,134,134,152,172,172,172],"floor_reached":16,"playtime":738,"items_purged":[],"score":172,"play_id":"944e7c11-43f8-4aea-85bf-ea513084bd33","local_time":"20190501162926","is_ascension_mode":true,"campfire_choices":[{"data":"FTL","floor":8,"key":"SMITH"},{"floor":15,"key":"RECALL"}],"neow_cost":"NONE","seed_source_timestamp":389245335139921,"circlet_count":0,"master_deck":["AscendersBane","Strike_B","Strike_B","Strike_B","Strike_B","Defend_B","Defend_B","Defend_B","Defend_B","Zap+1","Dualcast","Cold Snap","Cold Snap","BootSequence","FTL+1","Loop","Chill","Hologram","Conserve Battery"],"special_seed":0,"relics":["Cracked Core","Blood Vial","Dead Branch"],"potions_floor_usage":[10,10],"damage_taken":[{"damage":3.0,"enemies":"2 Louse","floor":1.0,"turns":2.0},{"damage":11.0,"enemies":"Small Slimes","floor":3.0,"turns":4.0},{"damage":0.0,"enemies":"Cultist","floor":5.0,"turns":4.0},{"damage":9,"enemies":"Exordium Thugs","floor":6,"turns":6},{"damage":8,"enemies":"Gremlin Nob","floor":10,"turns":5},{"damage":0,"enemies":"3 Louse","floor":11,"turns":3},{"damage":0,"enemies":"Blue Slaver","floor":13,"turns":2},{"damage":13,"enemies":"2 Fungi Beasts","floor":14,"turns":3},{"damage":34,"enemies":"The Guardian","floor":16,"turns":11}],"seed_played":"-2965996181483014801","potions_obtained":[{"floor":3.0,"key":"SkillPotion"},{"floor":5.0,"key":"FocusPotion"},{"floor":14,"key":"Energy Potion"}],"is_trial":false,"path_per_floor":["M","?","M","$","M","M","?","R","T","E","M","$","M","M","R","B"],"character_chosen":"DEFECT","items_purchased":["Blood Vial"],"campfire_rested":0,"item_purchase_floors":[4],"current_hp_per_floor":[72,61,50,50,52,45,45,45,45,39,41,41,43,32,32,0],"gold":172,"neow_bonus":"TEN_PERCENT_HP_BONUS","is_prod":false,"is_daily":false,"chose_seed":false,"campfire_upgraded":1,"win_rate":0,"timestamp":1556699366,"path_taken":["M","?","M","$","M","M","?","R","T","E","M","$","M","?","R","BOSS"],"build_version":"2019-01-23","purchased_purges":0,"victory":false,"max_hp_per_floor":[82,82,82,82,82,82,82,82,82,82,82,82,82,82,82,82],"card_choices":[{"not_picked":["Leap","Rebound"],"picked":"Cold Snap","floor":1.0},{"not_picked":["Scrape","Compile Driver"],"picked":"Cold Snap","floor":3.0},{"not_picked":["Static Discharge","Cold Snap"],"picked":"BootSequence","floor":5.0},{"not_picked":["Beam Cell","Go for the Eyes"],"picked":"FTL","floor":6},{"not_picked":["FTL","Fission"],"picked":"Loop","floor":10},{"not_picked":["Tempest","Consume"],"picked":"Chill","floor":11},{"not_picked":["Ball Lightning","Fusion"],"picked":"Hologram","floor":13},{"not_picked":["Double Energy","Streamline"],"picked":"Conserve Battery","floor":14}],"player_experience":461869,"relics_obtained":[{"floor":10,"key":"Dead Branch"}],"event_choices":[{"damage_healed":0.0,"max_hp_gain":0.0,"max_hp_loss":0.0,"gold_gain":75.0,"event_name":"World of Goop","player_choice":"Gather Gold","floor":2.0,"gold_loss":0.0,"damage_taken":11.0},{"damage_healed":0,"gold_gain":0,"player_choice":"Upgraded","damage_taken":0,"max_hp_gain":0,"max_hp_loss":0,"event_name":"Upgrade Shrine","floor":7,"gold_loss":0,"cards_upgraded":["Zap"]}],"is_beta":false,"boss_relics":[],"items_purged_floors":[],"is_endless":false,"potions_floor_spawned":[3,5,6,14],"killed_by":"The Guardian","ascension_level":13}