{"gold_per_floor":[117,192,192,142,162,197,212,212,212,212,235,10,10,20,20,125,125,125,125,35,35,35],"floor_reached":22,"playtime":664,"items_purged":["Strike_B"],"score":205,"play_id":"7c21cd8d-f58a-4ee2-b103-5fa80de2d595","local_time":"20181208215329","is_ascension_mode":false,"campfire_choices":[{"data":"Redo","floor":8,"key":"SMITH"},{"data":"Dualcast","floor":10,"key":"SMITH"},{"data":"Go for the Eyes","floor":13,"key":"SMITH"},{"data":"Loop","floor":15,"key":"SMITH"}],"neow_cost":"NONE","seed_source_timestamp":40483045062867,"circlet_count":0,"master_deck":["Strike_B","Strike_B","Defend_B","Defend_B","Defend_B","Defend_B","Zap","Dualcast+1","Go for the Eyes+1","Beam Cell","Conserve Battery","Redo+1","Gash","Loop+1","Fission","Defragment"],"relics":["Cracked Core","NeowsBlessing","The Courier","Potion Belt","Question Card","Oddly Smooth Stone","Lantern","Ectoplasm","NlothsMask"],"potions_floor_usage":[16,20,20],"damage_taken":[{"damage":0,"enemies":"Small Slimes","floor":1,"turns":1},{"damage":0,"enemies":"Jaw Worm","floor":5,"turns":1},{"damage":0,"enemies":"Lagavulin","floor":6,"turns":1},{"damage":0,"enemies":"2 Louse","floor":7,"turns":2},{"damage":0,"enemies":"Looter","floor":14,"turns":3},{"damage":8,"enemies":"The Guardian","floor":16,"turns":12},{"damage":11,"enemies":"Shell Parasite","floor":18,"turns":6},{"damage":48,"enemies":"2 Thieves","floor":20,"turns":5},{"damage":20,"enemies":"Centurion and Healer","floor":22,"turns":1}],"seed_played":"-7457078694531501617","potions_obtained":[{"floor":5,"key":"SkillPotion"},{"floor":14,"key":"Regen Potion"},{"floor":16,"key":"SneckoOil"},{"floor":18,"key":"AttackPotion"}],"is_trial":false,"path_per_floor":["M","?","?","?","M","E","M","R","T","R","T","$","R","M","R","B",null,"M","?","M","$","M"],"character_chosen":"DEFECT","items_purchased":["Lantern","Gash"],"campfire_rested":0,"item_purchase_floors":[12,12],"current_hp_per_floor":[75,64,57,57,57,57,57,57,57,57,57,57,57,57,57,49,75,64,64,16,16,0],"gold":35,"neow_bonus":"THREE_ENEMY_KILL","is_prod":false,"is_daily":false,"chose_seed":false,"campfire_upgraded":4,"win_rate":0,"timestamp":1544295209,"path_taken":["M","?","?","?","M","E","M","R","T","R","?","$","R","M","R","BOSS","M","?","?","$","M"],"build_version":"2018-12-06","purchased_purges":1,"victory":false,"max_hp_per_floor":[75,75,75,75,75,75,75,75,75,75,75,75,75,75,75,75,75,75,75,75,75,75],"card_choices":[{"not_picked":["Stack","Compile Driver"],"picked":"Go for the Eyes","floor":1},{"not_picked":["Go for the Eyes","Barrage"],"picked":"Beam Cell","floor":5},{"not_picked":["Ball Lightning","Go for the Eyes"],"picked":"Conserve Battery","floor":6},{"not_picked":["Sweeping Beam","Streamline"],"picked":"Redo","floor":7},{"not_picked":["Turbo","Steam","Conserve Battery"],"picked":"Loop","floor":14},{"not_picked":["Meteor Strike","Hyperbeam","Core Surge"],"picked":"Fission","floor":16},{"not_picked":["Rebound+1","Turbo","BootSequence"],"picked":"Defragment","floor":18},{"not_picked":["Ball Lightning","Scrape+1","Rebound","Go for the Eyes+1"],"picked":"SKIP","floor":20}],"player_experience":287935,"relics_obtained":[{"floor":6,"key":"Potion Belt"},{"floor":9,"key":"Question Card"},{"floor":11,"key":"Oddly Smooth Stone"}],"event_choices":[{"damage_healed":0,"gold_gain":75,"player_choice":"Gather Gold","damage_taken":11,"max_hp_gain":0,"max_hp_loss":0,"event_name":"World of Goop","floor":2,"gold_loss":0},{"damage_healed":0,"gold_gain":0,"player_choice":"Success","damage_taken":7,"relics_obtained":["The Courier"],"max_hp_gain":0,"max_hp_loss":0,"event_name":"Scrap Ooze","floor":3,"gold_loss":0},{"cards_removed":["Strike_B"],"damage_healed":0,"gold_gain":0,"player_choice":"Card Removal","damage_taken":0,"max_hp_gain":0,"max_hp_loss":0,"event_name":"The Cleric","floor":4,"gold_loss":50},{"damage_healed":0,"gold_gain":0,"player_choice":"Trade","damage_taken":0,"relics_obtained":["NlothsMask"],"max_hp_gain":0,"max_hp_loss":0,"event_name":"FaceTrader","floor":19,"gold_loss":0}],"is_beta":false,"boss_relics":[{"not_picked":["Inserter","Coffee Dripper"],"picked":"Ectoplasm"}],"items_purged_floors":[12],"is_endless":false,"potions_floor_spawned":[5,14,16,18],"killed_by":"Centurion and Healer","ascension_level":0}