{"gold_per_floor":[217,142,160,160,172,198,198,228,228,247,259,334,334,366,366,462,462,472,486,486,503,503,503,503],"floor_reached":24,"playtime":1214,"items_purged":["Strike_R"],"score":259,"play_id":"9c7e2490-f256-4ac4-bddb-aa4b94edb1fc","local_time":"20190117223035","is_ascension_mode":true,"campfire_choices":[{"data":"Bash","floor":7,"key":"SMITH"},{"data":"Barricade","floor":15,"key":"SMITH"},{"data":"Body Slam","floor":23,"key":"SMITH"}],"neow_cost":"NONE","seed_source_timestamp":298501213443597,"circlet_count":0,"master_deck":["Strike_R","Strike_R","Defend_R","Defend_R","Defend_R","Defend_R","Bash+1","Dropkick","Rage","Clothesline","Shrug It Off","Body Slam","Body Slam","Barricade+1","Juggernaut","Rampage+1","Seeing Red+1","Body Slam+1","Warcry"],"relics":["Black Blood","Letter Opener","Bronze Scales","Pantograph","Incense Burner"],"potions_floor_usage":[6,14,21,24],"damage_taken":[{"damage":7,"enemies":"Small Slimes","floor":1,"turns":3},{"damage":1,"enemies":"Cultist","floor":3,"turns":3},{"damage":7,"enemies":"2 Louse","floor":5,"turns":3},{"damage":8,"enemies":"Gremlin Nob","floor":6,"turns":4},{"damage":25,"enemies":"Lagavulin","floor":8,"turns":6},{"damage":0,"enemies":"Lots of Slimes","floor":10,"turns":3},{"damage":12,"enemies":"Large Slime","floor":11,"turns":6},{"damage":23,"enemies":"Gremlin Nob","floor":14,"turns":4},{"damage":23,"enemies":"The Guardian","floor":16,"turns":10},{"damage":10,"enemies":"3 Byrds","floor":18,"turns":2},{"damage":20,"enemies":"Chosen","floor":19,"turns":5},{"damage":36,"enemies":"Snecko","floor":21,"turns":6},{"damage":64,"enemies":"Slavers","floor":24,"turns":4}],"seed_played":"-5517383730355476359","potions_obtained":[{"floor":1,"key":"BloodPotion"},{"floor":5,"key":"Explosive Potion"},{"floor":10,"key":"PowerPotion"},{"floor":14,"key":"Weak Potion"}],"is_trial":false,"path_per_floor":["M","$","M","?","M","E","R","E","T","M","M","?","?","E","R","B",null,"M","M","?","M","?","R","E"],"character_chosen":"IRONCLAD","items_purchased":[],"campfire_rested":0,"item_purchase_floors":[],"current_hp_per_floor":[79,79,80,80,79,77,77,58,58,64,58,47,52,35,35,43,80,80,70,70,44,44,44,0],"gold":503,"neow_bonus":"HUNDRED_GOLD","is_prod":false,"is_daily":false,"chose_seed":false,"campfire_upgraded":3,"win_rate":0,"timestamp":1547735435,"path_taken":["M","$","M","?","M","E","R","E","T","M","?","?","?","E","R","BOSS","M","?","?","M","?","R","E"],"build_version":"2019-01-10","purchased_purges":1,"victory":false,"max_hp_per_floor":[80,80,80,80,80,80,80,80,80,80,80,80,80,80,80,80,80,80,80,80,80,80,80,80],"card_choices":[{"not_picked":["Carnage","Rampage"],"picked":"Dropkick","floor":1},{"not_picked":["Pommel Strike","Anger"],"picked":"Rage","floor":3},{"not_picked":["Clash","Metallicize"],"picked":"Clothesline","floor":5},{"not_picked":["Pummel","Perfected Strike"],"picked":"Shrug It Off","floor":6},{"not_picked":["Infernal Blade","Dual Wield"],"picked":"Body Slam","floor":8},{"not_picked":["True Grit","Heavy Blade"],"picked":"Body Slam","floor":10},{"not_picked":["Pummel","Perfected Strike"],"picked":"Sword Boomerang","floor":11},{"not_picked":["Burning Pact","Spot Weakness"],"picked":"Barricade","floor":14},{"not_picked":["Reaper","Demon Form"],"picked":"Juggernaut","floor":16},{"not_picked":["Evolve","Flex"],"picked":"Rampage+1","floor":18},{"not_picked":["Armaments","Shrug It Off"],"picked":"Seeing Red+1","floor":19},{"not_picked":["Clothesline","Anger"],"picked":"Warcry","floor":21}],"player_experience":152334,"relics_obtained":[{"floor":6,"key":"Letter Opener"},{"floor":8,"key":"Bronze Scales"},{"floor":9,"key":"Pantograph"},{"floor":14,"key":"Incense Burner"}],"event_choices":[{"cards_removed":["Strike_R"],"damage_healed":0,"gold_gain":0,"player_choice":"Card Removal","damage_taken":0,"max_hp_gain":0,"max_hp_loss":0,"event_name":"Wheel of Change","floor":4,"gold_loss":0},{"damage_healed":0,"gold_gain":75,"player_choice":"Gather Gold","damage_taken":11,"max_hp_gain":0,"max_hp_loss":0,"event_name":"World of Goop","floor":12,"gold_loss":0},{"cards_removed":["Sword Boomerang"],"damage_healed":5,"gold_gain":0,"player_choice":"Offered Common","damage_taken":0,"max_hp_gain":0,"max_hp_loss":0,"event_name":"Bonfire Elementals","floor":13,"gold_loss":0},{"cards_removed":["Sword Boomerang"],"damage_healed":5,"gold_gain":0,"player_choice":"Offered Special","damage_taken":0,"max_hp_gain":0,"max_hp_loss":0,"event_name":"Bonfire Elementals","floor":13,"gold_loss":0},{"damage_healed":0,"gold_gain":0,"player_choice":"Read","damage_taken":0,"max_hp_gain":0,"max_hp_loss":0,"event_name":"The Library","floor":20,"gold_loss":0,"cards_obtained":["Body Slam"]},{"cards_removed":["Strike_R"],"damage_healed":0,"gold_gain":0,"player_choice":"Purged","damage_taken":0,"max_hp_gain":0,"max_hp_loss":0,"event_name":"Purifier","floor":22,"gold_loss":0}],"is_beta":false,"boss_relics":[{"not_picked":["Runic Pyramid","Sozu"],"picked":"Black Blood"}],"items_purged_floors":[2],"is_endless":false,"potions_floor_spawned":[1,5,10,14],"killed_by":"Slavers","ascension_level":4}