{"gold_per_floor":[110,130,130,83,102,133,143,159,159,189,189,200,213,229,229,229],"floor_reached":16,"playtime":489,"items_purged":[],"score":145,"play_id":"8a20385c-ef2d-417b-94bc-89a9ed4c735a","local_time":"20190217231640","is_ascension_mode":true,"campfire_choices":[{"data":"Zap","floor":11,"key":"SMITH"},{"data":"Redo","floor":15,"key":"SMITH"}],"neow_cost":"NONE","seed_source_timestamp":254182496791473,"circlet_count":0,"master_deck":["Strike_B","Strike_B","Strike_B","Defend_B","Defend_B","Defend_B","Defend_B","Zap+1","Dualcast","Ball Lightning","Self Repair","Coolheaded","Ball Lightning","Melter","Conserve Battery","Redo+1","Conserve Battery","Cold Snap","Sweeping Beam","Chaos"],"relics":["Cracked Core","NeowsBlessing","Bag of Preparation","Matryoshka","Cables"],"potions_floor_usage":[16],"damage_taken":[{"damage":0,"enemies":"Cultist","floor":1,"turns":1},{"damage":0,"enemies":"Jaw Worm","floor":2,"turns":1},{"damage":0,"enemies":"Small Slimes","floor":5,"turns":1},{"damage":21,"enemies":"3 Sentries","floor":6,"turns":5},{"damage":0,"enemies":"3 Louse","floor":7,"turns":3},{"damage":14,"enemies":"Lots of Slimes","floor":8,"turns":3},{"damage":44,"enemies":"Gremlin Nob","floor":10,"turns":4},{"damage":10,"enemies":"2 Fungi Beasts","floor":12,"turns":3},{"damage":0,"enemies":"Looter","floor":13,"turns":2},{"damage":7,"enemies":"Red Slaver","floor":14,"turns":2},{"damage":14,"enemies":"The Guardian","floor":16,"turns":7}],"seed_played":"8699413305315197247","potions_obtained":[{"floor":1,"key":"SpeedPotion"},{"floor":2,"key":"Swift Potion"},{"floor":6,"key":"Weak Potion"},{"floor":14,"key":"Fire Potion"}],"is_trial":false,"path_per_floor":["M","M","?","$","M","E","M","M","T","E","R","M","M","M","R","B"],"character_chosen":"DEFECT","items_purchased":["Coolheaded"],"campfire_rested":0,"item_purchase_floors":[4],"current_hp_per_floor":[75,75,75,75,75,61,68,61,61,24,24,21,21,14,14,0],"gold":229,"neow_bonus":"THREE_ENEMY_KILL","is_prod":false,"is_daily":false,"chose_seed":false,"campfire_upgraded":2,"win_rate":0,"timestamp":1550416600,"path_taken":["M","?","?","?","M","E","M","M","T","E","R","M","M","?","R","BOSS"],"build_version":"2019-01-23","purchased_purges":0,"victory":false,"max_hp_per_floor":[75,75,75,75,75,75,75,75,75,75,75,75,75,75,75,75],"card_choices":[{"not_picked":["Sweeping Beam","Reinforced Body"],"picked":"Ball Lightning","floor":1},{"not_picked":["Reprogram","Stack"],"picked":"Self Repair","floor":2},{"not_picked":["Auto Shields","FTL"],"picked":"Ball Lightning","floor":5},{"not_picked":["Sunder","Biased Cognition"],"picked":"Melter","floor":6},{"not_picked":["Barrage","Turbo"],"picked":"Conserve Battery","floor":7},{"not_picked":["Leap","Blizzard"],"picked":"Redo","floor":8},{"not_picked":["Reboot","Gash"],"picked":"Conserve Battery","floor":10},{"not_picked":["Streamline","Gash"],"picked":"Cold Snap","floor":12},{"not_picked":["Coolheaded","Skim"],"picked":"Sweeping Beam","floor":13},{"not_picked":["Hologram","Sweeping Beam"],"picked":"Chaos","floor":14}],"player_experience":220111,"relics_obtained":[{"floor":6,"key":"Bag of Preparation"},{"floor":9,"key":"Matryoshka"},{"floor":10,"key":"Cables"}],"event_choices":[{"cards_removed":["Strike_B"],"damage_healed":0,"gold_gain":0,"player_choice":"Offered Basic","damage_taken":0,"max_hp_gain":0,"max_hp_loss":0,"event_name":"Bonfire Elementals","floor":3,"gold_loss":0}],"is_beta":false,"boss_relics":[],"items_purged_floors":[],"is_endless":false,"potions_floor_spawned":[1,2,6,13,14],"killed_by":"The Guardian","ascension_level":5}