{"gold_per_floor":[118,134,144,69,81,106,106,106,176,192,208,208,269,302,302,405,405,415,432,38,55,68,68,78,78,132,132,142,172,172,191,191,191],"floor_reached":33,"playtime":3432,"items_purged":["Strike_G","Strike_G"],"score":306,"play_id":"30fc3359-a2a8-411f-a448-762024605ca5","local_time":"20180925225444","is_ascension_mode":false,"campfire_choices":[{"floor":7,"key":"REST"},{"data":"Prepared","floor":12,"key":"SMITH"},{"data":"Catalyst","floor":15,"key":"SMITH"},{"data":"Outmaneuver","floor":23,"key":"SMITH"},{"data":"Acrobatics","floor":25,"key":"SMITH"},{"data":"Catalyst","floor":27,"key":"SMITH"},{"floor":30,"key":"REST"},{"data":"Deadly Poison","floor":32,"key":"SMITH"}],"neow_cost":"NONE","seed_source_timestamp":10890749279224,"circlet_count":0,"master_deck":["Defend_G","Defend_G","Defend_G","Defend_G","Defend_G","Strike_G","Strike_G","Survivor","Neutralize","Escape Plan","Poisoned Stab","Deadly Poison","Prepared+1","Poisoned Stab","Acrobatics+1","Bane","Catalyst+1","PiercingWail","Outmaneuver+1","Malaise","Catalyst+1","Tactician+1","Crippling Poison+1","Catalyst","Deadly Poison+1"],"relics":["Ring of the Serpent","StoneCalendar","Meat on the Bone","Bag of Marbles","Bag of Preparation","FossilizedHelix","Smiling Mask","Pantograph"],"potions_floor_usage":[24,28,31,33],"damage_taken":[{"damage":0,"enemies":"2 Louse","floor":1,"turns":3},{"damage":0,"enemies":"Jaw Worm","floor":2,"turns":5},{"damage":2,"enemies":"Small Slimes","floor":3,"turns":3},{"damage":4,"enemies":"2 Fungi Beasts","floor":5,"turns":4},{"damage":51,"enemies":"Gremlin Nob","floor":6,"turns":5},{"damage":2,"enemies":"3 Louse","floor":10,"turns":4},{"damage":3,"enemies":"Blue Slaver","floor":11,"turns":4},{"damage":18,"enemies":"Gremlin Nob","floor":13,"turns":4},{"damage":14,"enemies":"Lagavulin","floor":14,"turns":6},{"damage":17,"enemies":"The Guardian","floor":16,"turns":7},{"damage":11,"enemies":"Shell Parasite","floor":18,"turns":5},{"damage":1,"enemies":"Spheric Guardian","floor":19,"turns":3},{"damage":0,"enemies":"Snake Plant","floor":21,"turns":2},{"damage":12,"enemies":"Sentry and Sphere","floor":22,"turns":6},{"damage":31,"enemies":"3 Cultists","floor":24,"turns":7},{"damage":17,"enemies":"Snake Plant","floor":28,"turns":4},{"damage":33,"enemies":"Slavers","floor":29,"turns":6},{"damage":0,"enemies":"Shelled Parasite and Fungi","floor":31,"turns":3},{"damage":78,"enemies":"Automaton","floor":33,"turns":6}],"seed_played":"-3998316210241097314","potions_obtained":[{"floor":6,"key":"Energy Potion"},{"floor":11,"key":"AttackPotion"},{"floor":14,"key":"Energy Potion"},{"floor":19,"key":"Regen Potion"},{"floor":22,"key":"Energy Potion"},{"floor":28,"key":"FearPotion"},{"floor":31,"key":"AttackPotion"}],"is_trial":false,"path_per_floor":["M","M","M","$","M","E","R","?","T","M","M","R","?","E","R","B",null,"M","M","$","M","M","R","M","R","T","R","M","E","R","M","R"],"character_chosen":"THE_SILENT","items_purchased":["FossilizedHelix"],"campfire_rested":2,"item_purchase_floors":[20],"current_hp_per_floor":[70,70,68,68,64,13,34,57,57,55,52,52,46,44,44,39,70,59,58,58,58,46,46,42,42,42,42,37,16,37,37,37,0],"gold":191,"neow_bonus":"TRANSFORM_CARD","is_prod":false,"is_daily":false,"chose_seed":false,"campfire_upgraded":6,"win_rate":0,"timestamp":1537905284,"path_taken":["M","M","M","$","M","E","R","?","T","M","M","R","?","E","R","BOSS","M","M","$","M","M","R","M","R","T","R","?","E","R","M","R","BOSS"],"build_version":"2018-09-20","purchased_purges":2,"victory":false,"max_hp_per_floor":[70,70,70,70,70,70,70,70,70,70,70,70,70,70,70,70,70,70,70,70,70,70,70,70,70,70,70,70,70,70,70,70,70],"card_choices":[{"not_picked":["Quick Slash","Dash"],"picked":"Poisoned Stab","floor":1},{"not_picked":["Quick Slash","Crippling Poison"],"picked":"Deadly Poison","floor":2},{"not_picked":["Quick Slash","Slice"],"picked":"Prepared","floor":3},{"not_picked":["Underhanded Strike","Well Laid Plans"],"picked":"Poisoned Stab","floor":5},{"not_picked":["Dash","Quick Slash"],"picked":"Acrobatics","floor":6},{"not_picked":["Deflect","Reflex"],"picked":"Bane","floor":10},{"not_picked":["Envenom","Caltrops"],"picked":"Catalyst","floor":11},{"not_picked":["Backstab","Slice"],"picked":"PiercingWail","floor":13},{"not_picked":["Acrobatics","Blade Dance"],"picked":"Outmaneuver","floor":14},{"not_picked":["Doppelganger","Venomology"],"picked":"Malaise","floor":16},{"not_picked":["Flying Knee","Bane","Dagger Throw"],"picked":"SKIP","floor":18},{"not_picked":["Bullet Time","Outmaneuver"],"picked":"Catalyst","floor":19},{"not_picked":["Poisoned Stab","Sucker Punch"],"picked":"Tactician+1","floor":21},{"not_picked":["Dodge and Roll","Quick Slash","Blade Dance+1"],"picked":"SKIP","floor":22},{"not_picked":["Slice","Dagger Spray"],"picked":"Crippling Poison+1","floor":24},{"not_picked":["Blade Dance+1","Caltrops"],"picked":"Catalyst","floor":28},{"not_picked":["Catalyst","Escape Plan","Deflect"],"picked":"SKIP","floor":29},{"not_picked":["Riddle With Holes","Backflip"],"picked":"Deadly Poison","floor":31}],"player_experience":42019,"relics_obtained":[{"floor":6,"key":"StoneCalendar"},{"floor":9,"key":"Meat on the Bone"},{"floor":13,"key":"Bag of Marbles"},{"floor":14,"key":"Bag of Preparation"},{"floor":26,"key":"Smiling Mask"},{"floor":29,"key":"Pantograph"}],"event_choices":[{"event_name":"Big Fish","player_choice":"Banana","floor":8,"damage_taken":0},{"event_name":"Dead Adventurer","player_choice":"Searched \u00271\u0027 times","floor":13,"damage_taken":0}],"is_beta":false,"boss_relics":[{"not_picked":["Philosopher\u0027s Stone","White Beast Statue"],"picked":"Ring of the Serpent"}],"items_purged_floors":[4,20],"is_endless":false,"potions_floor_spawned":[6,11,14,16,18,19,22,28,31],"killed_by":"Automaton","ascension_level":0}