{"gold_per_floor":[11,11,21,31,46,46,75,26,26,37,37,37,37,2,2,2],"floor_reached":16,"playtime":724,"items_purged":[],"score":100,"play_id":"e585ee3d-20ba-4f44-9183-b14df07d90d2","local_time":"20190228134201","is_ascension_mode":false,"campfire_choices":[{"data":"Backstab","floor":6,"key":"SMITH"},{"data":"Deflect","floor":12,"key":"SMITH"},{"floor":15,"key":"REST"}],"neow_cost":"NO_GOLD","seed_source_timestamp":5069290838478,"circlet_count":0,"master_deck":["Defend_G","Defend_G","Defend_G","Defend_G","Defend_G","Strike_G","Strike_G","Strike_G","Strike_G","Survivor","Neutralize","Dash","PiercingWail","Dodge and Roll","Backstab+1","Deflect+1","Dodge and Roll"],"relics":["Ring of the Snake","Ice Cream","Singing Bowl","Mummified Hand","Golden Idol"],"potions_floor_usage":[7,7,7,7,16],"damage_taken":[{"damage":0,"enemies":"Small Slimes","floor":1,"turns":3},{"damage":0,"enemies":"Cultist","floor":3,"turns":4},{"damage":0,"enemies":"Jaw Worm","floor":4,"turns":4},{"damage":7,"enemies":"Large Slime","floor":5,"turns":11},{"damage":11,"enemies":"Gremlin Nob","floor":7,"turns":5},{"damage":1,"enemies":"2 Fungi Beasts","floor":10,"turns":4},{"damage":78,"enemies":"Slime Boss","floor":16,"turns":19}],"seed_played":"-4292620844967615174","potions_obtained":[{"floor":1,"key":"SpeedPotion"},{"floor":2,"key":"Fruit Juice"},{"floor":2,"key":"EntropicBrew"},{"floor":2,"key":"Dexterity Potion"}],"is_trial":false,"path_per_floor":["M","?","M","M","M","R","E","$","T","M","?","R","?","?","R","B"],"character_chosen":"THE_SILENT","items_purchased":["Deflect"],"campfire_rested":1,"item_purchase_floors":[8],"current_hp_per_floor":[70,70,70,70,63,63,59,59,59,58,51,51,32,51,74,0],"gold":2,"neow_bonus":"ONE_RARE_RELIC","is_prod":false,"is_daily":false,"chose_seed":false,"campfire_upgraded":2,"win_rate":0,"timestamp":1551382921,"path_taken":["M","?","M","M","M","R","E","$","T","?","?","R","?","?","R","BOSS"],"build_version":"2019-01-23","purchased_purges":0,"victory":false,"max_hp_per_floor":[70,70,70,70,70,70,77,77,77,77,77,77,77,77,77,77],"card_choices":[{"not_picked":["Terror","Flying Knee"],"picked":"Dash","floor":1},{"not_picked":["Dagger Throw","Blur"],"picked":"PiercingWail","floor":3},{"not_picked":["Deadly Poison","Reflex"],"picked":"Dodge and Roll","floor":4},{"not_picked":["Flying Knee","Quick Slash"],"picked":"Backstab","floor":5},{"not_picked":["Prepared","Wraith Form v2","Tactician"],"picked":"Singing Bowl","floor":7},{"not_picked":["Bane","Slice"],"picked":"Dodge and Roll","floor":10}],"player_experience":470488,"relics_obtained":[{"floor":7,"key":"Singing Bowl"},{"floor":9,"key":"Mummified Hand"}],"event_choices":[{"damage_healed":0,"gold_gain":0,"player_choice":"Got Potions","damage_taken":0,"max_hp_gain":0,"max_hp_loss":0,"event_name":"Lab","floor":2,"gold_loss":0},{"cards_removed":["Strike_G"],"damage_healed":0,"gold_gain":0,"player_choice":"Card Removal","damage_taken":7,"max_hp_gain":0,"max_hp_loss":0,"event_name":"Golden Wing","floor":11,"gold_loss":0},{"damage_healed":0,"gold_gain":0,"player_choice":"Take Damage","damage_taken":19,"relics_obtained":["Golden Idol"],"max_hp_gain":0,"max_hp_loss":0,"event_name":"Golden Idol","floor":13,"gold_loss":0},{"damage_healed":19,"gold_gain":0,"player_choice":"Healed","damage_taken":0,"max_hp_gain":0,"max_hp_loss":0,"event_name":"The Cleric","floor":14,"gold_loss":35}],"is_beta":false,"boss_relics":[],"items_purged_floors":[],"is_endless":false,"potions_floor_spawned":[1,3,4],"killed_by":"Slime Boss","ascension_level":0}