{"gold_per_floor":[114,128,203,213,31,31,59,59,59,24,24,24,24,24,24,123,123,105,122,221,53,67,67,67],"floor_reached":24,"playtime":718,"items_purged":["Strike_B","Strike_B"],"score":288,"play_id":"817bfbfd-899c-41a9-9c48-13f9f3a06437","local_time":"20181221145210","is_ascension_mode":true,"campfire_choices":[{"data":"Zap","floor":6,"key":"SMITH"},{"data":"Defragment","floor":11,"key":"SMITH"},{"data":"Conserve Battery","floor":13,"key":"SMITH"},{"data":"Dualcast","floor":15,"key":"SMITH"},{"floor":23,"key":"REST"}],"neow_cost":"NONE","seed_source_timestamp":22555163123900,"circlet_count":0,"master_deck":["AscendersBane","Strike_B","Strike_B","Defend_B","Defend_B","Defend_B","Defend_B","Zap+1","Dualcast+1","Rip and Tear","Rip and Tear","Conserve Battery+1","Capacitor","Defragment+1","Defragment","Coolheaded","Rip and Tear","BootSequence","Self Repair","Defragment","Conserve Battery+1"],"relics":["Cracked Core","NeowsBlessing","Gremlin Horn","Dead Branch","Shuriken","Dodecahedron","Orrery"],"potions_floor_usage":[16,16],"damage_taken":[{"damage":0,"enemies":"Small Slimes","floor":1,"turns":1},{"damage":0,"enemies":"Jaw Worm","floor":2,"turns":1},{"damage":0,"enemies":"2 Louse","floor":4,"turns":1},{"damage":35,"enemies":"3 Sentries","floor":7,"turns":8},{"damage":20,"enemies":"The Guardian","floor":16,"turns":11},{"damage":13,"enemies":"2 Thieves","floor":18,"turns":4},{"damage":20,"enemies":"Spheric Guardian","floor":19,"turns":4},{"damage":29,"enemies":"Centurion and Healer","floor":22,"turns":12},{"damage":47,"enemies":"Cultist and Chosen","floor":24,"turns":4}],"seed_played":"-7225699848040036127","potions_obtained":[{"floor":4,"key":"GamblersBrew"},{"floor":7,"key":"Regen Potion"},{"floor":19,"key":"Dexterity Potion"}],"is_trial":false,"path_per_floor":["M","M","?","M","$","R","E","T","T","?","R","$","R","?","R","B",null,"M","M","?","$","M","R","M"],"character_chosen":"DEFECT","items_purchased":["Conserve Battery","Capacitor","Defragment"],"campfire_rested":1,"item_purchase_floors":[5,5,21],"current_hp_per_floor":[68,68,57,57,57,57,22,22,22,40,40,40,40,40,40,35,65,59,46,46,46,24,46,0],"gold":67,"neow_bonus":"THREE_ENEMY_KILL","is_prod":false,"is_daily":false,"chose_seed":false,"campfire_upgraded":4,"win_rate":0,"timestamp":1545400330,"path_taken":["M","M","?","M","$","R","E","?","T","?","R","?","R","?","R","BOSS","M","M","?","?","M","R","?"],"build_version":"2018-12-20","purchased_purges":2,"victory":false,"max_hp_per_floor":[75,75,75,75,75,75,75,75,75,75,75,75,75,75,75,75,75,75,75,75,75,75,75,75],"card_choices":[{"not_picked":["Gash","Hologram"],"picked":"Rip and Tear","floor":1},{"not_picked":["Scrape","Hologram","Steam Power"],"picked":"SKIP","floor":2},{"not_picked":["Stack","Ball Lightning"],"picked":"Rip and Tear","floor":4},{"not_picked":["Darkness","Turbo"],"picked":"Defragment","floor":7},{"not_picked":["Ball Lightning","Go for the Eyes"],"picked":"Defragment","floor":17},{"not_picked":["FTL","Redo"],"picked":"Coolheaded","floor":17},{"not_picked":["Steam","Steam Power"],"picked":"Rip and Tear","floor":17},{"not_picked":["Fusion","Reinforced Body"],"picked":"BootSequence","floor":17},{"not_picked":["Tempest","Go for the Eyes"],"picked":"Self Repair","floor":17},{"not_picked":["Ball Lightning+1","Turbo+1","Undo"],"picked":"SKIP","floor":18},{"not_picked":["Hologram","Compile Driver","Doom and Gloom"],"picked":"SKIP","floor":19},{"not_picked":["Sweeping Beam","Streamline"],"picked":"Conserve Battery+1","floor":22}],"player_experience":297060,"relics_obtained":[{"floor":7,"key":"Gremlin Horn"},{"floor":8,"key":"Dead Branch"},{"floor":9,"key":"Shuriken"}],"event_choices":[{"damage_healed":0,"gold_gain":75,"player_choice":"Gather Gold","damage_taken":11,"max_hp_gain":0,"max_hp_loss":0,"event_name":"World of Goop","floor":3,"gold_loss":0},{"damage_healed":18,"gold_gain":0,"player_choice":"Healed","damage_taken":0,"max_hp_gain":0,"max_hp_loss":0,"event_name":"The Cleric","floor":10,"gold_loss":35},{"damage_healed":0,"gold_gain":0,"player_choice":"Searched \u00272\u0027 times","damage_taken":0,"relics_obtained":["Dodecahedron"],"max_hp_gain":0,"max_hp_loss":0,"event_name":"Dead Adventurer","floor":14,"gold_loss":0},{"damage_healed":0,"gold_gain":99,"player_choice":"Stole From Cult","damage_taken":0,"max_hp_gain":0,"max_hp_loss":0,"event_name":"Nest","floor":20,"gold_loss":0}],"is_beta":false,"boss_relics":[{"not_picked":["White Beast Statue","Calling Bell"],"picked":"Orrery"}],"items_purged_floors":[5,21],"is_endless":false,"potions_floor_spawned":[4,7,19],"killed_by":"Cultist and Chosen","ascension_level":10}