{"gold_per_floor":[111,186,33,33,46,46,76,1,72,72,92,109,109,125,125,225,225,237,250,350,361,377,377,411,411,411,430,482,482,496,507,507,507],"floor_reached":33,"playtime":1209,"items_purged":["Writhe"],"score":442,"play_id":"10066e14-c1b6-446f-9f43-b8e7a89ae97b","local_time":"20190129203202","is_ascension_mode":true,"campfire_choices":[{"data":"Perfected Strike","floor":6.0,"key":"SMITH"},{"floor":13.0,"key":"REST"},{"data":"Flex","floor":15.0,"key":"SMITH"},{"floor":23,"key":"REST"},{"floor":29,"key":"REST"},{"floor":32,"key":"REST"}],"neow_cost":"CURSE","seed_source_timestamp":340022889423400,"circlet_count":0,"master_deck":["AscendersBane","Defend_R","Defend_R","Bash","Whirlwind+1","Ghostly Armor","Perfected Strike+1","Feel No Pain","Flex+1","Double Tap","Hemokinesis","Rage","Dark Embrace","Bloodletting+1","Flex","Flame Barrier","Hemokinesis","Bite","Bite","Bite","Bite","Bite","Spot Weakness+1","Iron Wave+1"],"special_seed":0,"relics":["Burning Blood","Pen Nib","Unceasing Top","Shuriken","Busted Crown","Darkstone Periapt","Vajra","Juzu Bracelet"],"potions_floor_usage":[21,33,33],"damage_taken":[{"damage":0.0,"enemies":"Small Slimes","floor":1.0,"turns":3.0},{"damage":1.0,"enemies":"Cultist","floor":5.0,"turns":3.0},{"damage":40.0,"enemies":"Lagavulin","floor":7.0,"turns":6.0},{"damage":2.0,"enemies":"Jaw Worm","floor":11.0,"turns":3.0},{"damage":22.0,"enemies":"Exordium Thugs","floor":12.0,"turns":4.0},{"damage":12.0,"enemies":"Exordium Wildlife","floor":14.0,"turns":2.0},{"damage":38.0,"enemies":"Slime Boss","floor":16.0,"turns":7.0},{"damage":10,"enemies":"Shell Parasite","floor":18,"turns":3},{"damage":19,"enemies":"Chosen","floor":19,"turns":4},{"damage":17,"enemies":"Centurion and Healer","floor":21,"turns":3},{"damage":22,"enemies":"Shelled Parasite and Fungi","floor":22,"turns":4},{"damage":24,"enemies":"Gremlin Leader","floor":24,"turns":6},{"damage":6,"enemies":"Chosen and Byrds","floor":27,"turns":3},{"damage":26,"enemies":"Centurion and Healer","floor":30,"turns":5},{"damage":35,"enemies":"Shelled Parasite and Fungi","floor":31,"turns":5},{"damage":88,"enemies":"Automaton","floor":33,"turns":6}],"seed_played":"-4400679680965157720","potions_obtained":[{"floor":5.0,"key":"Ancient Potion"},{"floor":7.0,"key":"EssenceOfSteel"},{"floor":24,"key":"Explosive Potion"},{"floor":31,"key":"Dexterity Potion"}],"is_trial":false,"path_per_floor":["M","?","$","?","M","R","E","$","T","?","M","M","R","M","R","B",null,"M","M","?","M","M","R","E","?","T","M","T","R","M","M","R","B"],"character_chosen":"IRONCLAD","items_purchased":["Pen Nib"],"campfire_rested":4,"item_purchase_floors":[3],"current_hp_per_floor":[78,67,67,67,72,72,38,38,38,38,42,26,50,44,44,12,63,59,46,46,35,19,43,25,25,25,31,31,47,41,20,36,0],"gold":507,"neow_bonus":"TRANSFORM_TWO_CARDS","is_prod":false,"is_daily":false,"chose_seed":false,"campfire_upgraded":2,"win_rate":0,"timestamp":1548811922,"path_taken":["M","?","$","?","?","R","E","?","T","?","?","M","R","M","R","BOSS","M","M","?","M","?","R","E","?","T","M","?","R","M","M","R","BOSS"],"build_version":"2019-01-23","purchased_purges":1,"victory":false,"max_hp_per_floor":[80,80,80,80,80,80,80,80,80,80,80,80,80,80,80,80,80,80,80,80,80,80,80,80,56,56,56,56,56,56,56,56,56],"card_choices":[{"not_picked":["Warcry","Cleave"],"picked":"Perfected Strike","floor":1.0},{"not_picked":["Cleave","Havoc"],"picked":"Feel No Pain","floor":5.0},{"not_picked":["Perfected Strike","Sever Soul"],"picked":"Flex","floor":7.0},{"not_picked":["Corruption","Havoc"],"picked":"Double Tap","floor":11.0},{"not_picked":["Wild Strike","Twin Strike"],"picked":"Hemokinesis","floor":12.0},{"not_picked":["Second Wind","Corruption"],"picked":"Rage","floor":14.0},{"not_picked":["Double Tap","Bludgeon"],"picked":"Dark Embrace","floor":16.0},{"not_picked":[],"picked":"Bloodletting+1","floor":18},{"not_picked":[],"picked":"Flex","floor":19},{"not_picked":[],"picked":"Flame Barrier","floor":21},{"not_picked":["Wild Strike"],"picked":"SKIP","floor":22},{"not_picked":[],"picked":"Hemokinesis","floor":24},{"not_picked":[],"picked":"Spot Weakness+1","floor":27},{"not_picked":[],"picked":"Iron Wave+1","floor":30},{"not_picked":["Evolve+1"],"picked":"SKIP","floor":31}],"player_experience":547650,"relics_obtained":[{"floor":7.0,"key":"Unceasing Top"},{"floor":9.0,"key":"Shuriken"},{"floor":24,"key":"Darkstone Periapt"},{"floor":26,"key":"Vajra"},{"floor":28,"key":"Juzu Bracelet"}],"event_choices":[{"damage_healed":0.0,"max_hp_gain":0.0,"max_hp_loss":0.0,"gold_gain":75.0,"event_name":"World of Goop","player_choice":"Gather Gold","floor":2.0,"gold_loss":0.0,"damage_taken":11.0},{"damage_healed":0.0,"max_hp_gain":0.0,"max_hp_loss":0.0,"gold_gain":0.0,"event_name":"Upgrade Shrine","player_choice":"Upgraded","floor":4.0,"gold_loss":0.0,"damage_taken":0.0,"cards_upgraded":["Whirlwind"]},{"damage_healed":0.0,"max_hp_gain":0.0,"max_hp_loss":0.0,"gold_gain":0.0,"event_name":"The Woman in Blue","player_choice":"Bought 0 Potions","floor":10.0,"gold_loss":0.0,"damage_taken":0.0},{"damage_healed":0,"gold_gain":100,"player_choice":"Pray","damage_taken":0,"max_hp_gain":0,"max_hp_loss":0,"event_name":"Golden Shrine","floor":20,"gold_loss":0},{"damage_healed":0,"gold_gain":0,"player_choice":"Became a vampire","damage_taken":0,"max_hp_gain":0,"max_hp_loss":24,"event_name":"Vampires","floor":25,"gold_loss":0,"cards_obtained":["Bite","Bite","Bite","Bite","Bite"]}],"is_beta":true,"boss_relics":[{"not_picked":["Snecko Eye","Orrery"],"picked":"Busted Crown"}],"items_purged_floors":[8],"is_endless":false,"potions_floor_spawned":[5,7,12,19,24,27,31],"killed_by":"Automaton","ascension_level":11}