{"gold_per_floor":[214,115,115,115,134,134,155,155,155,155,176,176,176,215,215,343,343,362,387,211,232,9,9,9],"floor_reached":24,"playtime":2155,"items_purged":["Defend_B","Strike_B","Strike_B"],"score":243,"play_id":"8cf2f262-b343-4904-8aae-2fa40a596d36","local_time":"20190103202814","is_ascension_mode":true,"campfire_choices":[{"data":"Zap","floor":6,"key":"SMITH"},{"data":"Dualcast","floor":8,"key":"SMITH"},{"data":"Echo Form","floor":10,"key":"SMITH"},{"floor":15,"key":"REST"},{"floor":23,"key":"REST"}],"neow_cost":"NONE","seed_source_timestamp":1279828386435100,"circlet_count":0,"master_deck":["Strike_B","Strike_B","Defend_B","Defend_B","Defend_B","Zap+1","Dualcast+1","Heatsinks","Coolheaded","Injury","Ball Lightning","Echo Form+1","Storm","Rainbow","Jack Of All Trades","Redo","Multi-Cast","Fusion","Static Discharge","Glacier","Turbo","Redo"],"relics":["Cracked Core","Emotion Chip","Golden Idol","Pear","Orichalcum","Nuclear Battery"],"potions_floor_usage":[14,16,24],"damage_taken":[{"damage":0,"enemies":"Cultist","floor":1,"turns":3},{"damage":3,"enemies":"2 Louse","floor":5,"turns":2},{"damage":5,"enemies":"Jaw Worm","floor":7,"turns":3},{"damage":27,"enemies":"Exordium Wildlife","floor":11,"turns":5},{"damage":19,"enemies":"3 Sentries","floor":14,"turns":6},{"damage":23,"enemies":"The Guardian","floor":16,"turns":7},{"damage":11,"enemies":"Shell Parasite","floor":18,"turns":3},{"damage":6,"enemies":"Chosen","floor":19,"turns":3},{"damage":23,"enemies":"Snecko","floor":21,"turns":4},{"damage":81,"enemies":"Gremlin Leader","floor":24,"turns":7}],"seed_played":"7089167401124257092","potions_obtained":[{"floor":11,"key":"PowerPotion"},{"floor":14,"key":"Swift Potion"},{"floor":18,"key":"Dexterity Potion"},{"floor":21,"key":"Regen Potion"}],"is_trial":false,"path_per_floor":["M","$","?","?","M","R","M","R","T","R","M","?","?","E","R","B",null,"M","M","$","M","$","R","E"],"character_chosen":"DEFECT","items_purchased":["Coolheaded","Static Discharge","Turbo","Redo"],"campfire_rested":2,"item_purchase_floors":[2,20,22,22],"current_hp_per_floor":[75,75,75,75,72,72,67,67,77,77,50,43,43,24,49,26,70,59,53,53,30,30,55,0],"gold":9,"neow_bonus":"HUNDRED_GOLD","is_prod":false,"is_daily":false,"chose_seed":false,"campfire_upgraded":3,"win_rate":0,"timestamp":1546572494,"path_taken":["M","$","?","?","M","R","M","R","T","R","?","?","?","E","R","BOSS","M","M","?","?","$","R","E"],"build_version":"2019-01-03","purchased_purges":3,"victory":false,"max_hp_per_floor":[75,75,75,75,75,75,75,75,85,85,85,85,85,85,85,85,85,85,85,85,85,85,85,85],"card_choices":[{"not_picked":["Go for the Eyes","Sweeping Beam"],"picked":"Heatsinks","floor":1},{"not_picked":["Steam","Sunder"],"picked":"Ball Lightning","floor":5},{"not_picked":["Sunder","Leap"],"picked":"Echo Form","floor":7},{"not_picked":["Barrage","Streamline"],"picked":"Storm","floor":11},{"not_picked":["Barrage","Coolheaded"],"picked":"Redo","floor":14},{"not_picked":["Hyperbeam","Amplify"],"picked":"Multi-Cast","floor":16},{"not_picked":["Aggregate","Leap","Rebound"],"picked":"SKIP","floor":18},{"not_picked":["Go for the Eyes","Cold Snap"],"picked":"Fusion","floor":19},{"not_picked":["Undo+1","Chaos"],"picked":"Glacier","floor":21}],"player_experience":327776,"relics_obtained":[{"floor":9,"key":"Pear"},{"floor":14,"key":"Orichalcum"}],"event_choices":[{"damage_healed":0,"gold_gain":0,"player_choice":"Box","damage_taken":0,"relics_obtained":["Emotion Chip"],"max_hp_gain":0,"max_hp_loss":0,"event_name":"Big Fish","floor":3,"gold_loss":0,"cards_obtained":["Regret"]},{"damage_healed":0,"gold_gain":0,"player_choice":"Take Wound","damage_taken":0,"relics_obtained":["Golden Idol"],"max_hp_gain":0,"max_hp_loss":0,"event_name":"Golden Idol","floor":4,"gold_loss":0,"cards_obtained":["Injury"]},{"cards_removed":["Regret"],"damage_healed":0,"gold_gain":0,"player_choice":"Card Removal","damage_taken":7,"max_hp_gain":0,"max_hp_loss":0,"event_name":"Golden Wing","floor":12,"gold_loss":0},{"damage_healed":0,"gold_gain":0,"player_choice":"2 cards matched","damage_taken":0,"max_hp_gain":0,"max_hp_loss":0,"event_name":"Match and Keep!","floor":13,"gold_loss":0,"cards_obtained":["Rainbow","Jack Of All Trades"]}],"is_beta":false,"boss_relics":[{"not_picked":["Fusion Hammer","White Beast Statue"],"picked":"Nuclear Battery"}],"items_purged_floors":[2,20,22],"is_endless":false,"potions_floor_spawned":[11,14,18,21],"killed_by":"Gremlin Leader","ascension_level":5}