{"gold_per_floor":[117,117,117,129,147,147,181,181,207,235,253,226,249,269,269,269],"floor_reached":16,"playtime":613,"items_purged":[],"score":110,"play_id":"0bb9efab-a965-412c-adaa-702d3fadcf9e","local_time":"20181125005508","is_ascension_mode":false,"campfire_choices":[{"data":"Zap","floor":6,"key":"SMITH"},{"data":"Go for the Eyes","floor":8,"key":"SMITH"},{"floor":15,"key":"REST"}],"neow_cost":"NONE","seed_source_timestamp":797347816327251,"circlet_count":0,"master_deck":["Strike_B","Strike_B","Strike_B","Defend_B","Defend_B","Defend_B","Defend_B+1","Zap+1","Dualcast+1","Gash","Gash","FTL","Go for the Eyes+1","Steam","Conserve Battery"],"relics":["Cracked Core","NeowsBlessing","War Paint","Blood Vial","Singing Bowl","Smiling Mask"],"potions_floor_usage":[16,16],"damage_taken":[{"damage":0,"enemies":"Cultist","floor":1,"turns":1},{"damage":0,"enemies":"Jaw Worm","floor":4,"turns":1},{"damage":0,"enemies":"Small Slimes","floor":5,"turns":1},{"damage":26,"enemies":"3 Sentries","floor":7,"turns":7},{"damage":13,"enemies":"Lagavulin","floor":10,"turns":8},{"damage":7,"enemies":"Blue Slaver","floor":11,"turns":2},{"damage":0,"enemies":"3 Louse","floor":14,"turns":3},{"damage":56,"enemies":"Slime Boss","floor":16,"turns":9}],"seed_played":"4357634473366143940","potions_obtained":[{"floor":3,"key":"SmokeBomb"},{"floor":3,"key":"Strength Potion"},{"floor":3,"key":"Weak Potion"}],"is_trial":false,"path_per_floor":["M","?","?","M","M","R","E","R","T","E","M","?","T","M","R","B"],"character_chosen":"DEFECT","items_purchased":[],"campfire_rested":1,"item_purchase_floors":[],"current_hp_per_floor":[75,68,68,68,68,68,42,42,42,31,26,26,26,30,53,0],"gold":269,"neow_bonus":"THREE_ENEMY_KILL","is_prod":false,"is_daily":false,"chose_seed":false,"campfire_upgraded":2,"win_rate":0,"timestamp":1543125308,"path_taken":["M","?","?","M","?","R","E","R","T","E","M","?","?","M","R","BOSS"],"build_version":"2018-11-15","purchased_purges":0,"victory":false,"max_hp_per_floor":[75,75,75,75,75,75,75,75,75,75,75,75,75,77,77,77],"card_choices":[{"not_picked":["Stack","Undo"],"picked":"Gash","floor":1},{"not_picked":["Force Field","Leap"],"picked":"Gash","floor":4},{"not_picked":["Defragment","Chaos"],"picked":"FTL","floor":5},{"not_picked":["Ball Lightning","Steam"],"picked":"Go for the Eyes","floor":7},{"not_picked":["Hologram","Redo"],"picked":"Steam","floor":10},{"not_picked":["Leap","Go for the Eyes"],"picked":"Conserve Battery","floor":11},{"not_picked":["Stack","Rebound","Skim"],"picked":"Singing Bowl","floor":14}],"player_experience":381024,"relics_obtained":[{"floor":7,"key":"War Paint"},{"floor":9,"key":"Blood Vial"},{"floor":10,"key":"Singing Bowl"},{"floor":13,"key":"Smiling Mask"}],"event_choices":[{"cards_removed":["Strike_B"],"damage_healed":0,"gold_gain":0,"player_choice":"Card Removal","damage_taken":7,"max_hp_gain":0,"max_hp_loss":0,"event_name":"Golden Wing","floor":2,"gold_loss":0},{"damage_healed":0,"gold_gain":0,"player_choice":"Got Potions","damage_taken":0,"max_hp_gain":0,"max_hp_loss":0,"event_name":"Lab","floor":3,"gold_loss":0},{"damage_healed":0,"gold_gain":0,"player_choice":"Left Gold","damage_taken":0,"max_hp_gain":0,"max_hp_loss":0,"event_name":"World of Goop","floor":12,"gold_loss":27}],"is_beta":true,"boss_relics":[],"items_purged_floors":[],"is_endless":false,"potions_floor_spawned":[4,10,14],"killed_by":"Slime Boss","ascension_level":0}