{"path_per_floor":["M","T","?","M","M","E","R","M","T","M","M","R","M","?","R","B",null,"M"],"character_chosen":"IRONCLAD","items_purchased":[],"gold_per_floor":[117,117,117,137,151,186,186,199,222,239,259,259,276,276,276,402,402,423],"floor_reached":19,"campfire_rested":0,"playtime":1341,"current_hp_per_floor":[80,80,80,80,80,64,64,70,70,67,73,73,79,59,59,39,80,39],"items_purged":[],"gold":423,"score":171,"play_id":"b0faa89b-273d-4cea-984b-d5b12241f465","is_prod":false,"is_daily":false,"is_ascension_mode":false,"campfire_upgraded":3,"path_taken":["M","?","?","M","M","E","R","M","T","?","M","R","M","?","R","BOSS","M","M"],"build_version":"2018-02-08-PROD1","purchased_purges":0,"victory":false,"master_deck":["Strike_R","Strike_R","Strike_R","Strike_R","Strike_R","Defend_R","Defend_R","Defend_R","Defend_R","Bash","Shockwave+1","Pommel Strike","Rupture","Bludgeon+1","Headbutt","Dual Wield+1","Double Tap","Thunderclap+1"],"max_hp_per_floor":[80,80,80,80,80,80,80,80,80,80,80,80,80,80,80,80,80,80],"relics":["Burning Blood","Ice Cream","Vajra","Ancient Tea Set","Golden Idol","Philosopher\u0027s Stone"],"card_choices":[{"not_picked":["Evolve","Combust"],"picked":"Shockwave"},{"not_picked":["Shrug It Off","Wild Strike"],"picked":"Pommel Strike"},{"not_picked":["Combust","Cleave"],"picked":"Rupture"},{"not_picked":["Rampage","Twin Strike"],"picked":"Bludgeon"},{"not_picked":["Armaments","Thunderclap"],"picked":"Headbutt"},{"not_picked":["Sword Boomerang","Cleave"],"picked":"Dual Wield"},{"not_picked":["Dark Embrace","Reaper"],"picked":"Double Tap"},{"not_picked":["Headbutt","Fire Breathing"],"picked":"Thunderclap"}],"player_experience":53497,"potions_floor_usage":[6,8,19],"damage_taken":[{"damage":6,"enemies":"Blue Slaver","floor":1,"turns":8},{"damage":3,"enemies":"Jaw Worm","floor":4,"turns":5},{"damage":1,"enemies":"Small Slimes","floor":5,"turns":5},{"damage":22,"enemies":"3 Sentries","floor":6,"turns":6},{"damage":0,"enemies":"Looter","floor":8,"turns":4},{"damage":9,"enemies":"Exordium Thugs","floor":10,"turns":6},{"damage":0,"enemies":"2 Fungi Beasts","floor":11,"turns":3},{"damage":0,"enemies":"Exordium Wildlife","floor":13,"turns":2},{"damage":26,"enemies":"Slime Boss","floor":16,"turns":6},{"damage":47,"enemies":"2 Thieves","floor":18,"turns":4},{"damage":45,"enemies":"3 Byrds","floor":19,"turns":2}],"event_choices":[{"event_name":"Liars Game","player_choice":"disagreed","floor":3,"damage_taken":0},{"event_name":"Golden Idol","player_choice":"Take Damage","floor":14,"damage_taken":0}],"boss_relics":[{"not_picked":["Orrery","Eternal Feather"],"picked":"Philosopher\u0027s Stone"}],"potions_floor_spawned":[1,4,6,8],"seed_played":"8930432513078227172","killed_by":"3 Byrds","ascension_level":0,"is_trial":false}