{"gold_per_floor":[116,116,132,57,73,73,108,108,108,108,108,124,150,167,167,244,244,260,279,290,301,301,301,321,321,321,321,350,167,177,209,209,283,283,296,296,310,325,42,42,142,142,142,218,236,270,66,78,78,78],"floor_reached":51,"playtime":2755,"items_purged":["Strike_G","Clumsy","Strike_G","Parasite"],"score":1501,"play_id":"f4194fc7-9e53-45a6-a269-19ea14a8097e","local_time":"20190301170207","is_ascension_mode":true,"campfire_choices":[{"data":"Noxious Fumes","floor":6,"key":"SMITH"},{"data":"Dodge and Roll","floor":8,"key":"SMITH"},{"data":"Dagger Spray","floor":10,"key":"SMITH"},{"data":"Catalyst","floor":15,"key":"SMITH"},{"data":"Well Laid Plans","floor":23,"key":"SMITH"},{"floor":25,"key":"REST"},{"data":"Footwork","floor":27,"key":"SMITH"},{"floor":32,"key":"REST"},{"data":"Catalyst","floor":40,"key":"SMITH"},{"data":"Night Terror","floor":42,"key":"SMITH"},{"floor":49,"key":"REST"}],"neow_cost":"NONE","seed_source_timestamp":289205584975200,"circlet_count":0,"master_deck":["AscendersBane","Defend_G","Defend_G","Defend_G","Defend_G","Defend_G","Strike_G+1","Strike_G","Strike_G+1","Survivor","Neutralize+1","Quick Slash","Dagger Spray+1","Noxious Fumes+1","Dodge and Roll+1","Catalyst+1","Adrenaline","Blur","Malaise","Backflip+1","Well Laid Plans+1","Catalyst+1","Footwork+1","Flechettes","Bouncing Flask","Dodge and Roll","Night Terror+1","PiercingWail+1","Backflip+1","Clumsy","Deadly Poison","PiercingWail"],"relics":["Ring of the Snake","Meat on the Bone","Letter Opener","Whetstone","Cursed Key","Shuriken","Gambling Chip","Darkstone Periapt","Runic Pyramid","Happy Flower","Turnip","Ice Cream","Frozen Egg 2","PreservedInsect"],"potions_floor_usage":[7,16,21,28,28,37,50,50],"damage_taken":[{"damage":3,"enemies":"2 Louse","floor":1,"turns":4},{"damage":2,"enemies":"Small Slimes","floor":3,"turns":5},{"damage":0,"enemies":"Cultist","floor":5,"turns":4},{"damage":7,"enemies":"Lagavulin","floor":7,"turns":9},{"damage":0,"enemies":"Gremlin Gang","floor":12,"turns":3},{"damage":30,"enemies":"Gremlin Nob","floor":13,"turns":4},{"damage":0,"enemies":"Lots of Slimes","floor":14,"turns":1},{"damage":34,"enemies":"The Guardian","floor":16,"turns":10},{"damage":7,"enemies":"Shell Parasite","floor":18,"turns":5},{"damage":13,"enemies":"3 Byrds","floor":19,"turns":3},{"damage":10,"enemies":"Sentry and Sphere","floor":20,"turns":4},{"damage":13,"enemies":"Snake Plant","floor":21,"turns":5},{"damage":9,"enemies":"3 Cultists","floor":24,"turns":5},{"damage":18,"enemies":"Gremlin Leader","floor":28,"turns":6},{"damage":7,"enemies":"Centurion and Healer","floor":30,"turns":5},{"damage":10,"enemies":"Book of Stabbing","floor":31,"turns":5},{"damage":0,"enemies":"Automaton","floor":33,"turns":10},{"damage":0,"enemies":"Orb Walker","floor":35,"turns":4},{"damage":31,"enemies":"3 Darklings","floor":37,"turns":6},{"damage":19,"enemies":"4 Shapes","floor":38,"turns":6},{"damage":0,"enemies":"Mind Bloom Boss Battle","floor":41,"turns":5},{"damage":5,"enemies":"Sphere and 2 Shapes","floor":45,"turns":5},{"damage":0,"enemies":"Nemesis","floor":46,"turns":5},{"damage":17,"enemies":"Transient","floor":48,"turns":4},{"damage":12,"enemies":"Time Eater","floor":50,"turns":6}],"seed_played":"-8599874693631924096","potions_obtained":[{"floor":3,"key":"EssenceOfSteel"},{"floor":14,"key":"LiquidBronze"},{"floor":16,"key":"Weak Potion"},{"floor":18,"key":"GamblersBrew"},{"floor":20,"key":"EssenceOfSteel"},{"floor":28,"key":"AttackPotion"},{"floor":35,"key":"Ancient Potion"}],"is_trial":false,"path_per_floor":["M","?","M","$","M","R","E","R","T","R","?","M","E","M","R","B",null,"M","M","M","M","?","R","M","R","T","R","E","$","M","E","R","B",null,"M","?","M","M","$","R","?","R","T","T","M","E","$","M","R","B",null],"character_chosen":"THE_SILENT","items_purchased":["Bouncing Flask","Happy Flower","SpeedPotion"],"campfire_rested":3,"item_purchase_floors":[29,39,47],"current_hp_per_floor":[62,62,60,60,60,60,53,53,53,53,53,53,35,47,47,25,60,53,40,42,41,27,27,30,51,51,51,45,45,38,40,61,61,69,69,69,38,31,31,31,43,43,49,55,50,50,50,45,69,57],"gold":78,"neow_bonus":"TEN_PERCENT_HP_BONUS","is_prod":false,"is_daily":false,"chose_seed":false,"campfire_upgraded":8,"win_rate":0,"timestamp":1551456127,"path_taken":["M","?","M","$","M","R","E","R","T","R","?","M","E","?","R","BOSS","M","?","M","?","?","R","M","R","T","R","E","?","?","E","R","BOSS","M","?","M","M","$","R","?","R","T","?","M","E","$","?","R","BOSS"],"build_version":"2019-01-23","purchased_purges":4,"victory":true,"max_hp_per_floor":[72,72,72,72,72,72,72,72,72,72,72,72,72,72,72,72,72,72,72,72,72,72,72,72,72,72,72,72,72,72,72,72,72,72,72,72,72,72,72,72,72,72,78,84,84,84,81,81,81,81],"card_choices":[{"not_picked":["Deadly Poison","Dodge and Roll"],"picked":"Quick Slash","floor":1},{"not_picked":["All Out Attack","Bane"],"picked":"Dagger Spray","floor":3},{"not_picked":["Blur","Outmaneuver"],"picked":"Noxious Fumes","floor":5},{"not_picked":["Distraction","Dagger Spray"],"picked":"Dodge and Roll","floor":7},{"not_picked":["Outmaneuver","Masterful Stab"],"picked":"Catalyst","floor":12},{"not_picked":["Dagger Throw","Calculated Gamble"],"picked":"Adrenaline","floor":13},{"not_picked":["Cloak And Dagger","Terror"],"picked":"Blur","floor":14},{"not_picked":["Doppelganger","Venomology"],"picked":"Malaise","floor":16},{"not_picked":["Bane+1","Endless Agony"],"picked":"Backflip+1","floor":18},{"not_picked":["Underhanded Strike","Backflip+1"],"picked":"Well Laid Plans","floor":19},{"not_picked":["Dagger Throw","Choke","Outmaneuver"],"picked":"SKIP","floor":20},{"not_picked":["Poisoned Stab","Underhanded Strike"],"picked":"Catalyst","floor":21},{"not_picked":["Dodge and Roll","Deflect+1"],"picked":"Footwork","floor":24},{"not_picked":["Tactician","Cloak And Dagger"],"picked":"Flechettes","floor":28},{"not_picked":["Flying Knee","Prepared","Blade Dance"],"picked":"SKIP","floor":30},{"not_picked":["Bane+1","Malaise"],"picked":"Dodge and Roll","floor":31},{"not_picked":["A Thousand Cuts","Grand Finale"],"picked":"Night Terror","floor":33},{"not_picked":["Acrobatics+1","Predator"],"picked":"PiercingWail+1","floor":35},{"not_picked":["Blade Dance","Crippling Poison+1"],"picked":"Backflip+1","floor":37},{"not_picked":["Infinite Blades","Poisoned Stab+1","Flying Knee+1"],"picked":"SKIP","floor":38},{"not_picked":["Bane","Venomology"],"picked":"Deadly Poison","floor":45},{"not_picked":["Envenom+1","Tactician","Dagger Throw"],"picked":"SKIP","floor":46},{"not_picked":["Dagger Spray","Slice+1"],"picked":"PiercingWail","floor":48}],"player_experience":528260,"relics_obtained":[{"floor":7,"key":"Meat on the Bone"},{"floor":9,"key":"Letter Opener"},{"floor":13,"key":"Whetstone"},{"floor":26,"key":"Shuriken"},{"floor":28,"key":"Gambling Chip"},{"floor":31,"key":"Darkstone Periapt"},{"floor":41,"key":"Turnip"},{"floor":43,"key":"Ice Cream"},{"floor":44,"key":"Frozen Egg 2"},{"floor":46,"key":"PreservedInsect"}],"event_choices":[{"damage_healed":0,"gold_gain":0,"player_choice":"Grow","damage_taken":0,"max_hp_gain":0,"max_hp_loss":0,"event_name":"Living Wall","floor":2,"gold_loss":0,"cards_upgraded":["Neutralize"]},{"damage_healed":0,"gold_gain":0,"player_choice":"0 cards matched","damage_taken":0,"max_hp_gain":0,"max_hp_loss":0,"event_name":"Match and Keep!","floor":11,"gold_loss":0,"cards_obtained":[]},{"damage_healed":0,"gold_gain":0,"player_choice":"POTION ","damage_taken":14,"max_hp_gain":0,"max_hp_loss":0,"event_name":"Knowing Skull","floor":22,"potions_obtained":["GamblersBrew"],"gold_loss":0,"cards_obtained":[]},{"damage_healed":0,"gold_gain":0,"player_choice":"Ignored","damage_taken":0,"max_hp_gain":0,"max_hp_loss":0,"event_name":"Tomb of Lord Red Mask","floor":36,"gold_loss":0},{"damage_healed":0,"gold_gain":0,"player_choice":"Fight","damage_taken":0,"max_hp_gain":0,"max_hp_loss":0,"event_name":"MindBloom","floor":41,"gold_loss":0}],"is_beta":false,"boss_relics":[{"not_picked":["Philosopher\u0027s Stone","Lizard Tail"],"picked":"Cursed Key"},{"not_picked":["Tiny House","WristBlade"],"picked":"Runic Pyramid"}],"items_purged_floors":[4,29,39,47],"is_endless":false,"potions_floor_spawned":[3,14,16,18,20,28,35,48],"ascension_level":18}