{"gold_per_floor":[115,190,203,58,76,104,118,118,118,128,128,155,155,171,171,272,272,285,300,300],"floor_reached":20,"playtime":1439,"items_purged":[],"score":186,"play_id":"f981f6cb-d19e-45cc-8e38-c8feb386214f","local_time":"20190211222558","is_ascension_mode":false,"campfire_choices":[{"floor":8.0,"key":"REST"},{"floor":11.0,"key":"REST"},{"data":"Chaos","floor":13.0,"key":"SMITH"},{"data":"Chaos","floor":15.0,"key":"SMITH"}],"neow_cost":"NONE","seed_source_timestamp":0,"circlet_count":0,"master_deck":["Strike_B","Strike_B","Strike_B","Defend_B","Defend_B","Defend_B","Defend_B","Zap","Dualcast","Sunder","Conserve Battery","Reinforced Body","Double Energy","Reinforced Body","Chaos+1","Streamline","Chaos+1","Thunder Strike","Steam+1","Compile Driver"],"special_seed":0,"relics":["Cracked Core","Lantern","DataDisk","Matryoshka","Letter Opener","Inserter"],"potions_floor_usage":[18,18,18],"damage_taken":[{"damage":1.0,"enemies":"Jaw Worm","floor":1.0,"turns":3.0},{"damage":0.0,"enemies":"Small Slimes","floor":3.0,"turns":3.0},{"damage":0.0,"enemies":"2 Louse","floor":5.0,"turns":2.0},{"damage":30.0,"enemies":"Lagavulin","floor":6.0,"turns":6.0},{"damage":3.0,"enemies":"Looter","floor":7.0,"turns":2.0},{"damage":4.0,"enemies":"Large Slime","floor":10.0,"turns":7.0},{"damage":4.0,"enemies":"3 Sentries","floor":12.0,"turns":9.0},{"damage":0.0,"enemies":"2 Fungi Beasts","floor":14.0,"turns":3.0},{"damage":6.0,"enemies":"Slime Boss","floor":16.0,"turns":10.0},{"damage":13,"enemies":"2 Thieves","floor":18,"turns":4},{"damage":24,"enemies":"3 Byrds","floor":19,"turns":4},{"damage":44,"enemies":"Masked Bandits","floor":20,"turns":3}],"seed_played":"6593619113809918966","potions_obtained":[{"floor":1.0,"key":"Poison Potion"},{"floor":5.0,"key":"PowerPotion"},{"floor":10.0,"key":"Energy Potion"},{"floor":12.0,"key":"SkillPotion"},{"floor":16.0,"key":"PowerPotion"},{"floor":19,"key":"SmokeBomb"}],"is_trial":false,"path_per_floor":["M","?","M","$","M","E","M","R","T","M","R","E","R","M","R","B",null,"M","M","?"],"character_chosen":"DEFECT","items_purchased":["Lantern"],"campfire_rested":2,"item_purchase_floors":[4],"current_hp_per_floor":[74,63,63,63,63,33,30,52,52,48,70,66,66,66,66,60,75,62,38,0],"gold":300,"neow_bonus":"TRANSFORM_CARD","is_prod":false,"is_daily":false,"chose_seed":false,"campfire_upgraded":2,"win_rate":0.0,"timestamp":1549945558,"path_taken":["M","?","M","$","M","E","M","R","T","M","R","E","R","M","R","BOSS","M","M","?"],"build_version":"2019-01-23","purchased_purges":0,"victory":false,"max_hp_per_floor":[75,75,75,75,75,75,75,75,75,75,75,75,75,75,75,75,75,75,75,75],"card_choices":[{"not_picked":["Compile Driver","Steam"],"picked":"Conserve Battery","floor":1.0},{"not_picked":["Aggregate","Sweeping Beam"],"picked":"Reinforced Body","floor":3.0},{"not_picked":["Coolheaded","Conserve Battery"],"picked":"Double Energy","floor":5.0},{"not_picked":["Beam Cell","Go for the Eyes"],"picked":"Reinforced Body","floor":6.0},{"not_picked":["Steam Power","Steam"],"picked":"Chaos","floor":7.0},{"not_picked":["Storm","Glacier"],"picked":"Streamline","floor":10.0},{"not_picked":["Gash","Amplify"],"picked":"Chaos","floor":12.0},{"not_picked":["Stack","Beam Cell","Conserve Battery"],"picked":"SKIP","floor":14.0},{"not_picked":["Seek","Creative AI"],"picked":"Thunder Strike","floor":16.0},{"not_picked":["Cold Snap","Rebound"],"picked":"Steam+1","floor":18},{"not_picked":["Hologram+1","Turbo"],"picked":"Compile Driver","floor":19}],"player_experience":65863,"relics_obtained":[{"floor":6.0,"key":"DataDisk"},{"floor":9.0,"key":"Matryoshka"},{"floor":12.0,"key":"Letter Opener"}],"event_choices":[{"damage_healed":0.0,"max_hp_gain":0.0,"max_hp_loss":0.0,"gold_gain":75.0,"event_name":"World of Goop","player_choice":"Gather Gold","floor":2.0,"gold_loss":0.0,"damage_taken":11.0},{"damage_healed":0,"gold_gain":0,"player_choice":"Fought Bandits","damage_taken":0,"max_hp_gain":0,"max_hp_loss":0,"event_name":"Masked Bandits","floor":20,"gold_loss":0}],"is_beta":false,"boss_relics":[{"not_picked":["Nuclear Battery","Coffee Dripper"],"picked":"Inserter"}],"items_purged_floors":[],"is_endless":false,"potions_floor_spawned":[1,5,10,12,16,19],"killed_by":"Masked Bandits","ascension_level":0}