{"gold_per_floor":[115,129,129,149,149,149,178,192,192,219,219,219,208,219,219,219],"floor_reached":16,"playtime":762,"items_purged":[],"score":118,"play_id":"a48b346e-31cb-4833-b018-54b681345ab8","local_time":"20190215121102","is_ascension_mode":true,"campfire_choices":[{"data":"Backflip","floor":6,"key":"SMITH"},{"floor":12,"key":"REST"},{"floor":15,"key":"REST"}],"neow_cost":"NONE","seed_source_timestamp":161371899160,"circlet_count":0,"master_deck":["Defend_G","Defend_G","Defend_G","Defend_G","Defend_G","Strike_G","Strike_G","Strike_G","Strike_G","Strike_G","Survivor","Neutralize","Backflip+1","Dagger Spray","Distraction","Cloak And Dagger","PiercingWail"],"relics":["Ring of the Snake","Bronze Scales","Kunai","Tough Bandages","Shovel"],"potions_floor_usage":[7],"damage_taken":[{"damage":0,"enemies":"Jaw Worm","floor":1,"turns":5},{"damage":0,"enemies":"Cultist","floor":2,"turns":3},{"damage":0,"enemies":"Small Slimes","floor":4,"turns":4},{"damage":32,"enemies":"Gremlin Nob","floor":7,"turns":6},{"damage":0,"enemies":"Blue Slaver","floor":8,"turns":4},{"damage":23,"enemies":"Lagavulin","floor":10,"turns":10},{"damage":0,"enemies":"Exordium Thugs","floor":13,"turns":4},{"damage":3,"enemies":"Lots of Slimes","floor":14,"turns":2},{"damage":56,"enemies":"Slime Boss","floor":16,"turns":14}],"seed_played":"-7565338568293533880","potions_obtained":[{"floor":1,"key":"SpeedPotion"},{"floor":2,"key":"Fire Potion"},{"floor":14,"key":"Strength Potion"}],"is_trial":false,"path_per_floor":["M","M","?","M","$","R","E","M","T","E","?","R","M","M","R","B"],"character_chosen":"THE_SILENT","items_purchased":[],"campfire_rested":2,"item_purchase_floors":[],"current_hp_per_floor":[70,70,70,70,70,70,38,38,38,15,8,29,29,26,47,0],"gold":219,"neow_bonus":"RANDOM_COMMON_RELIC","is_prod":false,"is_daily":false,"chose_seed":false,"campfire_upgraded":1,"win_rate":0,"timestamp":1550254262,"path_taken":["M","M","?","M","$","R","E","?","T","E","?","R","M","M","R","BOSS"],"build_version":"2019-01-23","purchased_purges":0,"victory":false,"max_hp_per_floor":[70,70,70,70,70,70,70,70,70,70,70,70,70,70,70,70],"card_choices":[{"not_picked":["Well Laid Plans","Blade Dance"],"picked":"Masterful Stab","floor":1},{"not_picked":["PiercingWail","Acrobatics"],"picked":"Backflip","floor":2},{"not_picked":["PiercingWail","Heel Hook","Backflip"],"picked":"SKIP","floor":4},{"not_picked":["Blade Dance","Sucker Punch"],"picked":"Dagger Spray","floor":7},{"not_picked":["Deadly Poison","Dagger Throw"],"picked":"Skewer","floor":8},{"not_picked":["Setup","Dagger Spray"],"picked":"Distraction","floor":10},{"not_picked":["Underhanded Strike","Escape Plan"],"picked":"Cloak And Dagger","floor":13},{"not_picked":["Prepared","Dagger Spray"],"picked":"PiercingWail","floor":14}],"player_experience":127355,"relics_obtained":[{"floor":7,"key":"Kunai"},{"floor":9,"key":"Tough Bandages"},{"floor":10,"key":"Shovel"}],"event_choices":[{"cards_removed":["Masterful Stab"],"damage_healed":0,"gold_gain":0,"player_choice":"Offered Uncommon","damage_taken":0,"max_hp_gain":0,"max_hp_loss":0,"event_name":"Bonfire Elementals","floor":3,"gold_loss":0},{"cards_removed":["Skewer"],"damage_healed":0,"gold_gain":0,"player_choice":"Card Removal","damage_taken":7,"max_hp_gain":0,"max_hp_loss":0,"event_name":"Golden Wing","floor":11,"gold_loss":0}],"is_beta":false,"boss_relics":[],"items_purged_floors":[],"is_endless":false,"potions_floor_spawned":[1,2,14],"killed_by":"Slime Boss","ascension_level":1}