{"gold_per_floor":[113,113,132,19,34,34,59,59,84,84,99,174,174,18,18,116,116,126,141,158,177,52,52,81,81,81,96,96,121,121,141,141,240,240,260,279,327,347,347,347,347,347,347,360,360,19,19,35,35,35,35,35,35,64,64],"floor_reached":55,"playtime":2747,"items_purged":["Defend_B","Strike_B","Defend_B"],"score":705,"play_id":"1809df92-7e46-4e03-ae8b-4f527de60f59","local_time":"20190108005039","is_ascension_mode":false,"campfire_choices":[{"data":"Loop","floor":6.0,"key":"SMITH"},{"data":"Biased Cognition","floor":8.0,"key":"SMITH"},{"data":"Barrage","floor":13.0,"key":"SMITH"},{"floor":15.0,"key":"RECALL"},{"data":"Defragment","floor":23.0,"key":"SMITH"},{"data":"Capacitor","floor":25.0,"key":"SMITH"},{"data":"Consume","floor":28.0,"key":"SMITH"},{"floor":32.0,"key":"REST"},{"data":"Leap","floor":40.0,"key":"SMITH"},{"data":"Electrodynamics","floor":41.0,"key":"SMITH"},{"data":"Dualcast","floor":42.0,"key":"SMITH"},{"data":"Chill","floor":45.0,"key":"SMITH"},{"data":"Panacea","floor":47.0,"key":"SMITH"},{"data":"Thinking Ahead","floor":49.0,"key":"SMITH"},{"floor":52.0,"key":"REST"}],"neow_cost":"TEN_PERCENT_HP_LOSS","seed_source_timestamp":302365596561248,"circlet_count":0,"master_deck":["Defend_B+1","Zap+1","Dualcast+1","Conserve Battery+1","Chill+1","Loop+1","Barrage+1","Biased Cognition+1","Buffer+1","Consume+1","Cold Snap+1","Leap+1","Capacitor+1","Defragment+1","Cold Snap+1","Electrodynamics+1","Panacea+1","Thinking Ahead+1"],"special_seed":0,"relics":["Cracked Core","Smiling Mask","War Paint","Pantograph","Bag of Preparation","Empty Cage","Mango","Regal Pillow","Bird Faced Urn","Busted Crown","WingedGreaves","Pear"],"potions_floor_usage":[55,55],"damage_taken":[{"damage":0.0,"enemies":"Small Slimes","floor":1.0,"turns":3.0},{"damage":0.0,"enemies":"Cultist","floor":3.0,"turns":3.0},{"damage":4.0,"enemies":"Jaw Worm","floor":5.0,"turns":3.0},{"damage":13.0,"enemies":"Lagavulin","floor":7.0,"turns":8.0},{"damage":0.0,"enemies":"Blue Slaver","floor":11.0,"turns":3.0},{"damage":6.0,"enemies":"The Guardian","floor":16.0,"turns":10.0},{"damage":0.0,"enemies":"2 Thieves","floor":18.0,"turns":4.0},{"damage":0.0,"enemies":"Spheric Guardian","floor":19.0,"turns":4.0},{"damage":0.0,"enemies":"Centurion and Healer","floor":20.0,"turns":7.0},{"damage":0.0,"enemies":"Cultist and Chosen","floor":21.0,"turns":7.0},{"damage":12.0,"enemies":"Gremlin Leader","floor":24.0,"turns":10.0},{"damage":4.0,"enemies":"Snecko","floor":27.0,"turns":7.0},{"damage":28.0,"enemies":"Slavers","floor":29.0,"turns":8.0},{"damage":0.0,"enemies":"3 Cultists","floor":31.0,"turns":5.0},{"damage":11.0,"enemies":"Automaton","floor":33.0,"turns":11.0},{"damage":0.0,"enemies":"3 Shapes","floor":35.0,"turns":5.0},{"damage":0.0,"enemies":"3 Darklings","floor":36.0,"turns":4.0},{"damage":12.0,"enemies":"2 Orb Walkers","floor":37.0,"turns":7.0},{"damage":0.0,"enemies":"Spire Growth","floor":38.0,"turns":4.0},{"damage":1.0,"enemies":"Maw","floor":44.0,"turns":6.0},{"damage":0.0,"enemies":"Jaw Worm Horde","floor":48.0,"turns":4.0},{"damage":0.0,"enemies":"Donu and Deca","floor":50.0,"turns":9.0},{"damage":21.0,"enemies":"Shield and Spear","floor":54.0,"turns":6.0},{"damage":98,"enemies":"The Heart","floor":55,"turns":11}],"seed_played":"8984180256323210587","potions_obtained":[{"floor":3.0,"key":"Poison Potion"},{"floor":5.0,"key":"FearPotion"},{"floor":7.0,"key":"Weak Potion"},{"floor":18.0,"key":"FocusPotion"},{"floor":20.0,"key":"FocusPotion"},{"floor":21.0,"key":"Fire Potion"},{"floor":29.0,"key":"GamblersBrew"},{"floor":38.0,"key":"GamblersBrew"}],"is_trial":false,"path_per_floor":["M","?","M","$","M","R","E","R","T","T","M","?","R","$","R","B",null,"M","M","M","M","$","R","E","R","T","M","R","E","?","M","R","B",null,"M","M","?","M","?","R","R","R","T","M","R","$","R","M","R","B",null,"R","$","E","B"],"character_chosen":"DEFECT","items_purchased":["Loop","Bag of Preparation","Defragment","Panacea","Thinking Ahead"],"campfire_rested":2,"item_purchase_floors":[4,14,22,46,46],"current_hp_per_floor":[68,68,68,68,64,64,51,51,51,51,51,45,45,45,45,62,68,68,68,68,68,68,68,70,70,70,66,66,38,38,46,82,75,82,82,82,76,82,78,78,78,78,78,78,78,78,78,78,78,78,78,78,78,71,0],"gold":64,"neow_bonus":"REMOVE_TWO","is_prod":false,"is_daily":false,"chose_seed":false,"campfire_upgraded":12,"win_rate":0,"timestamp":1546926639,"path_taken":["M","?","M","?","M","R","E","R","T","?","?","?","R","$","R","BOSS","M","M","M","M","?","R","E","R","T","M","R","E","?","M","R","BOSS","M","?","?","M","?","R","R","R","T","M","R","$","R","M","R","BOSS","R","$","E","BOSS"],"build_version":"2019-01-03v4","purchased_purges":3,"victory":false,"max_hp_per_floor":[68,68,68,68,68,68,68,68,68,68,68,68,68,68,68,68,68,68,68,68,68,68,68,82,82,82,82,82,82,82,82,82,82,82,82,82,82,82,78,78,78,78,78,78,78,78,78,78,78,78,78,78,78,88,88],"card_choices":[{"not_picked":["Tempest","Aggregate"],"picked":"Conserve Battery","floor":1.0},{"not_picked":["Gash","Doom and Gloom"],"picked":"Chill","floor":3.0},{"not_picked":["Melter","Redo"],"picked":"Barrage","floor":5.0},{"not_picked":["Compile Driver","Stack"],"picked":"Biased Cognition","floor":7.0},{"not_picked":["Gash","Conserve Battery","Rip and Tear"],"picked":"SKIP","floor":11.0},{"not_picked":["Multi-Cast","Biased Cognition"],"picked":"Buffer","floor":16.0},{"not_picked":["Hello World+1","Turbo"],"picked":"Consume","floor":18.0},{"not_picked":["Fusion","Self Repair"],"picked":"Cold Snap+1","floor":19.0},{"not_picked":["Conserve Battery","Sweeping Beam"],"picked":"Leap","floor":20.0},{"not_picked":["Static Discharge+1","Scrape"],"picked":"Capacitor","floor":21.0},{"not_picked":["Steam Power","Leap","Biased Cognition"],"picked":"SKIP","floor":24.0},{"not_picked":["Rebound+1","Hello World+1"],"picked":"Cold Snap+1","floor":27.0},{"not_picked":["Sweeping Beam","Steam","Ball Lightning+1"],"picked":"SKIP","floor":29.0},{"not_picked":["Doom and Gloom","Stack","Ball Lightning"],"picked":"SKIP","floor":31.0},{"not_picked":["Reboot","Biased Cognition"],"picked":"Electrodynamics","floor":33.0},{"not_picked":["Static Discharge+1"],"picked":"SKIP","floor":35.0},{"not_picked":["Gash+1"],"picked":"SKIP","floor":36.0},{"not_picked":["Turbo+1"],"picked":"SKIP","floor":38.0},{"not_picked":["Chill"],"picked":"SKIP","floor":44.0},{"not_picked":["Stack+1"],"picked":"SKIP","floor":48.0},{"not_picked":["Ball Lightning+1"],"picked":"SKIP","floor":54.0}],"player_experience":473196,"relics_obtained":[{"floor":7.0,"key":"Smiling Mask"},{"floor":9.0,"key":"War Paint"},{"floor":10.0,"key":"Pantograph"},{"floor":24.0,"key":"Mango"},{"floor":26.0,"key":"Regal Pillow"},{"floor":29.0,"key":"Bird Faced Urn"},{"floor":37.0,"key":"WingedGreaves"},{"floor":54.0,"key":"Pear"}],"event_choices":[{"damage_healed":0.0,"max_hp_gain":0.0,"max_hp_loss":0.0,"gold_gain":0.0,"event_name":"Upgrade Shrine","player_choice":"Upgraded","floor":2.0,"gold_loss":0.0,"damage_taken":0.0,"cards_upgraded":["Zap"]},{"damage_healed":0.0,"max_hp_gain":0.0,"max_hp_loss":0.0,"gold_gain":75.0,"event_name":"FaceTrader","player_choice":"Touch","floor":12.0,"gold_loss":0.0,"damage_taken":6.0},{"damage_healed":0.0,"max_hp_gain":0.0,"max_hp_loss":0.0,"gold_gain":0.0,"event_name":"Upgrade Shrine","player_choice":"Upgraded","floor":30.0,"gold_loss":0.0,"damage_taken":0.0,"cards_upgraded":["Buffer"]},{"damage_healed":0.0,"max_hp_gain":0.0,"max_hp_loss":0.0,"gold_gain":0.0,"event_name":"Mysterious Sphere","player_choice":"Fight","floor":37.0,"gold_loss":0.0,"damage_taken":0.0},{"damage_healed":0.0,"max_hp_gain":0.0,"max_hp_loss":4.0,"gold_gain":0.0,"event_name":"Winding Halls","player_choice":"Max HP","floor":39.0,"gold_loss":0.0,"damage_taken":0.0}],"is_beta":true,"boss_relics":[{"not_picked":["Philosopher\u0027s Stone","Fusion Hammer"],"picked":"Empty Cage"},{"not_picked":["Black Star","Eternal Feather"],"picked":"Busted Crown"}],"items_purged_floors":[4,22,46],"is_endless":false,"potions_floor_spawned":[3,5,7,18,20,21,29,35,36,38],"killed_by":"The Heart","ascension_level":0}