{"path_per_floor":["M","M","M","M","M","E","R","M","T","?","M"],"character_chosen":"DEFECT","items_purchased":[],"gold_per_floor":[112,124,138,158,176,210,210,230,230,302,318,273],"floor_reached":12,"campfire_rested":1,"playtime":448,"item_purchase_floors":[],"current_hp_per_floor":[75,68,68,56,38,17,39,22,22,22,14,0],"items_purged":[],"gold":273,"score":92,"play_id":"985e6018-7b46-4b15-9333-2cc34c26c69b","local_time":"20180621230921","is_prod":false,"is_daily":false,"chose_seed":false,"is_ascension_mode":true,"campfire_upgraded":0,"win_rate":0,"timestamp":1529615361,"campfire_choices":[{"floor":7,"key":"REST"}],"path_taken":["M","M","M","M","M","E","R","M","T","?","M","?"],"build_version":"2018-06-14v2","seed_source_timestamp":34473324045798,"purchased_purges":0,"victory":false,"master_deck":["Strike_B","Strike_B","Strike_B","Strike_B","Defend_B","Defend_B","Defend_B","Defend_B","Zap+1","Dualcast","Defragment","Heatsinks","Streamline","Storm","Force Field","Amplify"],"max_hp_per_floor":[75,75,75,75,75,75,75,75,75,75,75,75],"relics":["Cracked Core","Happy Flower","Smiling Mask"],"card_choices":[{"not_picked":["Stack","Force Field"],"picked":"Defragment","floor":1},{"not_picked":["Go for the Eyes","Conserve Battery"],"picked":"Heatsinks","floor":2},{"not_picked":["Go for the Eyes","Doom and Gloom"],"picked":"Streamline","floor":3},{"not_picked":["Blizzard","Beam Cell"],"picked":"Storm","floor":4},{"not_picked":["Glacier","Compile Driver"],"picked":"Force Field","floor":5},{"not_picked":["Consume","Gash"],"picked":"Amplify","floor":6},{"not_picked":["Coolheaded","Ball Lightning","Compile Driver"],"picked":"SKIP","floor":8},{"not_picked":["Steam","Streamline","Doom and Gloom"],"picked":"SKIP","floor":11}],"player_experience":377575,"potions_floor_usage":[4],"damage_taken":[{"damage":0,"enemies":"2 Louse","floor":1,"turns":3},{"damage":7,"enemies":"Jaw Worm","floor":2,"turns":3},{"damage":0,"enemies":"Cultist","floor":3,"turns":4},{"damage":12,"enemies":"2 Fungi Beasts","floor":4,"turns":4},{"damage":18,"enemies":"Exordium Thugs","floor":5,"turns":4},{"damage":21,"enemies":"Lagavulin","floor":6,"turns":7},{"damage":17,"enemies":"Large Slime","floor":8,"turns":6},{"damage":8,"enemies":"Blue Slaver","floor":11,"turns":3},{"damage":20,"enemies":"Looter","floor":12,"turns":3}],"relics_obtained":[{"floor":6,"key":"Happy Flower"},{"floor":9,"key":"Smiling Mask"}],"event_choices":[{"event_name":"Golden Wing","player_choice":"Gained Gold","floor":10,"damage_taken":0}],"boss_relics":[],"items_purged_floors":[],"is_endless":false,"potions_floor_spawned":[1,3,6],"seed_played":"6080311492269914882","killed_by":"Looter","ascension_level":2,"potions_obtained":[{"floor":1,"key":"SteroidPotion"},{"floor":3,"key":"SkillPotion"},{"floor":6,"key":"Strength Potion"}],"is_trial":false}