{"path_per_floor":["M","?","?","?","?","R","E","R","T","E","R","M","$","M","R"],"character_chosen":"IRONCLAD","items_purchased":["Bottled Flame"],"gold_per_floor":[118,118,193,193,193,193,220,220,220,246,246,265,6,22,22,22],"floor_reached":16,"campfire_rested":0,"playtime":599,"item_purchase_floors":[13],"current_hp_per_floor":[80,73,62,46,46,46,25,25,25,9,9,14,14,20,20,0],"items_purged":[],"gold":22,"score":106,"play_id":"5fde8342-30da-4e97-a790-58f84bc35e30","local_time":"20180525160543","is_prod":false,"is_daily":false,"chose_seed":false,"is_ascension_mode":false,"campfire_upgraded":4,"win_rate":0,"timestamp":1527257143,"campfire_choices":[{"data":"Wild Strike","floor":6,"key":"SMITH"},{"data":"Power Through","floor":8,"key":"SMITH"},{"data":"Fire Breathing","floor":11,"key":"SMITH"},{"data":"Iron Wave","floor":15,"key":"SMITH"}],"path_taken":["M","?","?","?","?","R","E","R","T","E","R","M","$","M","R","BOSS"],"build_version":"2018-05-24","seed_source_timestamp":262303661772834,"purchased_purges":0,"victory":false,"master_deck":["Strike_R","Strike_R","Strike_R","Defend_R","Defend_R","Defend_R+1","Defend_R+1","Bash","Wild Strike+1","Power Through+1","Fire Breathing+1","Berserk","Iron Wave+1"],"max_hp_per_floor":[80,80,80,80,80,80,80,80,80,80,80,80,80,80,80,80],"relics":["Burning Blood","Dodecahedron","Lantern","Bag of Marbles","Bottled Flame"],"card_choices":[{"not_picked":["Rage","Perfected Strike"],"picked":"Wild Strike","floor":1},{"not_picked":["Pummel","Infernal Blade"],"picked":"Power Through","floor":7},{"not_picked":["Armaments","Second Wind"],"picked":"Fire Breathing","floor":10},{"not_picked":["Uppercut","True Grit"],"picked":"Berserk","floor":12},{"not_picked":["Anger","Armaments"],"picked":"Iron Wave","floor":14}],"player_experience":267417,"potions_floor_usage":[16],"damage_taken":[{"damage":0,"enemies":"2 Louse","floor":1,"turns":3},{"damage":27,"enemies":"Lagavulin","floor":7,"turns":7},{"damage":22,"enemies":"3 Sentries","floor":10,"turns":15},{"damage":1,"enemies":"Jaw Worm","floor":12,"turns":4},{"damage":0,"enemies":"Cultist","floor":14,"turns":2},{"damage":28,"enemies":"Slime Boss","floor":16,"turns":7}],"relics_obtained":[{"floor":7,"key":"Dodecahedron"},{"floor":9,"key":"Lantern"},{"floor":10,"key":"Bag of Marbles"}],"event_choices":[{"event_name":"Golden Wing","player_choice":"Card Removal","floor":2,"damage_taken":0},{"event_name":"World of Goop","player_choice":"Gather Gold","floor":3,"damage_taken":0},{"event_name":"Shining Light","player_choice":"Entered Light","floor":4,"damage_taken":0},{"event_name":"Living Wall","player_choice":"Forget","floor":5,"damage_taken":0}],"boss_relics":[],"items_purged_floors":[],"potions_floor_spawned":[7],"seed_played":"-5481757672737666344","killed_by":"Slime Boss","ascension_level":0,"potions_obtained":[{"floor":7,"key":"Dexterity Potion"}],"is_trial":false}