{"path_per_floor":["M","M","?","M","?","M","M","E","T","M","M","R","?","E","R"],"character_chosen":"IRONCLAD","items_purchased":[],"gold_per_floor":[115,131,81,93,93,108,119,144,223,238,258,258,258,288,288],"floor_reached":16,"campfire_rested":1,"playtime":2129,"current_hp_per_floor":[74,74,74,68,68,62,43,11,11,9,13,37,37,20,20],"items_purged":[],"gold":288,"score":114,"play_id":"d9092212-f5da-440c-980b-d12d9710457f","is_prod":false,"is_daily":false,"is_ascension_mode":false,"campfire_upgraded":1,"path_taken":["M","M","?","M","?","M","M","E","T","M","M","R","?","E","R","BOSS"],"build_version":"2018-02-08-PROD1","purchased_purges":0,"victory":false,"master_deck":["Strike_R","Strike_R","Strike_R","Defend_R","Defend_R","Defend_R","Defend_R","Bash","Hemokinesis","Rupture","Iron Wave","Decay","Shrug It Off","Sword Boomerang","Double Tap+1","Iron Wave","Sword Boomerang","Rupture","Bludgeon"],"max_hp_per_floor":[80,80,80,80,80,80,80,80,80,80,80,80,80,80,80],"relics":["Burning Blood","Happy Flower","Bottled Flame","Darkstone Periapt"],"card_choices":[{"not_picked":["Shrug It Off","Disarm"],"picked":"Hemokinesis"},{"not_picked":["Cleave","Thunderclap"],"picked":"Rupture"},{"not_picked":["Pummel","Armaments"],"picked":"Iron Wave"},{"not_picked":["Headbutt","Warcry"],"picked":"Shrug It Off"},{"not_picked":["Flex","Pummel"],"picked":"Sword Boomerang"},{"not_picked":["Clash","Fire Breathing"],"picked":"Double Tap"},{"not_picked":["Warcry","Perfected Strike"],"picked":"Iron Wave"},{"not_picked":["Flex","Perfected Strike"],"picked":"Sword Boomerang"},{"not_picked":["Reckless Charge","Armaments"],"picked":"Bludgeon"}],"player_experience":0,"potions_floor_usage":[10,11,11,14,14],"damage_taken":[{"damage":12,"enemies":"Jaw Worm","floor":1,"turns":4},{"damage":6,"enemies":"Small Slimes","floor":2,"turns":3},{"damage":12,"enemies":"Cultist","floor":4,"turns":4},{"damage":12,"enemies":"Large Slime","floor":6,"turns":7},{"damage":25,"enemies":"Gremlin Gang","floor":7,"turns":7},{"damage":38,"enemies":"3 Sentries","floor":8,"turns":10},{"damage":8,"enemies":"2 Fungi Beasts","floor":10,"turns":3},{"damage":2,"enemies":"3 Louse","floor":11,"turns":4},{"damage":23,"enemies":"Gremlin Nob","floor":14,"turns":5},{"damage":21,"enemies":"The Guardian","floor":16,"turns":4}],"event_choices":[{"event_name":"The Cleric","player_choice":"Card Removal","floor":3,"damage_taken":0},{"event_name":"Wheel of Change","player_choice":"Curse","floor":5,"damage_taken":0},{"event_name":"Transmorgrifier","player_choice":"Transform","floor":13,"damage_taken":0}],"boss_relics":[],"potions_floor_spawned":[2,4,6,10,11],"seed_played":"-4639145483147404720","killed_by":"The Guardian","ascension_level":0,"is_trial":false}