{"gold_per_floor":[109,109,109,122,139,165,165,193,193,193,40,51,69,86,86,186,186,205,130,80,100,200,200,230,242,242,242,242,242,255,275,275,372,372,383,30,385,399,399,430,446,462,462,479,479,479,492,511,511,511,511,511,26,52,52],"floor_reached":55,"playtime":2293,"items_purged":["Strike_R","Pain","Pain"],"score":806,"play_id":"ec970b30-672c-4ccc-9ced-860358b8041c","local_time":"20190304142735","is_ascension_mode":false,"campfire_choices":[{"data":"Uppercut","floor":7,"key":"SMITH"},{"floor":10,"key":"REST"},{"floor":15,"key":"REST"},{"floor":23,"key":"RECALL"},{"data":"Whirlwind","floor":29,"key":"SMITH"},{"data":"Armaments","floor":32,"key":"SMITH"},{"floor":45,"key":"REST"},{"data":"Armaments","floor":49,"key":"SMITH"},{"data":"Limit Break","floor":52,"key":"SMITH"}],"neow_cost":"NONE","seed_source_timestamp":15235874545741,"circlet_count":0,"master_deck":["Bash","Shrug It Off","Pummel","Uppercut+1","Spot Weakness","Whirlwind+1","Heavy Blade","Ghostly Armor+1","Armaments+1","Body Slam","Infernal Blade+1","Limit Break+1","Twin Strike","Immolate","Brutality","Brutality","Armaments+1","Headbutt","True Grit+1","Shrug It Off+1","Pummel","Blood for Blood+1","Madness","Madness","PanicButton","Metallicize"],"relics":["Burning Blood","Happy Flower","Magic Flower","Gremlin Horn","Cursed Key","Bag of Marbles","Enchiridion","Pandora\u0027s Box","Oddly Smooth Stone","Old Coin","Strawberry","Mercury Hourglass","Membership Card","Vajra","Bag of Preparation","Red Skull"],"potions_floor_usage":[6,8,13,21,24,24,33,33,40,41,47,48,54,54],"damage_taken":[{"damage":0,"enemies":"2 Louse","floor":1,"turns":3},{"damage":3,"enemies":"Small Slimes","floor":4,"turns":4},{"damage":3,"enemies":"Jaw Worm","floor":5,"turns":3},{"damage":30,"enemies":"3 Sentries","floor":6,"turns":9},{"damage":31,"enemies":"Lagavulin","floor":8,"turns":5},{"damage":5,"enemies":"Exordium Wildlife","floor":12,"turns":4},{"damage":13,"enemies":"Gremlin Gang","floor":13,"turns":3},{"damage":23,"enemies":"Exordium Thugs","floor":14,"turns":4},{"damage":38,"enemies":"Slime Boss","floor":16,"turns":8},{"damage":12,"enemies":"2 Thieves","floor":18,"turns":3},{"damage":0,"enemies":"Shell Parasite","floor":21,"turns":4},{"damage":46,"enemies":"Slavers","floor":24,"turns":8},{"damage":5,"enemies":"Shelled Parasite and Fungi","floor":25,"turns":3},{"damage":4,"enemies":"Cultist and Chosen","floor":30,"turns":4},{"damage":1,"enemies":"Snake Plant","floor":31,"turns":2},{"damage":84,"enemies":"Champ","floor":33,"turns":13},{"damage":7,"enemies":"3 Darklings","floor":35,"turns":4},{"damage":19,"enemies":"2 Orb Walkers","floor":37,"turns":3},{"damage":4,"enemies":"Orb Walker","floor":38,"turns":3},{"damage":11,"enemies":"Giant Head","floor":40,"turns":8},{"damage":5,"enemies":"3 Darklings","floor":41,"turns":3},{"damage":15,"enemies":"Maw","floor":42,"turns":6},{"damage":24,"enemies":"4 Shapes","floor":44,"turns":1},{"damage":3,"enemies":"Spire Growth","floor":47,"turns":3},{"damage":3,"enemies":"Jaw Worm Horde","floor":48,"turns":1},{"damage":54,"enemies":"Awakened One","floor":50,"turns":9},{"damage":39,"enemies":"Shield and Spear","floor":54,"turns":5},{"damage":93,"enemies":"The Heart","floor":55,"turns":6}],"seed_played":"3283550834276025482","potions_obtained":[{"floor":5,"key":"AttackPotion"},{"floor":6,"key":"Poison Potion"},{"floor":8,"key":"LiquidBronze"},{"floor":13,"key":"LiquidBronze"},{"floor":14,"key":"Regen Potion"},{"floor":18,"key":"EssenceOfSteel"},{"floor":30,"key":"Fruit Juice"},{"floor":31,"key":"PowerPotion"},{"floor":33,"key":"Poison Potion"},{"floor":38,"key":"Explosive Potion"},{"floor":40,"key":"Poison Potion"},{"floor":47,"key":"LiquidBronze"}],"is_trial":false,"path_per_floor":["M","?","?","M","M","E","R","E","T","R","$","M","M","M","R","B",null,"M","?","$","M","?","R","E","M","T","?","?","R","M","M","R","B",null,"M","$","?","M","?","E","M","M","T","M","R","?","M","M","R","B",null,"R","$","E","B"],"character_chosen":"IRONCLAD","items_purchased":["Whirlwind","Armaments","Oddly Smooth Stone","Fruit Juice","Membership Card","Vajra","Bag of Preparation","Weak Potion","PanicButton"],"campfire_rested":3,"item_purchase_floors":[11,20,36,36,53,53,53,53,53],"current_hp_per_floor":[88,93,93,93,93,69,69,44,44,71,71,75,71,57,84,55,93,90,90,90,93,93,93,80,84,84,68,103,103,103,103,103,36,108,108,108,98,103,103,108,112,106,106,91,115,101,107,120,120,75,120,120,120,90,0],"gold":52,"neow_bonus":"TEN_PERCENT_HP_BONUS","is_prod":false,"is_daily":false,"chose_seed":false,"campfire_upgraded":5,"win_rate":0,"timestamp":1551731255,"path_taken":["M","?","?","M","M","E","R","E","T","R","?","?","?","M","R","BOSS","M","?","$","M","?","R","E","?","T","?","?","R","M","M","R","BOSS","M","$","?","M","?","E","M","?","T","M","R","?","M","M","R","BOSS","R","$","E","BOSS"],"build_version":"2019-01-23","purchased_purges":3,"victory":false,"max_hp_per_floor":[88,93,93,93,93,93,93,93,93,93,93,93,93,93,93,93,93,93,93,93,93,93,93,93,93,93,93,103,103,103,103,103,108,108,108,108,108,108,108,115,115,115,115,115,115,115,115,120,120,120,120,120,120,120,120],"card_choices":[{"not_picked":["Warcry","Sentinel","Reckless Charge"],"picked":"SKIP","floor":1},{"not_picked":["Dual Wield","Clash"],"picked":"Shrug It Off","floor":4},{"not_picked":["Metallicize","Shrug It Off"],"picked":"Pummel","floor":5},{"not_picked":["True Grit","Rage"],"picked":"Uppercut","floor":6},{"not_picked":["Uppercut","Fire Breathing"],"picked":"Spot Weakness","floor":8},{"not_picked":["Thunderclap","Wild Strike","Pommel Strike"],"picked":"SKIP","floor":12},{"not_picked":["Burning Pact","Rupture"],"picked":"Heavy Blade","floor":13},{"not_picked":["Iron Wave","Clothesline","Heavy Blade"],"picked":"SKIP","floor":14},{"not_picked":["Brutality","Double Tap"],"picked":"Barricade","floor":16},{"not_picked":["Sword Boomerang+1","Clash+1"],"picked":"Ghostly Armor+1","floor":18},{"not_picked":["Iron Wave+1","Clash+1"],"picked":"Body Slam","floor":21},{"not_picked":["Clothesline+1","Clash","Flame Barrier+1"],"picked":"SKIP","floor":24},{"not_picked":["Thunderclap","Iron Wave"],"picked":"Infernal Blade+1","floor":25},{"not_picked":["Clash","Armaments","Sentinel"],"picked":"SKIP","floor":30},{"not_picked":["Cleave+1","Anger","Feel No Pain"],"picked":"SKIP","floor":31},{"not_picked":["Berserk","Impervious"],"picked":"Limit Break","floor":33},{"not_picked":["Clash","Iron Wave+1"],"picked":"True Grit+1","floor":35},{"not_picked":["Cleave","Infernal Blade"],"picked":"Shrug It Off+1","floor":37},{"not_picked":["Rage+1","Warcry","Dropkick"],"picked":"SKIP","floor":38},{"not_picked":["Feed","Perfected Strike+1","Clash"],"picked":"SKIP","floor":40},{"not_picked":["Flex","Perfected Strike","Ghostly Armor"],"picked":"SKIP","floor":41},{"not_picked":["Perfected Strike+1","Pommel Strike"],"picked":"Blood for Blood+1","floor":42},{"not_picked":["Anger","Headbutt+1","Sword Boomerang"],"picked":"SKIP","floor":44},{"not_picked":["Whirlwind","Clothesline","Warcry+1"],"picked":"SKIP","floor":47},{"not_picked":["Reaper","Sword Boomerang","Heavy Blade+1"],"picked":"SKIP","floor":48},{"not_picked":["Armaments+1","Spot Weakness"],"picked":"Metallicize","floor":54}],"player_experience":513135,"relics_obtained":[{"floor":6,"key":"Happy Flower"},{"floor":8,"key":"Magic Flower"},{"floor":9,"key":"Gremlin Horn"},{"floor":24,"key":"Bag of Marbles"},{"floor":27,"key":"Enchiridion"},{"floor":37,"key":"Old Coin"},{"floor":40,"key":"Strawberry"},{"floor":43,"key":"Mercury Hourglass"},{"floor":54,"key":"Red Skull"}],"event_choices":[{"damage_healed":0,"gold_gain":0,"player_choice":"Donut","damage_taken":0,"max_hp_gain":5,"max_hp_loss":0,"event_name":"Big Fish","floor":2,"gold_loss":0},{"damage_healed":0,"gold_gain":0,"player_choice":"Ignored","damage_taken":0,"max_hp_gain":0,"max_hp_loss":0,"event_name":"Liars Game","floor":3,"gold_loss":0},{"cards_removed":["Strike_R"],"damage_healed":0,"gold_gain":0,"player_choice":"Gave Gold","damage_taken":0,"max_hp_gain":0,"max_hp_loss":0,"event_name":"Beggar","floor":19,"gold_loss":75},{"damage_healed":0,"gold_gain":100,"player_choice":"Pray","damage_taken":0,"max_hp_gain":0,"max_hp_loss":0,"event_name":"Golden Shrine","floor":22,"gold_loss":0},{"damage_healed":0,"gold_gain":0,"player_choice":"Obtained Book","damage_taken":16,"max_hp_gain":0,"max_hp_loss":0,"event_name":"Cursed Tome","floor":27,"gold_loss":0},{"cards_removed":["Barricade"],"damage_healed":25,"gold_gain":0,"player_choice":"Offered Rare","damage_taken":0,"max_hp_gain":10,"max_hp_loss":0,"event_name":"Bonfire Elementals","floor":28,"gold_loss":0},{"damage_healed":0,"gold_gain":0,"player_choice":"Fight","damage_taken":0,"max_hp_gain":0,"max_hp_loss":0,"event_name":"Mysterious Sphere","floor":37,"gold_loss":0},{"damage_healed":0,"gold_gain":0,"cards_transformed":["Reckless Charge"],"player_choice":"Transformed","damage_taken":0,"max_hp_gain":0,"max_hp_loss":0,"event_name":"Transmorgrifier","floor":39,"gold_loss":0,"cards_obtained":["Pummel"]},{"damage_healed":0,"gold_gain":0,"player_choice":"Embrace Madness","damage_taken":14,"max_hp_gain":0,"max_hp_loss":0,"event_name":"Winding Halls","floor":46,"gold_loss":0,"cards_obtained":["Madness","Madness"]}],"is_beta":false,"boss_relics":[{"not_picked":["Fusion Hammer","Velvet Choker"],"picked":"Cursed Key"},{"not_picked":["Coffee Dripper","Snecko Eye"],"picked":"Pandora\u0027s Box"}],"items_purged_floors":[11,36,53],"is_endless":false,"potions_floor_spawned":[5,6,8,13,14,18,30,31,33,38,40,47],"killed_by":"The Heart","ascension_level":0}