{"gold_per_floor":[13,28,42,61,61,87,87,47,72,99,47,47,60,10,10,89,89,107,107,23,23,23,23,33,33,112,37,37,56,76,86,86,161,161,180,197,197,217,236,236,271,271,271,271,221,239,239,252,252,252],"floor_reached":50,"playtime":2340,"items_purged":["Decay","Defend_B"],"score":820,"play_id":"6f5bca6f-4948-4109-8006-2e5f220a1a77","local_time":"20181225125119","is_ascension_mode":true,"campfire_choices":[{"data":"Defragment","floor":7,"key":"SMITH"},{"data":"Zap","floor":12,"key":"SMITH"},{"data":"Dualcast","floor":15,"key":"SMITH"},{"data":"Blizzard","floor":23,"key":"SMITH"},{"data":"Genetic Algorithm","floor":25,"key":"SMITH"},{"data":"Consume","floor":28,"key":"SMITH"},{"data":"Defragment","floor":32,"key":"SMITH"},{"data":"Fission","floor":40,"key":"SMITH"},{"data":"Go for the Eyes","floor":42,"key":"SMITH"},{"data":"Barrage","floor":47,"key":"SMITH"},{"floor":49,"key":"DIG"}],"neow_cost":"NO_GOLD","seed_source_timestamp":359358437077400,"circlet_count":0,"master_deck":["AscendersBane","Defend_B","Defend_B","Defend_B","Zap+1","Dualcast+1","Self Repair","Coolheaded","Defragment+1","Capacitor","Go for the Eyes+1","Genetic Algorithm+1","Electrodynamics","Blizzard+1","Loop","Bite","Bite","Bite","Bite","Bite","Consume+1","Coolheaded+1","Redo+1","Defragment+1","Fission+1","Turbo+1","Blind","Static Discharge+1","Barrage+1","Cold Snap+1"],"relics":["Cracked Core","Thread and Needle","PreservedInsect","Juzu Bracelet","Vajra","Smiling Mask","Meat on the Bone","Inserter","Bottled Tornado","Sozu","Shovel","Turnip","Mummified Hand","Letter Opener"],"potions_floor_usage":[4,6,29,30,39],"damage_taken":[{"damage":0,"enemies":"Cultist","floor":1,"turns":4},{"damage":9,"enemies":"Small Slimes","floor":2,"turns":4},{"damage":0,"enemies":"2 Louse","floor":3,"turns":3},{"damage":17,"enemies":"Lots of Slimes","floor":4,"turns":5},{"damage":8,"enemies":"Lagavulin","floor":6,"turns":6},{"damage":12,"enemies":"3 Sentries","floor":10,"turns":8},{"damage":0,"enemies":"Looter","floor":13,"turns":4},{"damage":33,"enemies":"Hexaghost","floor":16,"turns":16},{"damage":26,"enemies":"Chosen","floor":18,"turns":7},{"damage":19,"enemies":"Colosseum Slavers","floor":22,"turns":5},{"damage":32,"enemies":"3 Byrds","floor":24,"turns":5},{"damage":20,"enemies":"Cultist and Chosen","floor":29,"turns":6},{"damage":25,"enemies":"Snake Plant","floor":30,"turns":5},{"damage":9,"enemies":"3 Cultists","floor":31,"turns":3},{"damage":10,"enemies":"Automaton","floor":33,"turns":9},{"damage":14,"enemies":"Orb Walker","floor":35,"turns":3},{"damage":30,"enemies":"3 Darklings","floor":36,"turns":5},{"damage":23,"enemies":"Maw","floor":38,"turns":12},{"damage":37,"enemies":"Transient","floor":39,"turns":5},{"damage":9,"enemies":"Giant Head","floor":41,"turns":9},{"damage":9,"enemies":"Sphere and 2 Shapes","floor":46,"turns":3},{"damage":0,"enemies":"3 Darklings","floor":48,"turns":3},{"damage":77,"enemies":"Donu and Deca","floor":50,"turns":7}],"seed_played":"8775370152244288809","potions_obtained":[{"floor":1,"key":"PowerPotion"},{"floor":4,"key":"Weak Potion"},{"floor":13,"key":"Poison Potion"},{"floor":24,"key":"Regen Potion"},{"floor":29,"key":"LiquidBronze"}],"is_trial":false,"path_per_floor":["M","M","M","M","?","E","R","?","T","E","?","R","M","?","R","B",null,"M","?","$","?","?","R","M","R","T","$","R","M","M","M","R","B",null,"M","M","?","M","M","R","E","R","T","T","$","M","R","M","R","B"],"character_chosen":"DEFECT","items_purchased":["Loop","Consume"],"campfire_rested":0,"item_purchase_floors":[20,27],"current_hp_per_floor":[68,66,66,49,31,30,30,30,30,25,25,25,44,44,44,30,64,45,45,45,45,32,32,29,29,29,29,29,34,29,32,32,43,50,42,35,35,45,30,30,50,50,50,50,50,52,52,52,52,0],"gold":252,"neow_bonus":"ONE_RARE_RELIC","is_prod":false,"is_daily":false,"chose_seed":false,"campfire_upgraded":10,"win_rate":0,"timestamp":1545738679,"path_taken":["M","?","M","M","?","E","R","?","T","E","?","R","M","?","R","BOSS","M","?","$","?","?","R","M","R","T","$","R","M","M","M","R","BOSS","M","M","?","M","M","R","E","R","T","?","$","M","R","M","R","BOSS"],"build_version":"2018-12-20","purchased_purges":2,"victory":false,"max_hp_per_floor":[75,75,75,75,75,75,75,75,75,75,75,75,75,75,75,75,75,75,75,75,52,52,52,52,52,52,52,52,52,52,52,52,52,52,52,52,52,52,52,52,52,52,52,52,52,52,52,52,52,52],"card_choices":[{"not_picked":["Reinforced Body","Turbo"],"picked":"Self Repair","floor":1},{"not_picked":["Conserve Battery","Sunder"],"picked":"Coolheaded","floor":2},{"not_picked":["Stack","Barrage"],"picked":"Defragment","floor":3},{"not_picked":["Stack","Storm","Gash"],"picked":"SKIP","floor":4},{"not_picked":["Lockon","Static Discharge"],"picked":"Capacitor","floor":6},{"not_picked":["Aggregate","Steam Power"],"picked":"Go for the Eyes","floor":10},{"not_picked":["Reprogram","Doom and Gloom"],"picked":"Genetic Algorithm","floor":13},{"not_picked":["Creative AI","Buffer"],"picked":"Electrodynamics","floor":16},{"not_picked":["Hologram","Ball Lightning"],"picked":"Blizzard","floor":18},{"not_picked":["Double Energy","Doom and Gloom+1","Beam Cell+1"],"picked":"SKIP","floor":24},{"not_picked":["Electrodynamics","BootSequence"],"picked":"Coolheaded+1","floor":29},{"not_picked":["Turbo","Go for the Eyes"],"picked":"Redo+1","floor":30},{"not_picked":["Steam","Rebound"],"picked":"Defragment","floor":31},{"not_picked":["Rainbow","Hyperbeam"],"picked":"Fission","floor":33},{"not_picked":["Streamline","Barrage"],"picked":"Turbo+1","floor":35},{"not_picked":["Barrage","Leap","Go for the Eyes"],"picked":"SKIP","floor":36},{"not_picked":["Magnetism","Dramatic Entrance"],"picked":"Blind","floor":37},{"not_picked":["Streamline","Recycle"],"picked":"Static Discharge+1","floor":38},{"not_picked":["Loop","Rebound","Sweeping Beam"],"picked":"SKIP","floor":39},{"not_picked":["Seek","Skim"],"picked":"Barrage","floor":41},{"not_picked":["Loop+1","Melter"],"picked":"Cold Snap+1","floor":46},{"not_picked":["Heatsinks","Melter","Force Field"],"picked":"SKIP","floor":48}],"player_experience":311853,"relics_obtained":[{"floor":6,"key":"Juzu Bracelet"},{"floor":9,"key":"Vajra"},{"floor":10,"key":"Smiling Mask"},{"floor":26,"key":"Bottled Tornado"},{"floor":41,"key":"Shovel"},{"floor":43,"key":"Turnip"},{"floor":44,"key":"Mummified Hand"},{"floor":49,"key":"Letter Opener"}],"event_choices":[{"damage_healed":0,"gold_gain":0,"player_choice":"Success","damage_taken":18,"relics_obtained":["PreservedInsect"],"max_hp_gain":0,"max_hp_loss":0,"event_name":"Scrap Ooze","floor":5,"gold_loss":0},{"damage_healed":0,"gold_gain":0,"player_choice":"Left Gold","damage_taken":0,"max_hp_gain":0,"max_hp_loss":0,"event_name":"World of Goop","floor":8,"gold_loss":40},{"damage_healed":0,"gold_gain":0,"player_choice":"Paid Gold","damage_taken":0,"relics_obtained":["Meat on the Bone"],"max_hp_gain":0,"max_hp_loss":0,"event_name":"WeMeetAgain","floor":11,"gold_loss":52},{"cards_removed":["Strike_B"],"damage_healed":0,"gold_gain":0,"player_choice":"Card Removal","damage_taken":0,"max_hp_gain":0,"max_hp_loss":0,"event_name":"The Cleric","floor":14,"gold_loss":50},{"damage_healed":0,"gold_gain":0,"player_choice":"Smashed Altar","damage_taken":0,"max_hp_gain":0,"max_hp_loss":0,"event_name":"Forgotten Altar","floor":19,"gold_loss":0,"cards_obtained":["Decay"]},{"damage_healed":0,"gold_gain":0,"player_choice":"Became a vampire","damage_taken":0,"max_hp_gain":0,"max_hp_loss":23,"event_name":"Vampires","floor":21,"gold_loss":0,"cards_obtained":["Bite","Bite","Bite","Bite","Bite"]},{"damage_healed":0,"gold_gain":0,"player_choice":"Fight","damage_taken":0,"max_hp_gain":0,"max_hp_loss":0,"event_name":"Colosseum","floor":22,"gold_loss":0},{"damage_healed":0,"gold_gain":0,"player_choice":"Fled From Nobs","damage_taken":0,"max_hp_gain":0,"max_hp_loss":0,"event_name":"Colosseum","floor":22,"gold_loss":0},{"damage_healed":0,"gold_gain":0,"player_choice":"Memory 1","damage_taken":0,"max_hp_gain":0,"max_hp_loss":0,"event_name":"SensoryStone","floor":37,"gold_loss":0}],"is_beta":false,"boss_relics":[{"not_picked":["Empty Cage","Ectoplasm"],"picked":"Inserter"},{"not_picked":["Philosopher\u0027s Stone","Pandora\u0027s Box"],"picked":"Sozu"}],"items_purged_floors":[20,45],"is_endless":false,"potions_floor_spawned":[1,4,13,22,24,29,36,38,41,46],"killed_by":"Donu and Deca","ascension_level":13}