{"gold_per_floor":[13,26,26,37,54,54,73,91,91,109,119,119,69,69,69,169,169,187,39,39,39,52,52,66,66,66,79,79,97,109,121,121,121],"floor_reached":33,"playtime":2937,"items_purged":["Defend_G"],"score":343,"play_id":"25dac9bb-5d27-4234-885e-f8a0051c7869","local_time":"20190304124047","is_ascension_mode":true,"campfire_choices":[{"data":"Strike_G","floor":6,"key":"PURGE"},{"data":"Strike_G","floor":12,"key":"PURGE"},{"data":"Noxious Fumes","floor":15,"key":"SMITH"},{"data":"Underhanded Strike","floor":23,"key":"PURGE"},{"floor":28,"key":"REST"},{"floor":32,"key":"REST"}],"neow_cost":"NO_GOLD","seed_source_timestamp":575669634862500,"circlet_count":0,"master_deck":["Defend_G","Defend_G","Strike_G","Survivor","Neutralize","Well Laid Plans","Crippling Poison","Deadly Poison","Noxious Fumes+1","Poisoned Stab","Envenom","Poisoned Stab","Footwork","Poisoned Stab+1","Cloak And Dagger+1"],"relics":["Ring of the Snake","Peace Pipe","Shuriken","Empty Cage","Mummified Hand"],"potions_floor_usage":[27,31,33],"damage_taken":[{"damage":0,"enemies":"2 Louse","floor":1,"turns":4},{"damage":5,"enemies":"Jaw Worm","floor":2,"turns":9},{"damage":0,"enemies":"Cultist","floor":4,"turns":4},{"damage":1,"enemies":"Exordium Wildlife","floor":5,"turns":8},{"damage":6,"enemies":"3 Louse","floor":7,"turns":3},{"damage":0,"enemies":"Looter","floor":8,"turns":4},{"damage":0,"enemies":"Large Slime","floor":10,"turns":5},{"damage":3,"enemies":"2 Fungi Beasts","floor":11,"turns":4},{"damage":24,"enemies":"Hexaghost","floor":16,"turns":8},{"damage":23,"enemies":"3 Byrds","floor":18,"turns":5},{"damage":9,"enemies":"Shell Parasite","floor":22,"turns":5},{"damage":15,"enemies":"Sentry and Sphere","floor":24,"turns":6},{"damage":12,"enemies":"Chosen and Byrds","floor":27,"turns":6},{"damage":16,"enemies":"Centurion and Healer","floor":29,"turns":5},{"damage":12,"enemies":"3 Cultists","floor":30,"turns":4},{"damage":14,"enemies":"Snake Plant","floor":31,"turns":4},{"damage":28,"enemies":"Collector","floor":33,"turns":3}],"seed_played":"1855720207845539319","potions_obtained":[{"floor":2,"key":"Ancient Potion"},{"floor":4,"key":"AttackPotion"},{"floor":11,"key":"GamblersBrew"},{"floor":16,"key":"Strength Potion"},{"floor":24,"key":"SpeedPotion"},{"floor":27,"key":"FairyPotion"},{"floor":31,"key":"Poison Potion"}],"is_trial":false,"path_per_floor":["M","M","$","M","M","R","M","M","T","M","M","R","?","?","R","B",null,"M","$","?","?","M","R","M","$","T","M","R","M","M","M","R","B"],"character_chosen":"THE_SILENT","items_purchased":["Footwork"],"campfire_rested":2,"item_purchase_floors":[19],"current_hp_per_floor":[63,58,58,58,57,57,51,51,51,51,48,48,48,41,41,17,57,34,34,57,50,41,41,26,26,26,14,35,19,7,7,28,0],"gold":121,"neow_bonus":"ONE_RARE_RELIC","is_prod":false,"is_daily":false,"chose_seed":false,"campfire_upgraded":1,"win_rate":0,"timestamp":1551728447,"path_taken":["M","M","$","M","M","R","M","M","T","M","M","R","?","?","R","BOSS","M","$","?","?","M","R","M","$","T","M","R","M","M","M","R","BOSS"],"build_version":"2019-01-23","purchased_purges":1,"victory":false,"max_hp_per_floor":[70,70,70,70,70,70,70,70,70,70,70,70,70,70,70,70,70,70,70,70,70,70,70,70,70,70,70,70,70,70,70,70,70],"card_choices":[{"not_picked":["PiercingWail","Deflect","Outmaneuver"],"picked":"SKIP","floor":1},{"not_picked":["Distraction","Accuracy"],"picked":"Well Laid Plans","floor":2},{"not_picked":["Cloak And Dagger","Poisoned Stab"],"picked":"Crippling Poison","floor":4},{"not_picked":["Prepared","Setup"],"picked":"Underhanded Strike","floor":5},{"not_picked":["Riddle With Holes","Deflect"],"picked":"Deadly Poison","floor":7},{"not_picked":["Blade Dance","Caltrops","Cloak And Dagger"],"picked":"SKIP","floor":8},{"not_picked":["Acrobatics","Prepared"],"picked":"Noxious Fumes","floor":10},{"not_picked":["Burst","PiercingWail"],"picked":"Poisoned Stab","floor":11},{"not_picked":["Phantasmal Killer","After Image"],"picked":"Envenom","floor":16},{"not_picked":["Dodge and Roll","Blur+1"],"picked":"Poisoned Stab","floor":18},{"not_picked":["PiercingWail","Riddle With Holes"],"picked":"Poisoned Stab+1","floor":22},{"not_picked":["Dash+1","Masterful Stab+1","Dagger Throw"],"picked":"SKIP","floor":24},{"not_picked":["Dagger Spray","Poisoned Stab","Acrobatics"],"picked":"SKIP","floor":27},{"not_picked":["Eviscerate","Wraith Form v2"],"picked":"Cloak And Dagger+1","floor":29},{"not_picked":["Underhanded Strike","Outmaneuver","Flechettes+1"],"picked":"SKIP","floor":30},{"not_picked":["Concentrate","Backstab","Deflect"],"picked":"SKIP","floor":31}],"player_experience":429625,"relics_obtained":[{"floor":9,"key":"Shuriken"},{"floor":26,"key":"Mummified Hand"}],"event_choices":[{"cards_removed":["Defend_G"],"damage_healed":0,"gold_gain":0,"player_choice":"Card Removal","damage_taken":0,"max_hp_gain":0,"max_hp_loss":0,"event_name":"The Cleric","floor":13,"gold_loss":50},{"cards_removed":["Strike_G"],"damage_healed":0,"gold_gain":0,"player_choice":"Card Removal","damage_taken":7,"max_hp_gain":0,"max_hp_loss":0,"event_name":"Golden Wing","floor":14,"gold_loss":0},{"damage_healed":23,"gold_gain":0,"player_choice":"Heal","damage_taken":0,"max_hp_gain":0,"max_hp_loss":0,"event_name":"The Library","floor":20,"gold_loss":0},{"damage_healed":0,"gold_gain":0,"player_choice":"","damage_taken":7,"max_hp_gain":0,"max_hp_loss":0,"event_name":"Knowing Skull","floor":21,"potions_obtained":[],"gold_loss":0,"cards_obtained":[]}],"is_beta":false,"boss_relics":[{"not_picked":["Tiny House","Philosopher\u0027s Stone"],"picked":"Empty Cage"}],"items_purged_floors":[19],"is_endless":false,"potions_floor_spawned":[2,4,11,16,18,24,27,31],"killed_by":"Collector","ascension_level":8}