{"gold_per_floor":[115,115,129,147,147,182,194,224,251,267,121,150,150,168,168,269,269,282,282,298,308,223,223,173,173,173,10,29,29,29,43,43,141,141,154,165,14,31,31],"floor_reached":39,"playtime":2021,"items_purged":["Strike_R","Strike_R"],"score":443,"play_id":"06210e6d-f1d5-4bab-adb8-fc40ca7b8299","local_time":"20190218143744","is_ascension_mode":true,"campfire_choices":[{"floor":13,"key":"REST"},{"data":"Defend_R","floor":15,"key":"SMITH"},{"data":"Fire Breathing","floor":23,"key":"SMITH"},{"floor":25,"key":"REST"},{"data":"Entrench","floor":30,"key":"SMITH"},{"data":"Body Slam","floor":32,"key":"SMITH"}],"neow_cost":"NONE","seed_source_timestamp":14516337086379,"circlet_count":0,"master_deck":["Strike_R","Strike_R","Strike_R","Defend_R+1","Defend_R","Defend_R+1","Defend_R+1","Bash","Iron Wave","Pommel Strike","Twin Strike","Fire Breathing+1","Sword Boomerang+1","Injury","Inflame","Twin Strike","Entrench+1","Body Slam+1","Immolate","Iron Wave+1"],"relics":["Black Blood","NeowsBlessing","Magic Flower","Strawberry","Happy Flower","Lantern","Red Skull","Cursed Key","Nilry\u0027s Codex","Smiling Mask","Nunchaku","Oddly Smooth Stone"],"potions_floor_usage":[6,8,8,10,12,18,28,31,33,35],"damage_taken":[{"damage":0,"enemies":"2 Louse","floor":1,"turns":1},{"damage":0,"enemies":"Small Slimes","floor":3,"turns":1},{"damage":0,"enemies":"Cultist","floor":4,"turns":1},{"damage":19,"enemies":"3 Sentries","floor":6,"turns":10},{"damage":7,"enemies":"2 Fungi Beasts","floor":7,"turns":4},{"damage":6,"enemies":"Gremlin Nob","floor":8,"turns":3},{"damage":0,"enemies":"Large Slime","floor":10,"turns":6},{"damage":49,"enemies":"3 Sentries","floor":12,"turns":17},{"damage":0,"enemies":"Looter","floor":14,"turns":3},{"damage":63,"enemies":"The Guardian","floor":16,"turns":16},{"damage":10,"enemies":"3 Byrds","floor":18,"turns":6},{"damage":16,"enemies":"Spheric Guardian","floor":20,"turns":4},{"damage":9,"enemies":"Chosen and Byrds","floor":21,"turns":5},{"damage":12,"enemies":"3 Cultists","floor":28,"turns":5},{"damage":12,"enemies":"Centurion and Healer","floor":31,"turns":6},{"damage":79,"enemies":"Collector","floor":33,"turns":12},{"damage":44,"enemies":"3 Darklings","floor":35,"turns":4},{"damage":6,"enemies":"Orb Walker","floor":36,"turns":4},{"damage":64,"enemies":"Spire Growth","floor":38,"turns":6},{"damage":22,"enemies":"Writhing Mass","floor":39,"turns":4}],"seed_played":"-4790328327215947976","potions_obtained":[{"floor":1,"key":"GamblersBrew"},{"floor":5,"key":"Explosive Potion"},{"floor":5,"key":"SteroidPotion"},{"floor":6,"key":"Fire Potion"},{"floor":8,"key":"SteroidPotion"},{"floor":14,"key":"Strength Potion"},{"floor":16,"key":"AttackPotion"},{"floor":18,"key":"Regen Potion"},{"floor":28,"key":"Poison Potion"},{"floor":33,"key":"LiquidBronze"}],"is_trial":false,"path_per_floor":["M","?","M","M","?","E","M","E","T","M","$","E","R","M","R","B",null,"M","?","M","M","?","R","$","R","T","$","M","?","R","M","R","B",null,"M","M","$","M","M"],"character_chosen":"IRONCLAD","items_purchased":["Lantern","Inflame","Twin Strike","Oddly Smooth Stone"],"campfire_rested":2,"item_purchase_floors":[11,27,27,37],"current_hp_per_floor":[80,64,70,76,76,63,65,75,75,84,84,44,70,79,79,25,87,86,70,63,63,63,63,63,87,87,87,84,84,84,81,81,33,87,58,67,67,18,0],"gold":31,"neow_bonus":"THREE_ENEMY_KILL","is_prod":false,"is_daily":false,"chose_seed":false,"campfire_upgraded":4,"win_rate":0,"timestamp":1550522264,"path_taken":["M","?","M","M","?","E","?","E","T","M","$","E","R","M","R","BOSS","M","?","M","M","?","R","$","R","T","$","M","?","R","M","R","BOSS","M","M","$","M","M"],"build_version":"2019-01-23","purchased_purges":2,"victory":false,"max_hp_per_floor":[80,80,80,80,80,80,80,87,87,87,87,87,87,87,87,87,87,87,87,87,87,87,87,87,87,87,87,87,87,87,87,87,87,87,87,87,87,87,87],"card_choices":[{"not_picked":["Metallicize","Corruption"],"picked":"Iron Wave","floor":1},{"not_picked":["Sword Boomerang","True Grit"],"picked":"Pommel Strike","floor":3},{"not_picked":["Wild Strike","Havoc","Perfected Strike"],"picked":"SKIP","floor":4},{"not_picked":["Pommel Strike","Wild Strike","Spot Weakness"],"picked":"SKIP","floor":6},{"not_picked":["Bloodletting","Clothesline","True Grit"],"picked":"SKIP","floor":7},{"not_picked":["Havoc","Thunderclap","Perfected Strike"],"picked":"SKIP","floor":8},{"not_picked":["Anger","Second Wind","Dropkick"],"picked":"SKIP","floor":10},{"not_picked":["Second Wind","Berserk"],"picked":"Twin Strike","floor":12},{"not_picked":["Warcry","Feel No Pain","Heavy Blade"],"picked":"SKIP","floor":14},{"not_picked":["Flex","Spot Weakness"],"picked":"Fire Breathing","floor":18},{"not_picked":["Fire Breathing","Feel No Pain"],"picked":"Sword Boomerang+1","floor":20},{"not_picked":["Rage+1","Perfected Strike","Anger"],"picked":"SKIP","floor":21},{"not_picked":["Iron Wave","Uppercut+1"],"picked":"Entrench","floor":28},{"not_picked":["Headbutt+1","Twin Strike"],"picked":"Body Slam","floor":31},{"not_picked":["Reaper","Offering"],"picked":"Immolate","floor":33},{"not_picked":["Warcry","Sever Soul+1"],"picked":"Iron Wave+1","floor":35},{"not_picked":["Anger","Sword Boomerang","Corruption+1"],"picked":"SKIP","floor":36},{"not_picked":["Shockwave+1","Havoc+1","Battle Trance"],"picked":"SKIP","floor":38}],"player_experience":207253,"relics_obtained":[{"floor":6,"key":"Magic Flower"},{"floor":8,"key":"Strawberry"},{"floor":9,"key":"Happy Flower"},{"floor":12,"key":"Red Skull"},{"floor":19,"key":"Nilry\u0027s Codex"},{"floor":26,"key":"Nunchaku"}],"event_choices":[{"damage_healed":0,"gold_gain":0,"player_choice":"Entered Light","damage_taken":16,"max_hp_gain":0,"max_hp_loss":0,"event_name":"Shining Light","floor":2,"gold_loss":0,"cards_upgraded":["Defend_R","Defend_R"]},{"damage_healed":0,"gold_gain":0,"player_choice":"Got Potions","damage_taken":0,"max_hp_gain":0,"max_hp_loss":0,"event_name":"Lab","floor":5,"gold_loss":0},{"damage_healed":0,"gold_gain":0,"player_choice":"Obtained Book","damage_taken":16,"max_hp_gain":0,"max_hp_loss":0,"event_name":"Cursed Tome","floor":19,"gold_loss":0},{"damage_healed":0,"gold_gain":0,"player_choice":"Obtained Relic","damage_taken":0,"relics_obtained":["Smiling Mask"],"max_hp_gain":0,"max_hp_loss":0,"event_name":"Addict","floor":22,"gold_loss":85},{"damage_healed":0,"gold_gain":0,"player_choice":"Ignored","damage_taken":0,"max_hp_gain":0,"max_hp_loss":0,"event_name":"Vampires","floor":29,"gold_loss":0}],"is_beta":false,"boss_relics":[{"not_picked":["Orrery","Ectoplasm"],"picked":"Cursed Key"},{"not_picked":["Mark of Pain","White Beast Statue"],"picked":"Black Blood"}],"items_purged_floors":[24,27],"is_endless":false,"potions_floor_spawned":[1,6,8,14,16,18,28,33,38],"killed_by":"Writhing Mass","ascension_level":2}