{"gold_per_floor":[112,125,137,156,59,59,87,87,114,114,128,128,162,222,222,296,296,309,18,18,31,31,31,44,78,78,95,95,109,38,38,38,110,110,127,127,97,109,123,123,134,144,144,144,159,184,234,250,250,250],"floor_reached":51,"playtime":2064,"items_purged":["Defend_R","Brutality"],"score":1291,"play_id":"398059d9-c5bc-4b40-adf2-8a2dc9bee565","local_time":"20190220230410","is_ascension_mode":true,"campfire_choices":[{"data":"Clash","floor":6.0,"key":"SMITH"},{"data":"Twin Strike","floor":8.0,"key":"SMITH"},{"data":"Clash","floor":12.0,"key":"SMITH"},{"data":"Iron Wave","floor":15.0,"key":"SMITH"},{"data":"Iron Wave","floor":23.0,"key":"SMITH"},{"data":"Burning Pact","floor":28,"key":"SMITH"},{"data":"Rupture","floor":32,"key":"SMITH"},{"floor":40,"key":"REST"},{"data":"Double Tap","floor":44,"key":"SMITH"},{"floor":49,"key":"REST"}],"neow_cost":"NONE","seed_source_timestamp":298891722180600,"circlet_count":0,"master_deck":["AscendersBane","Strike_R","Strike_R","Strike_R","Defend_R","Defend_R","Bash+1","Clash+1","Twin Strike+1","Clash+1","Thunderclap","Clash","Rage","Iron Wave+1","Iron Wave+1","Brutality+1","Exhume+1","Wild Strike+1","Infernal Blade+1","Uppercut+1","Burning Pact+1","Pommel Strike","Rage","Rupture+1","Double Tap+1","Rupture+1"],"special_seed":0,"relics":["Burning Blood","Red Skull","Art of War","Pen Nib","Meat on the Bone","Dodecahedron","Astrolabe","Lee\u0027s Waffle","Ice Cream","Calipers","Busted Crown","Shuriken","Omamori"],"potions_floor_usage":[27,33,35,39,42,50,50],"damage_taken":[{"damage":6.0,"enemies":"Cultist","floor":1.0,"turns":3.0},{"damage":7.0,"enemies":"Small Slimes","floor":2.0,"turns":4.0},{"damage":2.0,"enemies":"2 Louse","floor":3.0,"turns":2.0},{"damage":6.0,"enemies":"Looter","floor":4.0,"turns":2.0},{"damage":20.0,"enemies":"Lagavulin","floor":7.0,"turns":5.0},{"damage":3.0,"enemies":"2 Fungi Beasts","floor":11.0,"turns":2.0},{"damage":14.0,"enemies":"Gremlin Nob","floor":13.0,"turns":3.0},{"damage":0.0,"enemies":"Gremlin Nob","floor":14.0,"turns":3.0},{"damage":43.0,"enemies":"The Guardian","floor":16.0,"turns":8.0},{"damage":26.0,"enemies":"2 Thieves","floor":18.0,"turns":4.0},{"damage":2.0,"enemies":"Spheric Guardian","floor":21.0,"turns":3.0},{"damage":15.0,"enemies":"Snecko","floor":24.0,"turns":3.0},{"damage":18.0,"enemies":"Gremlin Leader","floor":25.0,"turns":6.0},{"damage":7,"enemies":"Shelled Parasite and Fungi","floor":27,"turns":2},{"damage":15,"enemies":"Centurion and Healer","floor":29,"turns":4},{"damage":23,"enemies":"Collector","floor":33,"turns":5},{"damage":7,"enemies":"Orb Walker","floor":35,"turns":2},{"damage":29,"enemies":"3 Shapes","floor":38,"turns":3},{"damage":17,"enemies":"3 Darklings","floor":39,"turns":4},{"damage":4,"enemies":"Sphere and 2 Shapes","floor":41,"turns":4},{"damage":13,"enemies":"Jaw Worm Horde","floor":42,"turns":4},{"damage":15,"enemies":"Spire Growth","floor":45,"turns":3},{"damage":3,"enemies":"Reptomancer","floor":46,"turns":4},{"damage":25,"enemies":"Writhing Mass","floor":48,"turns":3},{"damage":48,"enemies":"Awakened One","floor":50,"turns":7}],"seed_played":"7121345175837354097","potions_obtained":[{"floor":2.0,"key":"BloodPotion"},{"floor":3.0,"key":"BloodPotion"},{"floor":7.0,"key":"Weak Potion"},{"floor":18.0,"key":"Strength Potion"},{"floor":25.0,"key":"GamblersBrew"},{"floor":29,"key":"Block Potion"},{"floor":37,"key":"SneckoOil"},{"floor":37,"key":"BloodPotion"},{"floor":41,"key":"Swift Potion"},{"floor":46,"key":"FearPotion"},{"floor":48,"key":"Fruit Juice"}],"is_trial":false,"path_per_floor":["M","M","M","M","$","R","E","R","T","?","M","R","E","?","R","B",null,"M","$","?","M","?","R","M","E","T","M","R","M","$","?","R","B",null,"M","?","?","M","M","R","M","M","T","R","M","E","?","M","R","B",null],"character_chosen":"IRONCLAD","items_purchased":["Clash","Lee\u0027s Waffle","Rupture"],"campfire_rested":2,"item_purchase_floors":[5,19,30],"current_hp_per_floor":[68,67,71,71,71,71,64,64,64,29,39,39,31,49,49,24,62,54,82,82,82,58,58,61,61,61,60,60,51,51,51,51,46,77,76,76,76,53,50,76,78,71,71,71,62,65,65,58,84,59],"gold":250,"neow_bonus":"UPGRADE_CARD","is_prod":false,"is_daily":false,"chose_seed":false,"campfire_upgraded":8,"win_rate":0,"timestamp":1550721850,"path_taken":["M","?","M","M","$","R","E","R","T","?","M","R","E","?","R","BOSS","M","$","?","M","?","R","M","E","T","M","R","M","$","?","R","BOSS","M","?","?","M","?","R","M","M","T","R","M","E","?","M","R","BOSS"],"build_version":"2019-02-06","purchased_purges":2,"victory":true,"max_hp_per_floor":[75,75,75,75,75,75,75,75,75,75,75,75,75,75,75,75,75,75,82,82,82,87,87,87,87,87,87,87,87,87,87,87,87,87,87,87,87,87,87,87,87,87,87,87,87,87,87,87,87,92],"card_choices":[{"not_picked":["Clothesline","Sever Soul"],"picked":"Clash","floor":1.0},{"not_picked":["Armaments","True Grit"],"picked":"Twin Strike","floor":2.0},{"not_picked":["Cleave","Thunderclap"],"picked":"Clash","floor":3.0},{"not_picked":["Power Through","Havoc"],"picked":"Thunderclap","floor":4.0},{"not_picked":["Juggernaut","Clothesline"],"picked":"Brutality","floor":7.0},{"not_picked":["Infernal Blade","Clothesline"],"picked":"Rage","floor":11.0},{"not_picked":["Wild Strike","Perfected Strike"],"picked":"Iron Wave","floor":13.0},{"not_picked":["Anger","Perfected Strike"],"picked":"Iron Wave","floor":14.0},{"not_picked":["Carnage","Headbutt"],"picked":"Infernal Blade+1","floor":18.0},{"not_picked":["Twin Strike","Flex"],"picked":"Uppercut+1","floor":21.0},{"not_picked":["Spot Weakness","Twin Strike"],"picked":"Burning Pact","floor":24.0},{"not_picked":["Inflame+1","Flex+1"],"picked":"Pommel Strike","floor":25.0},{"not_picked":["Havoc","Rampage"],"picked":"Rage","floor":27},{"not_picked":["Impervious","Combust"],"picked":"Rupture","floor":29},{"not_picked":["Immolate","Impervious"],"picked":"Double Tap","floor":33},{"not_picked":["Havoc+1"],"picked":"SKIP","floor":35},{"not_picked":["Searing Blow"],"picked":"SKIP","floor":38},{"not_picked":["Armaments"],"picked":"SKIP","floor":39},{"not_picked":["Searing Blow"],"picked":"SKIP","floor":41},{"not_picked":["Dual Wield"],"picked":"SKIP","floor":42},{"not_picked":["Wild Strike"],"picked":"SKIP","floor":45},{"not_picked":["Rampage"],"picked":"SKIP","floor":46},{"not_picked":[],"picked":"Rupture+1","floor":48}],"player_experience":650936,"relics_obtained":[{"floor":7.0,"key":"Red Skull"},{"floor":9.0,"key":"Art of War"},{"floor":13.0,"key":"Meat on the Bone"},{"floor":14.0,"key":"Dodecahedron"},{"floor":25.0,"key":"Ice Cream"},{"floor":26.0,"key":"Calipers"},{"floor":43,"key":"Shuriken"},{"floor":46,"key":"Omamori"}],"event_choices":[{"damage_healed":0.0,"max_hp_gain":0.0,"max_hp_loss":0.0,"gold_gain":0.0,"event_name":"Scrap Ooze","player_choice":"Success","floor":10.0,"gold_loss":0.0,"damage_taken":35.0,"relics_obtained":["Pen Nib"]},{"damage_healed":0.0,"max_hp_gain":0.0,"max_hp_loss":0.0,"gold_gain":0.0,"event_name":"Dead Adventurer","player_choice":"Searched \u00271\u0027 times","floor":14.0,"gold_loss":0.0,"damage_taken":0.0},{"damage_healed":0.0,"max_hp_gain":5.0,"max_hp_loss":0.0,"gold_gain":0.0,"event_name":"Forgotten Altar","player_choice":"Shed Blood","floor":22.0,"gold_loss":0.0,"damage_taken":29.0},{"damage_healed":0,"gold_gain":0,"player_choice":"Ignored","damage_taken":0,"max_hp_gain":0,"max_hp_loss":0,"event_name":"Beggar","floor":31,"gold_loss":0},{"cards_removed":["Rupture"],"damage_healed":0,"gold_gain":0,"player_choice":"Removed Power","damage_taken":0,"max_hp_gain":0,"max_hp_loss":0,"event_name":"Falling","floor":36,"gold_loss":0},{"damage_healed":0,"gold_gain":0,"player_choice":"Bought 2 Potions","damage_taken":0,"max_hp_gain":0,"max_hp_loss":0,"event_name":"The Woman in Blue","floor":37,"gold_loss":0},{"damage_healed":0,"gold_gain":50,"player_choice":"Pray","damage_taken":0,"max_hp_gain":0,"max_hp_loss":0,"event_name":"Golden Shrine","floor":47,"gold_loss":0}],"is_beta":true,"boss_relics":[{"not_picked":["Lizard Tail","Cursed Key"],"picked":"Astrolabe"},{"not_picked":["Runic Pyramid","Eternal Feather"],"picked":"Busted Crown"}],"items_purged_floors":[5,19],"is_endless":false,"potions_floor_spawned":[2,3,7,18,25,29,41,46,48],"ascension_level":15}