{"gold_per_floor":[118,138,138,88,103,138,153,133,156,186,186,196,196,214,214,319,319,335,30,30,44,56,56,83,83,83,103,202,202,202,214,214,214],"floor_reached":33,"playtime":1032,"items_purged":["Defend_G"],"score":267,"play_id":"f6f60544-198c-407d-965b-e0ae784e2c5d","local_time":"20190220160733","is_ascension_mode":false,"campfire_choices":[{"floor":11,"key":"REST"},{"data":"Neutralize","floor":13,"key":"SMITH"},{"floor":15,"key":"REST"},{"floor":23,"key":"REST"},{"floor":25,"key":"REST"},{"floor":30,"key":"REST"},{"floor":32,"key":"REST"}],"neow_cost":"NONE","seed_source_timestamp":12282902816817,"circlet_count":0,"master_deck":["Defend_G","Defend_G","Strike_G","Strike_G","Strike_G","Strike_G","Strike_G","Survivor","Neutralize+1","Heel Hook","Noxious Fumes","Bane","Finisher","Bane","Unload","Masterful Stab","Cloak And Dagger","Poisoned Stab","Cloak And Dagger","Dodge and Roll+1","Adrenaline","Cloak And Dagger+1"],"relics":["Runic Dome","Juzu Bracelet","Snake Skull","White Beast Statue","Bag of Preparation","Pen Nib","Girya"],"potions_floor_usage":[6,16,21,24,24,31,33,33,33],"damage_taken":[{"damage":1,"enemies":"Cultist","floor":1,"turns":4},{"damage":0,"enemies":"2 Louse","floor":2,"turns":3},{"damage":0,"enemies":"Small Slimes","floor":5,"turns":3},{"damage":6,"enemies":"3 Sentries","floor":6,"turns":7},{"damage":6,"enemies":"Exordium Wildlife","floor":7,"turns":4},{"damage":5,"enemies":"3 Louse","floor":12,"turns":2},{"damage":15,"enemies":"Gremlin Gang","floor":14,"turns":4},{"damage":41,"enemies":"The Guardian","floor":16,"turns":8},{"damage":14,"enemies":"Shell Parasite","floor":18,"turns":6},{"damage":12,"enemies":"2 Thieves","floor":21,"turns":3},{"damage":20,"enemies":"Centurion and Healer","floor":22,"turns":5},{"damage":34,"enemies":"Slavers","floor":24,"turns":5},{"damage":16,"enemies":"Snecko","floor":27,"turns":4},{"damage":21,"enemies":"Snake Plant","floor":31,"turns":5},{"damage":62,"enemies":"Champ","floor":33,"turns":9}],"seed_played":"-7068379165961939969","potions_obtained":[{"floor":1,"key":"AttackPotion"},{"floor":6,"key":"Energy Potion"},{"floor":7,"key":"GamblersBrew"},{"floor":8,"key":"Poison Potion"},{"floor":18,"key":"SteroidPotion"},{"floor":21,"key":"AttackPotion"},{"floor":22,"key":"FearPotion"},{"floor":24,"key":"GamblersBrew"},{"floor":27,"key":"Block Potion"},{"floor":29,"key":"PowerPotion"},{"floor":29,"key":"Explosive Potion"},{"floor":29,"key":"SteroidPotion"},{"floor":31,"key":"Block Potion"}],"is_trial":false,"path_per_floor":["M","M","?","?","M","E","M","?","T","?","R","M","R","M","R","B",null,"M","$","?","M","M","R","E","R","T","M","?","?","R","M","R","B"],"character_chosen":"THE_SILENT","items_purchased":["Masterful Stab","Bag of Preparation","Cloak And Dagger"],"campfire_rested":6,"item_purchase_floors":[19,19,19],"current_hp_per_floor":[69,69,62,62,62,56,50,50,50,50,70,65,65,50,70,29,70,56,56,70,58,38,59,25,46,46,30,30,30,51,30,51,0],"gold":214,"neow_bonus":"BOSS_RELIC","is_prod":false,"is_daily":false,"chose_seed":false,"campfire_upgraded":1,"win_rate":0,"timestamp":1550700453,"path_taken":["M","M","?","?","M","E","M","?","T","?","R","M","R","M","R","BOSS","M","$","?","M","M","R","E","R","T","M","?","?","R","M","R","BOSS"],"build_version":"2019-01-23","purchased_purges":1,"victory":false,"max_hp_per_floor":[70,70,70,70,70,70,70,70,70,70,70,70,70,70,70,70,70,70,70,70,70,70,70,70,70,70,70,70,70,70,70,70,70],"card_choices":[{"not_picked":["Predator","Outmaneuver","Sucker Punch"],"picked":"SKIP","floor":1},{"not_picked":["Catalyst","Blade Dance"],"picked":"Heel Hook","floor":2},{"not_picked":["Bullet Time","Sucker Punch"],"picked":"Noxious Fumes","floor":5},{"not_picked":["Blade Dance","Deflect"],"picked":"Bane","floor":6},{"not_picked":["Sucker Punch","Outmaneuver"],"picked":"Finisher","floor":7},{"not_picked":["Choke","Blade Dance","Prepared"],"picked":"SKIP","floor":12},{"not_picked":["Slice","Sucker Punch"],"picked":"Bane","floor":14},{"not_picked":["Venomology","Grand Finale"],"picked":"Unload","floor":16},{"not_picked":["Setup","Finisher","Sucker Punch+1"],"picked":"SKIP","floor":18},{"not_picked":["Backflip","Bouncing Flask"],"picked":"Poisoned Stab","floor":21},{"not_picked":["Acrobatics","Slice"],"picked":"Cloak And Dagger","floor":22},{"not_picked":["Caltrops","Dagger Spray"],"picked":"Dodge and Roll+1","floor":24},{"not_picked":["Flying Knee","Bane+1"],"picked":"Adrenaline","floor":27},{"not_picked":["Escape Plan","Setup"],"picked":"Cloak And Dagger+1","floor":31}],"player_experience":277303,"relics_obtained":[{"floor":6,"key":"Juzu Bracelet"},{"floor":9,"key":"Snake Skull"},{"floor":24,"key":"Pen Nib"},{"floor":26,"key":"Girya"}],"event_choices":[{"cards_removed":["Defend_G"],"damage_healed":0,"gold_gain":0,"player_choice":"Card Removal","damage_taken":7,"max_hp_gain":0,"max_hp_loss":0,"event_name":"Golden Wing","floor":3,"gold_loss":0},{"cards_removed":["Defend_G"],"damage_healed":0,"gold_gain":0,"player_choice":"Card Removal","damage_taken":0,"max_hp_gain":0,"max_hp_loss":0,"event_name":"The Cleric","floor":4,"gold_loss":50},{"damage_healed":0,"gold_gain":0,"player_choice":"Bought 1 Potion","damage_taken":0,"max_hp_gain":0,"max_hp_loss":0,"event_name":"The Woman in Blue","floor":8,"gold_loss":0},{"damage_healed":0,"gold_gain":30,"player_choice":"Searched \u00271\u0027 times","damage_taken":0,"max_hp_gain":0,"max_hp_loss":0,"event_name":"Dead Adventurer","floor":10,"gold_loss":0},{"damage_healed":23,"gold_gain":0,"player_choice":"Heal","damage_taken":0,"max_hp_gain":0,"max_hp_loss":0,"event_name":"The Library","floor":20,"gold_loss":0},{"damage_healed":0,"gold_gain":99,"player_choice":"Stole From Cult","damage_taken":0,"max_hp_gain":0,"max_hp_loss":0,"event_name":"Nest","floor":28,"gold_loss":0},{"damage_healed":0,"gold_gain":0,"player_choice":"Got Potions","damage_taken":0,"max_hp_gain":0,"max_hp_loss":0,"event_name":"Lab","floor":29,"gold_loss":0}],"is_beta":false,"boss_relics":[{"not_picked":["HoveringKite","Pandora\u0027s Box"],"picked":"White Beast Statue"}],"items_purged_floors":[19],"is_endless":false,"potions_floor_spawned":[1,6,7,18,21,22,24,27,31],"killed_by":"Champ","ascension_level":0}