{"gold_per_floor":[114,20,35,50,50,65,65,80,80,110,125,125,155,170,170,270,270,285,285,285,300,315,315,315,315,315,345,360,375,375],"floor_reached":30,"playtime":1875,"items_purged":[],"score":364,"play_id":"143f25c9-fb43-4154-8044-cf835c48b1b0","local_time":"20181208224235","daily_mods":["Draft","Red Cards","Night Terrors"],"is_ascension_mode":false,"campfire_choices":[{"data":"Armaments","floor":7,"key":"SMITH"},{"data":"Uppercut","floor":12,"key":"SMITH"},{"data":"Shrug It Off","floor":15,"key":"SMITH"},{"data":"Anger","floor":23,"key":"SMITH"},{"data":"Well Laid Plans","floor":25,"key":"SMITH"}],"neow_cost":"","seed_source_timestamp":458984286662101,"circlet_count":0,"master_deck":["Dagger Throw","Dagger Throw","Well Laid Plans+1","Uppercut+1","Underhanded Strike","Ghostly Armor","Prepared","Cleave","Spot Weakness","Headbutt","Whirlwind","Armaments+1","Masterful Stab","Heavy Blade","Backflip","Shrug It Off+1","Flash of Steel","Flex","Underhanded Strike","Anger+1","Forethought","Dash","Blur+1","Shockwave+1","Havoc+1","Escape Plan+1","Limit Break+1","Calculated Gamble+1","Cloak And Dagger+1","Decay","Disarm+1","PiercingWail+1"],"special_seed":17874,"relics":["Ring of the Snake","Toxic Egg 2","Bird Faced Urn","Blood Vial","WristBlade","Bottled Flame","Incense Burner"],"potions_floor_usage":[10,16,22,27,28,30],"damage_taken":[{"damage":0,"enemies":"Cultist","floor":1,"turns":2},{"damage":0,"enemies":"Jaw Worm","floor":3,"turns":2},{"damage":2,"enemies":"Small Slimes","floor":4,"turns":2},{"damage":2,"enemies":"Gremlin Gang","floor":6,"turns":2},{"damage":0,"enemies":"Large Slime","floor":8,"turns":3},{"damage":0,"enemies":"Lagavulin","floor":10,"turns":4},{"damage":11,"enemies":"Exordium Wildlife","floor":11,"turns":4},{"damage":0,"enemies":"Gremlin Nob","floor":13,"turns":3},{"damage":0,"enemies":"Looter","floor":14,"turns":2},{"damage":0,"enemies":"Slime Boss","floor":16,"turns":4},{"damage":10,"enemies":"Spheric Guardian","floor":18,"turns":4},{"damage":0,"enemies":"3 Byrds","floor":21,"turns":4},{"damage":6,"enemies":"Shelled Parasite and Fungi","floor":22,"turns":4},{"damage":42,"enemies":"Gremlin Leader","floor":27,"turns":7},{"damage":22,"enemies":"Snake Plant","floor":28,"turns":3},{"damage":0,"enemies":"Cultist and Chosen","floor":29,"turns":4},{"damage":18,"enemies":"Book of Stabbing","floor":30,"turns":3}],"seed_played":"-3807787308880061937","potions_obtained":[{"floor":3,"key":"SkillPotion"},{"floor":4,"key":"EssenceOfSteel"},{"floor":6,"key":"Fire Potion"},{"floor":13,"key":"Swift Potion"},{"floor":14,"key":"Block Potion"},{"floor":27,"key":"SteroidPotion"},{"floor":28,"key":"AttackPotion"},{"floor":29,"key":"SpeedPotion"}],"is_trial":false,"path_per_floor":["M","$","M","M","?","M","R","M","T","E","M","R","E","M","R","B",null,"M","?","?","M","M","R","?","R","T","E","M","M","E"],"character_chosen":"THE_SILENT","items_purchased":["Flash of Steel"],"campfire_rested":0,"item_purchase_floors":[2],"current_hp_per_floor":[70,70,70,68,68,66,66,66,66,66,57,57,57,61,61,65,70,60,60,60,64,62,62,62,62,62,24,6,10,0],"gold":375,"neow_bonus":"","is_prod":false,"is_daily":true,"chose_seed":false,"campfire_upgraded":5,"win_rate":0,"timestamp":1544326955,"path_taken":["M","$","M","M","?","M","R","M","T","E","M","R","E","?","R","BOSS","M","?","?","?","M","R","?","R","T","E","M","M","E"],"build_version":"2018-12-06","purchased_purges":0,"victory":false,"max_hp_per_floor":[70,70,70,70,70,70,70,70,70,70,70,70,70,70,70,70,70,70,70,70,70,70,70,70,70,70,70,70,70,70],"card_choices":[{"not_picked":["Headbutt","Reckless Charge"],"picked":"Dagger Throw","floor":0},{"not_picked":["Dodge and Roll","Outmaneuver"],"picked":"Dagger Throw","floor":0},{"not_picked":["Choke","Armaments"],"picked":"Well Laid Plans","floor":0},{"not_picked":["Predator","Clash"],"picked":"Uppercut","floor":0},{"not_picked":["Clash","Blade Dance"],"picked":"Underhanded Strike","floor":0},{"not_picked":["Burning Pact","Havoc"],"picked":"Ghostly Armor","floor":0},{"not_picked":["Armaments","Deadly Poison"],"picked":"Prepared","floor":0},{"not_picked":["Deflect","Shockwave"],"picked":"Cleave","floor":0},{"not_picked":["Sentinel","Body Slam"],"picked":"Spot Weakness","floor":0},{"not_picked":["Flex","Clash"],"picked":"Headbutt","floor":0},{"not_picked":["Deflect","Sever Soul"],"picked":"Whirlwind","floor":0},{"not_picked":["Slice","Evolve"],"picked":"Armaments","floor":0},{"not_picked":["Outmaneuver","Blood for Blood"],"picked":"Masterful Stab","floor":0},{"not_picked":["Armaments","Outmaneuver"],"picked":"Heavy Blade","floor":0},{"not_picked":["Poisoned Stab","Body Slam"],"picked":"Backflip","floor":0},{"not_picked":["Flex","Second Wind"],"picked":"Shrug It Off","floor":1},{"not_picked":["Combust","Quick Slash"],"picked":"Flex","floor":3},{"not_picked":["Fire Breathing","Flex"],"picked":"Underhanded Strike","floor":4},{"not_picked":["Deflect","Ghostly Armor"],"picked":"Dash","floor":6},{"not_picked":["Flying Knee","Clash"],"picked":"Carnage","floor":8},{"not_picked":["Body Slam","After Image"],"picked":"Blur+1","floor":10},{"not_picked":["Crippling Poison+1","Sentinel+1"],"picked":"Shockwave+1","floor":11},{"not_picked":["Slice","Perfected Strike"],"picked":"Havoc+1","floor":13},{"not_picked":["Outmaneuver+1","Evolve"],"picked":"Escape Plan+1","floor":14},{"not_picked":["Tools of the Trade","Die Die Die"],"picked":"Limit Break+1","floor":16},{"not_picked":["Deflect+1","Outmaneuver+1","Sucker Punch"],"picked":"SKIP","floor":18},{"not_picked":["Choke","Heavy Blade+1"],"picked":"Calculated Gamble+1","floor":21},{"not_picked":["Dual Wield+1","Poisoned Stab"],"picked":"Cloak And Dagger+1","floor":22},{"not_picked":["Perfected Strike","Armaments+1","Wild Strike"],"picked":"SKIP","floor":27},{"not_picked":["Heavy Blade","Feel No Pain"],"picked":"Disarm+1","floor":28},{"not_picked":["Dark Embrace","Hemokinesis"],"picked":"PiercingWail+1","floor":29}],"player_experience":416495,"relics_obtained":[{"floor":9,"key":"Toxic Egg 2"},{"floor":10,"key":"Bird Faced Urn"},{"floor":13,"key":"Blood Vial"},{"floor":26,"key":"Bottled Flame"},{"floor":27,"key":"Incense Burner"}],"event_choices":[{"damage_healed":0,"gold_gain":0,"player_choice":"2 cards matched","damage_taken":0,"max_hp_gain":0,"max_hp_loss":0,"event_name":"Match and Keep!","floor":5,"gold_loss":0,"cards_obtained":["Anger","Forethought"]},{"damage_healed":0,"gold_gain":0,"player_choice":"Ignored","damage_taken":0,"max_hp_gain":0,"max_hp_loss":0,"event_name":"Vampires","floor":19,"gold_loss":0},{"cards_removed":["Carnage"],"damage_healed":0,"gold_gain":0,"player_choice":"Purged","damage_taken":0,"max_hp_gain":0,"max_hp_loss":0,"event_name":"Purifier","floor":20,"gold_loss":0},{"damage_healed":0,"gold_gain":0,"player_choice":"Smashed Altar","damage_taken":0,"max_hp_gain":0,"max_hp_loss":0,"event_name":"Forgotten Altar","floor":24,"gold_loss":0,"cards_obtained":["Decay"]}],"is_beta":true,"boss_relics":[{"not_picked":["Astrolabe","Snecko Eye"],"picked":"WristBlade"}],"items_purged_floors":[],"is_endless":false,"potions_floor_spawned":[3,4,6,13,14,27,28,29],"killed_by":"Book of Stabbing","ascension_level":0}