{"gold_per_floor":[110,110,123,137,87,120,120,120,120,139,149,180,180,198,198,299,299,314,40,54,54,68,99,99,14,14,14,25,25,25,25,25,122,122,138,138,138,238,238,267,267,267,267,267,287,287,307,85,85,85],"floor_reached":51,"playtime":3899,"items_purged":["Strike_R","Writhe"],"score":726,"play_id":"e8e0f8ce-bd66-4116-96f0-35e469a746df","local_time":"20190212215426","is_ascension_mode":false,"campfire_choices":[{"data":"Bash","floor":8.0,"key":"SMITH"},{"data":"Feed","floor":13.0,"key":"SMITH"},{"data":"Clothesline","floor":15.0,"key":"SMITH"},{"floor":24.0,"key":"REST"},{"data":"Spot Weakness","floor":27.0,"key":"SMITH"},{"floor":30.0,"key":"REST"},{"data":"Fiend Fire","floor":32.0,"key":"SMITH"},{"floor":44.0,"key":"REST"},{"data":"Panache","floor":46.0,"key":"SMITH"},{"data":"Disarm","floor":49,"key":"SMITH"}],"neow_cost":"NONE","seed_source_timestamp":97027851114100,"circlet_count":0,"master_deck":["Strike_R","Strike_R","Strike_R","Defend_R","Defend_R","Defend_R","Bash+1","Clothesline+1","Spot Weakness+1","Iron Wave","Dropkick","Dropkick","Feed+1","Flex","Double Tap+1","Iron Wave","Thunderclap","Cleave+1","Warcry+1","Fiend Fire+1","Dropkick","Offering","Warcry+1","Panache+1","Warcry+1","Disarm+1","Disarm+1"],"special_seed":0,"relics":["Burning Blood","Sundial","Red Skull","Matryoshka","Nunchaku","Black Star","TheAbacus","Oddly Smooth Stone","Charon\u0027s Ashes","Bird Faced Urn","Vajra","Ginger","Enchiridion","Runic Pyramid","Turnip","Pocketwatch","Dodecahedron","Centennial Puzzle","Bag of Preparation"],"potions_floor_usage":[50,50],"damage_taken":[{"damage":7.0,"enemies":"Small Slimes","floor":1.0,"turns":4.0},{"damage":6.0,"enemies":"Jaw Worm","floor":3.0,"turns":4.0},{"damage":2.0,"enemies":"2 Louse","floor":4.0,"turns":4.0},{"damage":25.0,"enemies":"Lagavulin","floor":6.0,"turns":6.0},{"damage":10.0,"enemies":"Exordium Thugs","floor":10.0,"turns":5.0},{"damage":4.0,"enemies":"Gremlin Gang","floor":11.0,"turns":4.0},{"damage":12.0,"enemies":"Gremlin Nob","floor":12.0,"turns":4.0},{"damage":12.0,"enemies":"Large Slime","floor":14.0,"turns":7.0},{"damage":20.0,"enemies":"Hexaghost","floor":16.0,"turns":7.0},{"damage":19.0,"enemies":"3 Byrds","floor":18.0,"turns":7.0},{"damage":20.0,"enemies":"Spheric Guardian","floor":20.0,"turns":4.0},{"damage":5.0,"enemies":"Centurion and Healer","floor":22.0,"turns":5.0},{"damage":40.0,"enemies":"Gremlin Leader","floor":23.0,"turns":6.0},{"damage":18.0,"enemies":"Snake Plant","floor":28.0,"turns":3.0},{"damage":50.0,"enemies":"Collector","floor":33.0,"turns":7.0},{"damage":1.0,"enemies":"Orb Walker","floor":35.0,"turns":3.0},{"damage":6.0,"enemies":"Mind Bloom Boss Battle","floor":38.0,"turns":3.0},{"damage":78.0,"enemies":"Nemesis","floor":40.0,"turns":5.0},{"damage":22.0,"enemies":"3 Shapes","floor":45.0,"turns":5.0},{"damage":4,"enemies":"Writhing Mass","floor":47,"turns":2},{"damage":47,"enemies":"Time Eater","floor":50,"turns":5}],"seed_played":"6271342594325507307","potions_obtained":[{"floor":3.0,"key":"Weak Potion"},{"floor":10.0,"key":"LiquidBronze"},{"floor":11.0,"key":"GamblersBrew"},{"floor":16.0,"key":"FearPotion"},{"floor":18.0,"key":"Energy Potion"},{"floor":23.0,"key":"Ancient Potion"},{"floor":28.0,"key":"Fire Potion"},{"floor":38.0,"key":"Explosive Potion"},{"floor":45.0,"key":"Poison Potion"}],"is_trial":false,"path_per_floor":["M","?","M","M","?","E","?","R","T","M","M","E","R","M","R","B",null,"M","$","M","?","M","E","R","?","T","R","M","?","R","?","R","B",null,"M","?","?","?","?","E","?","?","T","R","M","R","M","$","R","B",null],"character_chosen":"IRONCLAD","items_purchased":["TheAbacus","Regen Potion","Fire Potion"],"campfire_rested":3,"item_purchase_floors":[19,48,48],"current_hp_per_floor":[87,75,75,79,79,60,65,65,65,61,63,57,57,55,55,41,97,88,88,78,78,83,53,86,86,86,86,78,62,97,97,97,59,121,121,121,121,121,121,51,51,81,81,117,109,109,115,115,115,92],"gold":85,"neow_bonus":"TEN_PERCENT_HP_BONUS","is_prod":false,"is_daily":false,"chose_seed":false,"campfire_upgraded":7,"win_rate":0,"timestamp":1550026466,"path_taken":["M","?","M","M","?","E","?","R","T","M","M","E","R","M","R","BOSS","M","$","M","?","?","E","R","?","T","R","M","?","R","?","R","BOSS","M","?","?","?","?","E","?","?","T","R","?","R","M","?","R","BOSS"],"build_version":"2019-02-06","purchased_purges":2,"victory":true,"max_hp_per_floor":[88,88,88,88,88,88,93,93,93,93,93,93,93,97,97,97,97,101,101,105,105,109,113,113,113,113,113,117,117,117,117,117,121,121,121,121,121,121,121,121,121,121,121,121,125,125,125,125,125,125],"card_choices":[{"not_picked":["Heavy Blade","Wild Strike"],"picked":"Clothesline","floor":1.0},{"not_picked":["Havoc","Shrug It Off"],"picked":"Spot Weakness","floor":3.0},{"not_picked":["True Grit","Pommel Strike"],"picked":"Iron Wave","floor":4.0},{"not_picked":["Twin Strike","Sword Boomerang"],"picked":"Dropkick","floor":6.0},{"not_picked":["Feel No Pain","Sever Soul","Armaments"],"picked":"SKIP","floor":10.0},{"not_picked":["Sentinel","Heavy Blade"],"picked":"Dropkick","floor":11.0},{"not_picked":["Cleave","Clothesline"],"picked":"Feed","floor":12.0},{"not_picked":["Hemokinesis","Perfected Strike"],"picked":"Flex","floor":14.0},{"not_picked":["Dark Embrace","Immolate"],"picked":"Double Tap","floor":16.0},{"not_picked":["Anger","Clothesline"],"picked":"Iron Wave","floor":18.0},{"not_picked":["Perfected Strike","Body Slam"],"picked":"Thunderclap","floor":20.0},{"not_picked":["Disarm","Anger+1"],"picked":"Cleave+1","floor":22.0},{"not_picked":["Hemokinesis","Body Slam"],"picked":"Warcry+1","floor":23.0},{"not_picked":["Sword Boomerang","Sentinel+1"],"picked":"Fiend Fire","floor":28.0},{"not_picked":["Limit Break","Berserk"],"picked":"Offering","floor":33.0},{"not_picked":["Bloodletting","Armaments"],"picked":"Warcry+1","floor":35.0},{"not_picked":["Blind","Trip"],"picked":"Panache","floor":37.0},{"not_picked":["Evolve","True Grit+1"],"picked":"Warcry+1","floor":38.0},{"not_picked":["Hemokinesis","Burning Pact","Sentinel"],"picked":"SKIP","floor":40.0},{"not_picked":["Clothesline","Havoc+1"],"picked":"Disarm+1","floor":45.0},{"not_picked":["Clash","Perfected Strike+1"],"picked":"Disarm","floor":47}],"player_experience":625318,"relics_obtained":[{"floor":6.0,"key":"Red Skull"},{"floor":9.0,"key":"Matryoshka"},{"floor":12.0,"key":"Nunchaku"},{"floor":23.0,"key":"Oddly Smooth Stone"},{"floor":23.0,"key":"Charon\u0027s Ashes"},{"floor":26.0,"key":"Vajra"},{"floor":26.0,"key":"Ginger"},{"floor":29.0,"key":"Enchiridion"},{"floor":38.0,"key":"Turnip"},{"floor":40.0,"key":"Pocketwatch"},{"floor":40.0,"key":"Dodecahedron"},{"floor":43.0,"key":"Centennial Puzzle"},{"floor":43.0,"key":"Bag of Preparation"}],"event_choices":[{"damage_healed":0.0,"max_hp_gain":0.0,"max_hp_loss":0.0,"gold_gain":0.0,"event_name":"Scrap Ooze","player_choice":"Success","floor":2.0,"gold_loss":0.0,"damage_taken":12.0,"relics_obtained":["Sundial"]},{"cards_removed":["Strike_R"],"damage_healed":0.0,"max_hp_gain":0.0,"max_hp_loss":0.0,"gold_gain":0.0,"event_name":"The Cleric","player_choice":"Card Removal","floor":5.0,"gold_loss":50.0,"damage_taken":0.0},{"damage_healed":0.0,"max_hp_gain":5.0,"max_hp_loss":0.0,"gold_gain":0.0,"event_name":"Big Fish","player_choice":"Donut","floor":7.0,"gold_loss":0.0,"damage_taken":0.0},{"damage_healed":0.0,"max_hp_gain":0.0,"max_hp_loss":0.0,"gold_gain":0.0,"event_name":"Upgrade Shrine","player_choice":"Upgraded","floor":21.0,"gold_loss":0.0,"damage_taken":0.0,"cards_upgraded":["Double Tap"]},{"damage_healed":0.0,"max_hp_gain":0.0,"max_hp_loss":0.0,"gold_gain":0.0,"event_name":"Addict","player_choice":"Obtained Relic","floor":25.0,"gold_loss":85.0,"damage_taken":0.0,"relics_obtained":["Bird Faced Urn"]},{"damage_healed":0.0,"max_hp_gain":0.0,"max_hp_loss":0.0,"gold_gain":0.0,"event_name":"Cursed Tome","player_choice":"Obtained Book","floor":29.0,"gold_loss":0.0,"damage_taken":16.0},{"damage_healed":0.0,"max_hp_gain":0.0,"max_hp_loss":0.0,"gold_gain":0.0,"event_name":"The Library","player_choice":"Read","floor":31.0,"gold_loss":0.0,"damage_taken":0.0,"cards_obtained":["Dropkick"]},{"cards_removed":["Defend_R"],"damage_healed":0.0,"max_hp_gain":0.0,"max_hp_loss":0.0,"gold_gain":0.0,"event_name":"Falling","player_choice":"Removed Skill","floor":36.0,"gold_loss":0.0,"damage_taken":0.0},{"damage_healed":0.0,"max_hp_gain":0.0,"max_hp_loss":0.0,"gold_gain":0.0,"event_name":"SensoryStone","player_choice":"Memory 1","floor":37.0,"gold_loss":0.0,"damage_taken":0.0},{"damage_healed":0.0,"max_hp_gain":0.0,"max_hp_loss":0.0,"gold_gain":0.0,"event_name":"MindBloom","player_choice":"Fight","floor":38.0,"gold_loss":0.0,"damage_taken":0.0},{"damage_healed":0.0,"max_hp_gain":0.0,"max_hp_loss":0.0,"gold_gain":0.0,"event_name":"Tomb of Lord Red Mask","player_choice":"Ignored","floor":39.0,"gold_loss":0.0,"damage_taken":0.0},{"damage_healed":0.0,"max_hp_gain":0.0,"max_hp_loss":0.0,"gold_gain":0.0,"event_name":"Mysterious Sphere","player_choice":"Ignored","floor":41.0,"gold_loss":0.0,"damage_taken":0.0},{"damage_healed":30.0,"max_hp_gain":0.0,"max_hp_loss":0.0,"gold_gain":0.0,"event_name":"Winding Halls","player_choice":"Writhe","floor":42.0,"gold_loss":0.0,"damage_taken":0.0,"cards_obtained":["Writhe"]}],"is_beta":true,"boss_relics":[{"not_picked":["Empty Cage","Cursed Key"],"picked":"Black Star"},{"not_picked":["Lizard Tail","Orrery"],"picked":"Runic Pyramid"}],"items_purged_floors":[19,48],"is_endless":false,"potions_floor_spawned":[3,10,11,16,18,23,28,38,45],"ascension_level":0}