{"gold_per_floor":[116,126,144,157,169,169,195,215,265,7,24,24,39,54,54,153,153,163,173,191,208,208,208],"floor_reached":23,"playtime":1037,"items_purged":[],"score":302,"play_id":"9a702937-36ef-4973-8474-c382820c1ece","local_time":"20190124170615","is_ascension_mode":true,"campfire_choices":[{"floor":6,"key":"REST"},{"floor":12,"key":"REST"},{"floor":15,"key":"REST"}],"neow_cost":"NONE","seed_source_timestamp":426367220056204,"circlet_count":0,"master_deck":["AscendersBane","Strike_B+1","Strike_B+1","Strike_B+1","Strike_B+1","Defend_B+1","Defend_B+1","Defend_B+1","Defend_B+1","Zap","Dualcast+1","Rebound","Static Discharge","Blizzard","Barrage","Capacitor","Defragment","Conserve Battery","Sunder","Echo Form","Loop","Hologram+1"],"relics":["FrozenCore","Pantograph","Centennial Puzzle","Runic Capacitor"],"potions_floor_usage":[7,8,11,16,16,21,23],"damage_taken":[{"damage":0,"enemies":"Cultist","floor":1,"turns":3},{"damage":2,"enemies":"Small Slimes","floor":2,"turns":4},{"damage":0,"enemies":"2 Louse","floor":3,"turns":3},{"damage":60,"enemies":"Gremlin Gang","floor":4,"turns":6},{"damage":2,"enemies":"3 Louse","floor":5,"turns":4},{"damage":23,"enemies":"Gremlin Nob","floor":7,"turns":4},{"damage":12,"enemies":"2 Fungi Beasts","floor":8,"turns":5},{"damage":13,"enemies":"Exordium Thugs","floor":11,"turns":6},{"damage":19,"enemies":"Blue Slaver","floor":13,"turns":5},{"damage":14,"enemies":"3 Louse","floor":14,"turns":3},{"damage":40,"enemies":"The Guardian","floor":16,"turns":11},{"damage":8,"enemies":"Chosen","floor":18,"turns":5},{"damage":5,"enemies":"Spheric Guardian","floor":19,"turns":7},{"damage":6,"enemies":"Centurion and Healer","floor":20,"turns":9},{"damage":27,"enemies":"Cultist and Chosen","floor":21,"turns":11},{"damage":15,"enemies":"Gremlin Leader","floor":23,"turns":1}],"seed_played":"4477820463376344623","potions_obtained":[{"floor":3,"key":"FocusPotion"},{"floor":4,"key":"FairyPotion"},{"floor":7,"key":"Regen Potion"},{"floor":8,"key":"Regen Potion"},{"floor":11,"key":"SkillPotion"},{"floor":13,"key":"Poison Potion"},{"floor":18,"key":"SneckoOil"},{"floor":19,"key":"LiquidBronze"}],"is_trial":false,"path_per_floor":["M","M","M","M","M","R","E","M","T","$","M","R","M","M","R","B",null,"M","M","M","M","?","E"],"character_chosen":"DEFECT","items_purchased":["Defragment","Runic Capacitor"],"campfire_rested":3,"item_purchase_floors":[10,10],"current_hp_per_floor":[68,66,66,6,4,26,3,12,12,12,13,35,16,2,24,9,59,51,46,40,13,13,0],"gold":208,"neow_bonus":"UPGRADE_CARD","is_prod":false,"is_daily":false,"chose_seed":false,"campfire_upgraded":0,"win_rate":0,"timestamp":1548345975,"path_taken":["M","M","M","M","?","R","E","M","T","?","M","R","M","M","R","BOSS","M","M","M","M","?","E"],"build_version":"2019-01-23","purchased_purges":0,"victory":false,"max_hp_per_floor":[75,75,75,75,75,75,75,75,75,75,75,75,75,75,75,75,75,75,75,75,75,75,75],"card_choices":[{"not_picked":["Beam Cell","Go for the Eyes","Sweeping Beam"],"picked":"SKIP","floor":1},{"not_picked":["Beam Cell","Ball Lightning","Turbo"],"picked":"SKIP","floor":2},{"not_picked":["Steam","Rip and Tear"],"picked":"Rebound","floor":3},{"not_picked":["Consume","Turbo"],"picked":"Static Discharge","floor":4},{"not_picked":["Compile Driver","Coolheaded"],"picked":"Blizzard","floor":5},{"not_picked":["Rebound","Skim"],"picked":"Barrage","floor":7},{"not_picked":["Beam Cell","Rebound"],"picked":"Capacitor","floor":8},{"not_picked":["Hyperbeam","Ball Lightning","Go for the Eyes"],"picked":"SKIP","floor":11},{"not_picked":["Ball Lightning","Rebound"],"picked":"Conserve Battery","floor":13},{"not_picked":["Consume","Redo"],"picked":"Sunder","floor":14},{"not_picked":["Buffer","Core Surge"],"picked":"Echo Form","floor":16},{"not_picked":["Leap+1","Beam Cell+1"],"picked":"Loop","floor":18},{"not_picked":["Barrage","Gash"],"picked":"Hologram+1","floor":19},{"not_picked":["Stack","Turbo","Compile Driver+1"],"picked":"SKIP","floor":20},{"not_picked":["Hologram","Reprogram","Sweeping Beam"],"picked":"SKIP","floor":21}],"player_experience":694245,"relics_obtained":[{"floor":7,"key":"Pantograph"},{"floor":9,"key":"Centennial Puzzle"}],"event_choices":[{"damage_healed":0,"gold_gain":0,"player_choice":"Simplicity","damage_taken":0,"max_hp_gain":0,"max_hp_loss":0,"event_name":"Back to Basics","floor":22,"gold_loss":0,"cards_upgraded":["Strike_B","Strike_B","Strike_B","Strike_B","Defend_B","Defend_B","Defend_B","Defend_B"]}],"is_beta":false,"boss_relics":[{"not_picked":["Ectoplasm","Philosopher\u0027s Stone"],"picked":"FrozenCore"}],"items_purged_floors":[],"is_endless":false,"potions_floor_spawned":[3,4,7,8,11,13,18,19],"killed_by":"Gremlin Leader","ascension_level":10}