{"gold_per_floor":[110,124,144,244,264,299,299,327,327,360,377,377,391,418,418,518,518,529,517,517],"floor_reached":20,"playtime":967,"items_purged":[],"score":309,"play_id":"3ec3f1f4-804d-4fe2-ac02-736992793274","local_time":"20190127194936","is_ascension_mode":true,"campfire_choices":[{"floor":7,"key":"REST"},{"floor":12,"key":"REST"},{"floor":15,"key":"REST"}],"neow_cost":"NONE","seed_source_timestamp":695456636716401,"circlet_count":0,"master_deck":["AscendersBane","Strike_B","Strike_B","Strike_B","Strike_B","Defend_B","Defend_B","Defend_B","Defend_B","Zap","Dualcast","Coolheaded","White Noise","Steam","Electrodynamics","Capacitor","Conserve Battery+1","Cold Snap","Multi-Cast+1","Amplify+1","Coolheaded+1"],"relics":["Cracked Core","Calipers","The Courier","Sundial","Toxic Egg 2","Darkstone Periapt","Inserter"],"potions_floor_usage":[8,8,14,16,19],"damage_taken":[{"damage":0,"enemies":"Small Slimes","floor":1,"turns":3},{"damage":0,"enemies":"Cultist","floor":2,"turns":4},{"damage":5,"enemies":"Jaw Worm","floor":3,"turns":5},{"damage":1,"enemies":"3 Louse","floor":5,"turns":5},{"damage":24,"enemies":"Gremlin Nob","floor":6,"turns":4},{"damage":14,"enemies":"3 Sentries","floor":8,"turns":6},{"damage":28,"enemies":"Lagavulin","floor":10,"turns":7},{"damage":4,"enemies":"Blue Slaver","floor":11,"turns":4},{"damage":11,"enemies":"Large Slime","floor":13,"turns":5},{"damage":14,"enemies":"Gremlin Nob","floor":14,"turns":5},{"damage":44,"enemies":"The Guardian","floor":16,"turns":14},{"damage":2,"enemies":"3 Byrds","floor":18,"turns":2},{"damage":10,"enemies":"2 Thieves","floor":19,"turns":5},{"damage":53,"enemies":"Cultist and Chosen","floor":20,"turns":5}],"seed_played":"-6909918655018487768","potions_obtained":[{"floor":2,"key":"SkillPotion"},{"floor":6,"key":"EssenceOfSteel"},{"floor":10,"key":"Ancient Potion"},{"floor":13,"key":"Weak Potion"},{"floor":14,"key":"GamblersBrew"},{"floor":16,"key":"Dexterity Potion"},{"floor":18,"key":"Block Potion"},{"floor":19,"key":"Poison Potion"}],"is_trial":false,"path_per_floor":["M","M","M","?","M","E","R","E","T","E","M","R","M","E","R","B",null,"M","M","M"],"character_chosen":"DEFECT","items_purchased":[],"campfire_rested":3,"item_purchase_floors":[],"current_hp_per_floor":[75,75,70,70,69,45,69,55,55,27,23,47,36,22,46,2,62,60,50,0],"gold":517,"neow_bonus":"TEN_PERCENT_HP_BONUS","is_prod":false,"is_daily":false,"chose_seed":false,"campfire_upgraded":0,"win_rate":0,"timestamp":1548614976,"path_taken":["M","M","M","?","M","E","R","E","T","E","M","R","M","E","R","BOSS","M","?","M"],"build_version":"2019-01-23","purchased_purges":0,"victory":false,"max_hp_per_floor":[82,82,82,82,82,82,82,82,82,82,82,82,82,82,82,82,82,82,82,82],"card_choices":[{"not_picked":["Force Field","FTL"],"picked":"Coolheaded","floor":1},{"not_picked":["Tempest","Stack"],"picked":"White Noise","floor":2},{"not_picked":["Coolheaded","Hologram"],"picked":"Steam","floor":3},{"not_picked":["White Noise","Hologram"],"picked":"Electrodynamics","floor":5},{"not_picked":["Force Field","Leap","Static Discharge"],"picked":"SKIP","floor":6},{"not_picked":["Barrage","Gash"],"picked":"Capacitor","floor":8},{"not_picked":["Stack","Static Discharge","Compile Driver"],"picked":"SKIP","floor":10},{"not_picked":["Blizzard","Machine Learning"],"picked":"Conserve Battery+1","floor":11},{"not_picked":["Genetic Algorithm+1","Turbo+1"],"picked":"Cold Snap","floor":13},{"not_picked":["Meteor Strike","Barrage"],"picked":"Multi-Cast+1","floor":14},{"not_picked":["Biased Cognition","Electrodynamics"],"picked":"Amplify+1","floor":16},{"not_picked":["Cold Snap","Beam Cell+1","Conserve Battery+1"],"picked":"SKIP","floor":18},{"not_picked":["Leap+1","Compile Driver"],"picked":"Coolheaded+1","floor":19}],"player_experience":701553,"relics_obtained":[{"floor":6,"key":"Calipers"},{"floor":8,"key":"The Courier"},{"floor":9,"key":"Sundial"},{"floor":10,"key":"Toxic Egg 2"},{"floor":14,"key":"Darkstone Periapt"}],"event_choices":[{"damage_healed":0,"gold_gain":100,"player_choice":"Pray","damage_taken":0,"max_hp_gain":0,"max_hp_loss":0,"event_name":"Golden Shrine","floor":4,"gold_loss":0}],"is_beta":false,"boss_relics":[{"not_picked":["White Beast Statue","Coffee Dripper"],"picked":"Inserter"}],"items_purged_floors":[],"is_endless":false,"potions_floor_spawned":[2,6,10,13,14,16,18,19],"killed_by":"Cultist and Chosen","ascension_level":10}