{"gold_per_floor":[314,325,325,335,351,378,378,406,406,406,406,439,463,488,488,617,617,640,235,235,7,32,32],"floor_reached":23,"playtime":847,"items_purged":[],"score":243,"play_id":"7c20e232-ab94-497a-a64a-006e8858ccf7","local_time":"20180628141530","is_ascension_mode":true,"campfire_choices":[{"data":"Juggernaut","floor":7,"key":"SMITH"},{"data":"Inflame","floor":10,"key":"SMITH"},{"floor":15,"key":"REST"}],"neow_cost":"NO_GOLD","seed_source_timestamp":4013213554789,"circlet_count":0,"master_deck":["Strike_R","Strike_R","Strike_R","Strike_R","Defend_R","Defend_R","Defend_R","Defend_R","Bash","Inflame+1","Whirlwind","Dropkick","Rupture","Juggernaut+1","Evolve","Reckless Charge","Reaper","Bludgeon","Inflame","Flame Barrier","Rupture"],"relics":["Burning Blood","Old Coin","Regal Pillow","Gremlin Horn","Golden Idol","Turnip","Empty Cage","Mercury Hourglass","Happy Flower","Nloth\u0027s Gift","Singing Bowl"],"potions_floor_usage":[8,12,18,23],"damage_taken":[{"damage":1,"enemies":"Cultist","floor":1,"turns":3},{"damage":3,"enemies":"2 Louse","floor":2,"turns":3},{"damage":8,"enemies":"Small Slimes","floor":4,"turns":3},{"damage":1,"enemies":"Exordium Thugs","floor":5,"turns":4},{"damage":27,"enemies":"3 Sentries","floor":6,"turns":6},{"damage":36,"enemies":"Lagavulin","floor":8,"turns":8},{"damage":8,"enemies":"Gremlin Nob","floor":12,"turns":3},{"damage":12,"enemies":"2 Fungi Beasts","floor":13,"turns":3},{"damage":0,"enemies":"3 Louse","floor":14,"turns":1},{"damage":12,"enemies":"Slime Boss","floor":16,"turns":9},{"damage":28,"enemies":"2 Thieves","floor":18,"turns":4},{"damage":6,"enemies":"3 Byrds","floor":22,"turns":4},{"damage":114,"enemies":"Book of Stabbing","floor":23,"turns":6}],"seed_played":"591632686818809311","potions_obtained":[{"floor":6,"key":"Weak Potion"},{"floor":8,"key":"FearPotion"},{"floor":13,"key":"Regen Potion"},{"floor":16,"key":"SteroidPotion"}],"is_trial":false,"path_per_floor":["M","M","?","M","M","E","R","E","T","R","?","E","M","M","R","B",null,"M","$","?","$","M"],"character_chosen":"IRONCLAD","items_purchased":["Mercury Hourglass","Happy Flower","Flame Barrier","Singing Bowl"],"campfire_rested":1,"item_purchase_floors":[19,19,21,21],"current_hp_per_floor":[80,80,80,78,80,59,59,29,29,29,29,27,21,27,66,74,80,58,58,58,58,79,0],"gold":32,"neow_bonus":"ONE_RARE_RELIC","is_prod":false,"is_daily":false,"chose_seed":false,"campfire_upgraded":2,"win_rate":0,"timestamp":1530188130,"path_taken":["M","M","?","M","M","E","R","E","T","R","?","E","M","M","R","BOSS","M","$","?","$","M","E"],"build_version":"2018-06-21v2","purchased_purges":0,"victory":false,"max_hp_per_floor":[80,80,80,80,80,80,80,80,80,80,80,80,80,80,80,80,80,80,80,80,80,80,80],"card_choices":[{"not_picked":["Armaments","Twin Strike"],"picked":"Inflame","floor":1},{"not_picked":["Dual Wield","Warcry"],"picked":"Whirlwind","floor":2},{"not_picked":["Pommel Strike","Clothesline"],"picked":"Dropkick","floor":4},{"not_picked":["Perfected Strike","Rage"],"picked":"Rupture","floor":5},{"not_picked":["Rupture","Headbutt"],"picked":"Juggernaut","floor":6},{"not_picked":["Clash","True Grit"],"picked":"Evolve","floor":8},{"not_picked":["Clothesline","Burning Pact","Twin Strike"],"picked":"SKIP","floor":12},{"not_picked":["Warcry","Disarm"],"picked":"Reckless Charge","floor":13},{"not_picked":["Havoc","Ghostly Armor"],"picked":"Reaper","floor":14},{"not_picked":["Impervious","Feed"],"picked":"Bludgeon","floor":16},{"not_picked":["Sword Boomerang+1","Dropkick"],"picked":"Inflame","floor":18},{"not_picked":["Whirlwind","Heavy Blade+1"],"picked":"Rupture","floor":22}],"player_experience":447878,"relics_obtained":[{"floor":6,"key":"Regal Pillow"},{"floor":8,"key":"Gremlin Horn"},{"floor":9,"key":"Du-Vu Doll"},{"floor":12,"key":"Turnip"}],"event_choices":[{"event_name":"The Woman in Blue","player_choice":"Bought 0 Potions","floor":3,"damage_taken":0},{"event_name":"Golden Idol","player_choice":"Take Wound","floor":11,"damage_taken":0},{"event_name":"N\u0027loth","player_choice":"Traded a Du-Vu Doll","floor":20,"damage_taken":0}],"boss_relics":[{"not_picked":["Runic Pyramid","Busted Crown"],"picked":"Empty Cage"}],"items_purged_floors":[],"is_endless":false,"potions_floor_spawned":[6,8,13,16],"killed_by":"Book of Stabbing","ascension_level":3}