{"gold_per_floor":[109,127,16,34,3,3,35,35,35,55,69,96,96,114,114,210,210,228,247,5,19,19,19,51,51,51,61,61,80,108,121,121,219,219,236,236,247,247,469,469,500,500,500,515,549,349,349],"floor_reached":47,"playtime":2817,"items_purged":["Strike_G","Strike_G"],"score":667,"play_id":"3df0f805-7bec-4491-8f4e-58cde4b7e669","local_time":"20181216142825","is_ascension_mode":true,"campfire_choices":[{"data":"Neutralize","floor":6,"key":"SMITH"},{"data":"Noxious Fumes","floor":8,"key":"SMITH"},{"data":"Survivor","floor":13,"key":"SMITH"},{"data":"Footwork","floor":15,"key":"SMITH"},{"data":"Footwork","floor":23,"key":"SMITH"},{"floor":25,"key":"REST"},{"data":"Noxious Fumes","floor":28,"key":"SMITH"},{"data":"Deflect","floor":32,"key":"SMITH"},{"data":"Apotheosis","floor":40,"key":"SMITH"},{"floor":42,"key":"REST"}],"neow_cost":"NONE","seed_source_timestamp":278308770087300,"circlet_count":0,"master_deck":["Defend_G","Defend_G","Defend_G","Defend_G","Defend_G","Strike_G+1","Strike_G+1","Survivor+1","Neutralize+1","Noxious Fumes+1","Bouncing Flask","Blur","Deflect+1","Deadly Poison","Noxious Fumes+1","Footwork+1","Corpse Explosion","Blur","Backflip","Prepared","Reflex","Dodge and Roll","Footwork+1","Leg Sweep","Crippling Poison","Backflip","Backflip+1","Dodge and Roll+1","Burst","Dodge and Roll+1","Apotheosis+1","Prepared+1","Calculated Gamble+1"],"relics":["Ring of the Snake","Dodecahedron","The Courier","Odd Mushroom","Orrery","Thread and Needle","Red Mask","Tough Bandages","Meat on the Bone","Velvet Choker","Whetstone","Shuriken","Oddly Smooth Stone"],"potions_floor_usage":[7,12,16,30,41,45,47,47],"damage_taken":[{"damage":2,"enemies":"Jaw Worm","floor":1,"turns":9},{"damage":0,"enemies":"2 Louse","floor":2,"turns":4},{"damage":0,"enemies":"Small Slimes","floor":4,"turns":4},{"damage":21,"enemies":"3 Sentries","floor":7,"turns":10},{"damage":0,"enemies":"Blue Slaver","floor":10,"turns":5},{"damage":3,"enemies":"3 Louse","floor":11,"turns":4},{"damage":7,"enemies":"The Mushroom Lair","floor":12,"turns":5},{"damage":2,"enemies":"2 Fungi Beasts","floor":14,"turns":4},{"damage":25,"enemies":"Slime Boss","floor":16,"turns":9},{"damage":0,"enemies":"Spheric Guardian","floor":18,"turns":3},{"damage":0,"enemies":"Chosen","floor":19,"turns":6},{"damage":0,"enemies":"Snake Plant","floor":21,"turns":6},{"damage":0,"enemies":"Colosseum Slavers","floor":22,"turns":6},{"damage":39,"enemies":"Masked Bandits","floor":24,"turns":5},{"damage":6,"enemies":"Sentry and Sphere","floor":27,"turns":6},{"damage":7,"enemies":"Shelled Parasite and Fungi","floor":29,"turns":8},{"damage":17,"enemies":"Gremlin Leader","floor":30,"turns":7},{"damage":9,"enemies":"Snake Plant","floor":31,"turns":6},{"damage":0,"enemies":"Champ","floor":33,"turns":14},{"damage":0,"enemies":"Orb Walker","floor":35,"turns":5},{"damage":0,"enemies":"3 Shapes","floor":37,"turns":3},{"damage":60,"enemies":"Reptomancer","floor":41,"turns":8},{"damage":0,"enemies":"Sphere and 2 Shapes","floor":44,"turns":6},{"damage":16,"enemies":"Nemesis","floor":45,"turns":9},{"damage":39,"enemies":"Reptomancer","floor":47,"turns":2}],"seed_played":"-4374148324661051780","potions_obtained":[{"floor":1,"key":"Dexterity Potion"},{"floor":10,"key":"GhostInAJar"},{"floor":11,"key":"Strength Potion"},{"floor":14,"key":"SpeedPotion"},{"floor":18,"key":"SteroidPotion"},{"floor":29,"key":"SneckoOil"},{"floor":30,"key":"FearPotion"},{"floor":31,"key":"Regen Potion"},{"floor":44,"key":"PowerPotion"},{"floor":45,"key":"SteroidPotion"}],"is_trial":false,"path_per_floor":["M","M","$","M","?","R","E","R","T","M","M","?","R","M","R","B",null,"M","M","$","M","?","R","?","R","T","M","R","M","E","M","R","B",null,"M","?","M","?","?","R","E","R","T","M","E","$","E"],"character_chosen":"THE_SILENT","items_purchased":["Blur","Thread and Needle","PowerPotion","Dexterity Potion","Block Potion"],"campfire_rested":2,"item_purchase_floors":[3,20,46,46,46],"current_hp_per_floor":[68,68,68,68,68,68,47,47,47,47,44,37,37,35,35,10,70,70,70,70,70,70,70,31,52,52,46,46,39,22,25,25,37,70,70,66,66,66,66,66,33,52,52,52,36,36,0],"gold":349,"neow_bonus":"REMOVE_CARD","is_prod":false,"is_daily":false,"chose_seed":false,"campfire_upgraded":8,"win_rate":0,"timestamp":1544966905,"path_taken":["M","M","$","M","?","R","E","R","T","M","M","?","R","M","R","BOSS","M","M","$","M","?","R","?","R","T","M","R","M","E","M","R","BOSS","M","?","M","?","?","R","E","R","T","M","E","$","E"],"build_version":"2018-12-13","purchased_purges":2,"victory":false,"max_hp_per_floor":[70,70,70,70,70,70,70,70,70,70,70,70,70,70,70,70,70,70,70,70,70,70,70,70,70,70,70,70,70,70,70,70,70,70,70,66,66,66,66,66,66,66,66,66,66,66,66],"card_choices":[{"not_picked":["Infinite Blades","Blur"],"picked":"Noxious Fumes","floor":1},{"not_picked":["Reflex","Slice"],"picked":"Bouncing Flask","floor":2},{"not_picked":["Prepared","Sucker Punch"],"picked":"Deflect","floor":4},{"not_picked":["Cloak And Dagger","Setup","Distraction"],"picked":"SKIP","floor":7},{"not_picked":["Slice","Deflect"],"picked":"Deadly Poison","floor":10},{"not_picked":["Prepared","Sucker Punch","Glass Knife"],"picked":"SKIP","floor":11},{"not_picked":["Masterful Stab","Blade Dance"],"picked":"Noxious Fumes","floor":12},{"not_picked":["Quick Slash","Flechettes"],"picked":"Footwork","floor":14},{"not_picked":["Malaise","A Thousand Cuts"],"picked":"Corpse Explosion","floor":16},{"not_picked":["Finisher","Tactician"],"picked":"Blur","floor":17},{"not_picked":["Poisoned Stab","Dagger Spray"],"picked":"Backflip","floor":17},{"not_picked":["Quick Slash","Die Die Die"],"picked":"Prepared","floor":17},{"not_picked":["Acrobatics","Blade Dance"],"picked":"Reflex","floor":17},{"not_picked":["Bane","Slice"],"picked":"Dodge and Roll","floor":18},{"not_picked":["Dodge and Roll","Skewer"],"picked":"Footwork","floor":19},{"not_picked":["Deflect","Bane"],"picked":"Leg Sweep","floor":21},{"not_picked":["PiercingWail+1","Corpse Explosion"],"picked":"Crippling Poison","floor":24},{"not_picked":["Outmaneuver","Poisoned Stab+1","PiercingWail+1"],"picked":"SKIP","floor":27},{"not_picked":["Dagger Throw","Dagger Spray"],"picked":"Backflip","floor":29},{"not_picked":["Flying Knee+1","Bouncing Flask+1"],"picked":"Backflip+1","floor":30},{"not_picked":["Expertise","Quick Slash"],"picked":"Dodge and Roll+1","floor":31},{"not_picked":["Venomology","Night Terror"],"picked":"Burst","floor":33},{"not_picked":["Underhanded Strike","Leg Sweep"],"picked":"Dodge and Roll+1","floor":35},{"not_picked":["Expertise","Poisoned Stab+1","Dagger Throw+1"],"picked":"SKIP","floor":37},{"not_picked":["Dramatic Entrance","HandOfGreed"],"picked":"Apotheosis","floor":38},{"not_picked":["Tactician+1","Well Laid Plans+1"],"picked":"Prepared+1","floor":41},{"not_picked":["Cloak And Dagger+1","PiercingWail","Flechettes+1"],"picked":"SKIP","floor":44},{"not_picked":["Tactician+1","Cloak And Dagger"],"picked":"Calculated Gamble+1","floor":45}],"player_experience":270456,"relics_obtained":[{"floor":7,"key":"Dodecahedron"},{"floor":9,"key":"The Courier"},{"floor":12,"key":"Odd Mushroom"},{"floor":24,"key":"Red Mask"},{"floor":26,"key":"Tough Bandages"},{"floor":30,"key":"Meat on the Bone"},{"floor":41,"key":"Whetstone"},{"floor":43,"key":"Shuriken"},{"floor":45,"key":"Oddly Smooth Stone"}],"event_choices":[{"damage_healed":0,"gold_gain":0,"player_choice":"Left Gold","damage_taken":0,"max_hp_gain":0,"max_hp_loss":0,"event_name":"World of Goop","floor":5,"gold_loss":31},{"damage_healed":0,"gold_gain":0,"player_choice":"Fought Mushrooms","damage_taken":0,"max_hp_gain":0,"max_hp_loss":0,"event_name":"Mushrooms","floor":12,"gold_loss":0},{"damage_healed":0,"gold_gain":0,"player_choice":"Fight","damage_taken":0,"max_hp_gain":0,"max_hp_loss":0,"event_name":"Colosseum","floor":22,"gold_loss":0},{"damage_healed":0,"gold_gain":0,"player_choice":"Fled From Nobs","damage_taken":0,"max_hp_gain":0,"max_hp_loss":0,"event_name":"Colosseum","floor":22,"gold_loss":0},{"damage_healed":0,"gold_gain":0,"player_choice":"Fought Bandits","damage_taken":0,"max_hp_gain":0,"max_hp_loss":0,"event_name":"Masked Bandits","floor":24,"gold_loss":0},{"damage_healed":0,"gold_gain":0,"player_choice":"Max HP","damage_taken":0,"max_hp_gain":0,"max_hp_loss":4,"event_name":"Winding Halls","floor":36,"gold_loss":0},{"damage_healed":0,"gold_gain":0,"player_choice":"Memory 1","damage_taken":0,"max_hp_gain":0,"max_hp_loss":0,"event_name":"SensoryStone","floor":38,"gold_loss":0},{"damage_healed":0,"gold_gain":222,"player_choice":"Wore Mask","damage_taken":0,"max_hp_gain":0,"max_hp_loss":0,"event_name":"Tomb of Lord Red Mask","floor":39,"gold_loss":0}],"is_beta":false,"boss_relics":[{"not_picked":["White Beast Statue","Eternal Feather"],"picked":"Orrery"},{"not_picked":["HoveringKite","Coffee Dripper"],"picked":"Velvet Choker"}],"items_purged_floors":[3,46],"is_endless":false,"potions_floor_spawned":[1,10,11,14,18,29,30,31,44,45],"killed_by":"Reptomancer","ascension_level":3}