{"gold_per_floor":[99,99,99,46,60,60,60,60,138,138,63,63,83,83,83,182,182,200,200,200,218,236,236,246,246,270,290,306,306,306,323,323,422,422,438,452,452,432,448,448,468,478,478,504,504,536,536,550,550,550],"floor_reached":51,"playtime":3395,"items_purged":["Strike_B"],"score":722,"play_id":"72136d5f-7f0d-4369-a721-d3bdd31f5b69","local_time":"20190114015017","is_ascension_mode":false,"campfire_choices":[{"data":"Dualcast","floor":6,"key":"SMITH"},{"data":"Zap","floor":8,"key":"SMITH"},{"data":"Cold Snap","floor":10,"key":"SMITH"},{"data":"Conserve Battery","floor":12,"key":"SMITH"},{"data":"Defragment","floor":15,"key":"SMITH"},{"data":"Static Discharge","floor":23,"key":"SMITH"},{"data":"Redo","floor":25,"key":"SMITH"},{"floor":32,"key":"REST"},{"data":"Defragment","floor":40,"key":"SMITH"},{"floor":45,"key":"REST"},{"data":"Seek","floor":47,"key":"SMITH"},{"floor":49,"key":"REST"}],"neow_cost":"NONE","seed_source_timestamp":395594938708572,"circlet_count":0,"master_deck":["Zap+1","Dualcast+1","Defragment+1","Cold Snap+1","Conserve Battery+1","Defragment+1","Reboot","Coolheaded","RitualDagger","Static Discharge+1","Leap","Redo+1","Seek+1","Reinforced Body+1","Chill","Multi-Cast","Gash","Capacitor","Chill","Auto Shields","Defragment+1","Impatience","Gash","Defragment+1","Cold Snap+1","Tempest+1"],"relics":["Cracked Core","Omamori","Cables","Inserter","Ancient Tea Set","Art of War","Pandora\u0027s Box","Centennial Puzzle","Strawberry","Sundial"],"potions_floor_usage":[21,33,33,33,42,42,46],"damage_taken":[{"damage":5,"enemies":"Small Slimes","floor":1,"turns":4},{"damage":6,"enemies":"Jaw Worm","floor":5,"turns":3},{"damage":0,"enemies":"2 Louse","floor":13,"turns":2},{"damage":7,"enemies":"Slime Boss","floor":16,"turns":6},{"damage":4,"enemies":"Spheric Guardian","floor":18,"turns":3},{"damage":14,"enemies":"3 Byrds","floor":21,"turns":5},{"damage":17,"enemies":"3 Cultists","floor":22,"turns":5},{"damage":2,"enemies":"Cultist and Chosen","floor":24,"turns":6},{"damage":4,"enemies":"Sentry and Sphere","floor":27,"turns":4},{"damage":10,"enemies":"Chosen and Byrds","floor":28,"turns":6},{"damage":16,"enemies":"Cultist and Chosen","floor":31,"turns":5},{"damage":10,"enemies":"Collector","floor":33,"turns":14},{"damage":5,"enemies":"3 Shapes","floor":35,"turns":6},{"damage":0,"enemies":"3 Darklings","floor":36,"turns":9},{"damage":0,"enemies":"Transient","floor":39,"turns":5},{"damage":40,"enemies":"4 Shapes","floor":41,"turns":9},{"damage":5,"enemies":"Writhing Mass","floor":42,"turns":4},{"damage":0,"enemies":"Giant Head","floor":44,"turns":12},{"damage":2,"enemies":"Reptomancer","floor":46,"turns":11},{"damage":0,"enemies":"3 Darklings","floor":48,"turns":7},{"damage":36,"enemies":"Donu and Deca","floor":50,"turns":9}],"seed_played":"-1863575449879995261","potions_obtained":[{"floor":16,"key":"PowerPotion"},{"floor":27,"key":"Poison Potion"},{"floor":28,"key":"Dexterity Potion"},{"floor":31,"key":"EssenceOfSteel"},{"floor":33,"key":"FocusPotion"},{"floor":36,"key":"EssenceOfSteel"},{"floor":38,"key":"FairyPotion"},{"floor":42,"key":"SteroidPotion"},{"floor":44,"key":"LiquidBronze"},{"floor":46,"key":"Poison Potion"}],"is_trial":false,"path_per_floor":["M","?","?","$","M","R","?","R","T","R","$","R","M","?","R","B",null,"M","?","?","M","M","R","M","R","T","M","M","?","?","M","R","B",null,"M","M","?","?","M","R","M","M","T","E","R","E","R","M","R","B",null],"character_chosen":"DEFECT","items_purchased":["Cold Snap"],"campfire_rested":3,"item_purchase_floors":[4],"current_hp_per_floor":[70,52,52,52,46,46,46,46,46,46,46,46,46,51,51,44,80,76,70,70,56,39,39,37,37,37,33,23,23,23,7,31,21,80,75,75,75,75,75,75,35,30,30,37,63,61,61,61,87,51],"gold":550,"neow_bonus":"REMOVE_CARD","is_prod":false,"is_daily":false,"chose_seed":false,"campfire_upgraded":9,"win_rate":0.0,"timestamp":1547459417,"path_taken":["M","?","?","?","M","R","?","R","T","R","$","R","M","?","R","BOSS","M","?","?","M","M","R","M","R","T","?","M","?","?","M","R","BOSS","M","M","?","?","M","R","?","M","T","E","R","E","R","M","R","BOSS"],"build_version":"2019-01-10","purchased_purges":1,"victory":true,"max_hp_per_floor":[75,75,75,75,75,75,75,75,75,75,75,75,75,80,80,80,80,80,80,80,80,80,80,80,80,80,80,80,80,80,80,80,80,80,80,80,80,80,80,80,80,80,80,87,87,87,87,87,87,87],"card_choices":[{"not_picked":["Leap","Barrage"],"picked":"Defragment","floor":1},{"not_picked":["Scrape","Gash"],"picked":"Conserve Battery","floor":5},{"not_picked":["Streamline","Turbo"],"picked":"Defragment","floor":13},{"not_picked":["Rainbow","Thunder Strike"],"picked":"Reboot","floor":16},{"not_picked":["Gash","Steam+1"],"picked":"Coolheaded","floor":18},{"not_picked":["Ball Lightning","Hologram"],"picked":"Static Discharge","floor":21},{"not_picked":["Conserve Battery","Stack"],"picked":"Leap","floor":22},{"not_picked":["Compile Driver","Scrape"],"picked":"Redo","floor":24},{"not_picked":["Gash+1","Turbo+1"],"picked":"Seek","floor":27},{"not_picked":["Storm","Hologram+1"],"picked":"Reinforced Body+1","floor":28},{"not_picked":["Conserve Battery+1","Melter"],"picked":"Chill","floor":31},{"not_picked":["Buffer","Fission"],"picked":"Multi-Cast","floor":33},{"not_picked":["Redo","Coolheaded","Go for the Eyes"],"picked":"SKIP","floor":35},{"not_picked":["Go for the Eyes","Multi-Cast","Redo"],"picked":"SKIP","floor":36},{"not_picked":["Magnetism","Forethought"],"picked":"Impatience","floor":37},{"not_picked":["Compile Driver+1","Hologram+1"],"picked":"Gash","floor":39},{"not_picked":["Cold Snap+1","Auto Shields"],"picked":"Defragment+1","floor":41},{"not_picked":["Fusion+1","Gash"],"picked":"Cold Snap+1","floor":42},{"not_picked":["Rebound","Turbo+1","Leap"],"picked":"SKIP","floor":44},{"not_picked":["Go for the Eyes+1","Steam"],"picked":"Tempest+1","floor":46},{"not_picked":["Turbo","Rebound+1","Sweeping Beam+1"],"picked":"SKIP","floor":48}],"player_experience":246205,"relics_obtained":[{"floor":9,"key":"Cables"},{"floor":26,"key":"Ancient Tea Set"},{"floor":43,"key":"Centennial Puzzle"},{"floor":44,"key":"Strawberry"},{"floor":46,"key":"Sundial"}],"event_choices":[{"damage_healed":0,"gold_gain":0,"player_choice":"Success","damage_taken":18,"relics_obtained":["Omamori"],"max_hp_gain":0,"max_hp_loss":0,"event_name":"Scrap Ooze","floor":2,"gold_loss":0},{"damage_healed":0,"gold_gain":0,"player_choice":"Ignored","damage_taken":0,"max_hp_gain":0,"max_hp_loss":0,"event_name":"Shining Light","floor":3,"gold_loss":0},{"damage_healed":0,"gold_gain":0,"player_choice":"Grow","damage_taken":0,"max_hp_gain":0,"max_hp_loss":0,"event_name":"Living Wall","floor":7,"gold_loss":0,"cards_upgraded":["Defragment"]},{"damage_healed":0,"gold_gain":0,"player_choice":"Donut","damage_taken":0,"max_hp_gain":5,"max_hp_loss":0,"event_name":"Big Fish","floor":14,"gold_loss":0},{"damage_healed":0,"gold_gain":0,"player_choice":"Joined the Cult","damage_taken":6,"max_hp_gain":0,"max_hp_loss":0,"event_name":"Nest","floor":19,"gold_loss":0,"cards_obtained":["RitualDagger"]},{"damage_healed":0,"gold_gain":0,"player_choice":"Ignored","damage_taken":0,"max_hp_gain":0,"max_hp_loss":0,"event_name":"NoteForYourself","floor":20,"gold_loss":0},{"cards_removed":["Defend_B"],"damage_healed":0,"gold_gain":0,"player_choice":"Elegance","damage_taken":0,"max_hp_gain":0,"max_hp_loss":0,"event_name":"Back to Basics","floor":29,"gold_loss":0},{"damage_healed":0,"gold_gain":0,"player_choice":"Opened","damage_taken":0,"relics_obtained":["Art of War"],"max_hp_gain":0,"max_hp_loss":0,"event_name":"The Mausoleum","floor":30,"gold_loss":0},{"damage_healed":0,"gold_gain":0,"player_choice":"Memory 1","damage_taken":0,"max_hp_gain":0,"max_hp_loss":0,"event_name":"SensoryStone","floor":37,"gold_loss":0},{"damage_healed":0,"gold_gain":0,"player_choice":"Bought 1 Potion","damage_taken":0,"max_hp_gain":0,"max_hp_loss":0,"event_name":"The Woman in Blue","floor":38,"gold_loss":0}],"is_beta":false,"boss_relics":[{"not_picked":["Calling Bell","Runic Pyramid"],"picked":"Inserter"},{"not_picked":["Runic Dome","Black Star"],"picked":"Pandora\u0027s Box"}],"items_purged_floors":[11],"is_endless":false,"potions_floor_spawned":[16,27,28,31,33,36,42,44,46],"ascension_level":0}