{"gold_per_floor":[118,137,154,168,11,39,39,100,100,100,100,100,79,95,95,195,195,212,212,12,30,30,30,0,13,67,84,84,102,102,102,102,199,199,209,209,4,4,4,39,39,49,73,85,117,117,133,12,12,12],"floor_reached":50,"playtime":2609,"items_purged":[],"score":609,"play_id":"4aa1c9c7-9777-4b92-928d-445ad1435d4d","local_time":"20190224160359","is_ascension_mode":true,"campfire_choices":[{"data":"Masterful Stab","floor":7,"key":"SMITH"},{"floor":10,"key":"REST"},{"floor":12,"key":"REST"},{"data":"Footwork","floor":15,"key":"SMITH"},{"data":"Dodge and Roll","floor":23,"key":"SMITH"},{"data":"Distraction","floor":28,"key":"SMITH"},{"floor":30,"key":"REST"},{"data":"Crippling Poison","floor":32,"key":"SMITH"},{"floor":41,"key":"REST"},{"floor":49,"key":"REST"}],"neow_cost":"NONE","seed_source_timestamp":26450528118117,"circlet_count":0,"master_deck":["Defend_G","Defend_G","Defend_G","Defend_G","Defend_G","Strike_G","Strike_G","Survivor","Neutralize","Footwork+1","Crippling Poison+1","Flying Knee","Endless Agony","Skewer+1","Distraction+1","Backflip","Dodge and Roll+1","Die Die Die","Poisoned Stab+1","Catalyst+1","Envenom+1","Dodge and Roll","Footwork+1","Cloak And Dagger","Dash+1","Deflect","Deadly Poison","Bane","Die Die Die","Caltrops+1","Deflect","Poisoned Stab+1","Dodge and Roll+1","Poisoned Stab","Dodge and Roll+1"],"relics":["Ring of the Snake","Oddly Smooth Stone","Tiny Chest","Pen Nib","Astrolabe","Juzu Bracelet","Anchor","Ornamental Fan","Philosopher\u0027s Stone","Regal Pillow","Letter Opener","Strawberry","Toxic Egg 2"],"potions_floor_usage":[6,6,6,16,25,27,27,40,40,45,47,50,50],"damage_taken":[{"damage":9,"enemies":"Small Slimes","floor":1,"turns":4},{"damage":0,"enemies":"2 Louse","floor":2,"turns":3},{"damage":0,"enemies":"Cultist","floor":3,"turns":5},{"damage":3,"enemies":"Looter","floor":4,"turns":4},{"damage":2,"enemies":"Lagavulin","floor":6,"turns":5},{"damage":30,"enemies":"Gremlin Nob","floor":8,"turns":5},{"damage":0,"enemies":"Blue Slaver","floor":14,"turns":3},{"damage":24,"enemies":"The Guardian","floor":16,"turns":15},{"damage":17,"enemies":"Spheric Guardian","floor":18,"turns":6},{"damage":0,"enemies":"Chosen","floor":21,"turns":5},{"damage":13,"enemies":"Snake Plant","floor":25,"turns":7},{"damage":1,"enemies":"Centurion and Healer","floor":27,"turns":8},{"damage":2,"enemies":"Shelled Parasite and Fungi","floor":29,"turns":6},{"damage":10,"enemies":"Automaton","floor":33,"turns":12},{"damage":0,"enemies":"Orb Walker","floor":35,"turns":2},{"damage":24,"enemies":"Nemesis","floor":40,"turns":9},{"damage":34,"enemies":"3 Darklings","floor":42,"turns":5},{"damage":4,"enemies":"Transient","floor":44,"turns":5},{"damage":5,"enemies":"Giant Head","floor":45,"turns":10},{"damage":16,"enemies":"Sphere and 2 Shapes","floor":47,"turns":5},{"damage":67,"enemies":"Awakened One","floor":50,"turns":19}],"seed_played":"3240521876913850554","potions_obtained":[{"floor":0,"key":"Block Potion"},{"floor":0,"key":"SneckoOil"},{"floor":0,"key":"PowerPotion"},{"floor":2,"key":"Poison Potion"},{"floor":14,"key":"Dexterity Potion"},{"floor":16,"key":"Regen Potion"},{"floor":21,"key":"SpeedPotion"},{"floor":25,"key":"Weak Potion"},{"floor":33,"key":"Weak Potion"},{"floor":35,"key":"SpeedPotion"},{"floor":40,"key":"GhostInAJar"},{"floor":45,"key":"Fire Potion"},{"floor":47,"key":"GamblersBrew"}],"is_trial":false,"path_per_floor":["M","M","M","M","$","E","R","E","T","R","?","R","?","M","R","B",null,"M","?","$","M","$","R","?","M","T","M","R","M","R","T","R","B",null,"M","?","$","?","$","E","R","M","T","M","E","?","M","$","R","B"],"character_chosen":"THE_SILENT","items_purchased":["Skewer","Distraction","Juzu Bracelet","Cloak And Dagger","Deflect","Regal Pillow","FearPotion","Poisoned Stab","Dodge and Roll+1"],"campfire_rested":5,"item_purchase_floors":[5,5,20,20,37,37,48,48,48],"current_hp_per_floor":[61,61,61,58,58,56,56,26,26,47,47,68,68,68,68,44,70,53,53,53,53,53,53,53,40,40,54,54,52,70,70,70,60,70,70,70,70,70,70,46,70,36,43,39,34,67,51,51,67,0],"gold":12,"neow_bonus":"THREE_SMALL_POTIONS","is_prod":false,"is_daily":false,"chose_seed":false,"campfire_upgraded":5,"win_rate":0,"timestamp":1551045839,"path_taken":["M","M","M","M","$","E","R","E","T","R","?","R","?","M","R","BOSS","M","?","?","M","$","R","?","M","T","M","R","M","R","?","R","BOSS","M","?","$","?","$","E","R","M","T","M","E","?","M","?","R","BOSS"],"build_version":"2019-01-23","purchased_purges":0,"victory":false,"max_hp_per_floor":[70,70,70,70,70,70,70,70,70,70,70,70,70,70,70,70,70,70,70,70,70,70,70,70,70,70,70,70,70,70,70,70,70,70,70,70,70,70,70,70,70,70,77,77,77,67,67,67,67,67],"card_choices":[{"not_picked":["Infinite Blades","Backflip"],"picked":"Footwork","floor":1},{"not_picked":["Backflip","Bouncing Flask"],"picked":"Crippling Poison","floor":2},{"not_picked":["Concentrate","Deflect"],"picked":"Flying Knee","floor":3},{"not_picked":["Underhanded Strike","Accuracy"],"picked":"Endless Agony","floor":4},{"not_picked":["Acrobatics","Bullet Time"],"picked":"Masterful Stab","floor":6},{"not_picked":["Dagger Throw","Choke"],"picked":"Backflip","floor":8},{"not_picked":["Outmaneuver","Footwork"],"picked":"Dodge and Roll","floor":14},{"not_picked":["Burst","A Thousand Cuts"],"picked":"Die Die Die","floor":16},{"not_picked":["Backstab","Cloak And Dagger"],"picked":"Dodge and Roll","floor":18},{"not_picked":["Accuracy","Acrobatics+1"],"picked":"Dash+1","floor":21},{"not_picked":["All Out Attack","Dagger Throw+1"],"picked":"Deflect","floor":25},{"not_picked":["Flying Knee","Unload"],"picked":"Deadly Poison","floor":27},{"not_picked":["Dash","Infinite Blades"],"picked":"Bane","floor":29},{"not_picked":["Bullet Time","Doppelganger"],"picked":"Die Die Die","floor":33},{"not_picked":["Dagger Spray+1","Outmaneuver"],"picked":"Caltrops+1","floor":35},{"not_picked":["Quick Slash","Flying Knee+1"],"picked":"Poisoned Stab+1","floor":40},{"not_picked":["Storm of Steel","Dagger Spray","Dodge and Roll"],"picked":"SKIP","floor":42},{"not_picked":["Acrobatics","Finisher+1","Dagger Spray+1"],"picked":"SKIP","floor":44},{"not_picked":["Underhanded Strike","Eviscerate","Phantasmal Killer"],"picked":"SKIP","floor":45},{"not_picked":["Flechettes","All Out Attack"],"picked":"Dodge and Roll+1","floor":47}],"player_experience":350877,"relics_obtained":[{"floor":6,"key":"Oddly Smooth Stone"},{"floor":8,"key":"Tiny Chest"},{"floor":9,"key":"Pen Nib"},{"floor":26,"key":"Anchor"},{"floor":31,"key":"Ornamental Fan"},{"floor":40,"key":"Letter Opener"},{"floor":43,"key":"Strawberry"},{"floor":45,"key":"Toxic Egg 2"}],"event_choices":[{"damage_healed":0,"gold_gain":0,"player_choice":"Grow","damage_taken":0,"max_hp_gain":0,"max_hp_loss":0,"event_name":"Living Wall","floor":11,"gold_loss":0,"cards_upgraded":["Skewer"]},{"damage_healed":0,"gold_gain":0,"player_choice":"Left Gold","damage_taken":0,"max_hp_gain":0,"max_hp_loss":0,"event_name":"World of Goop","floor":13,"gold_loss":21},{"damage_healed":0,"gold_gain":0,"player_choice":"Copied","damage_taken":0,"max_hp_gain":0,"max_hp_loss":0,"event_name":"Duplicator","floor":19,"gold_loss":0,"cards_obtained":["Footwork"]},{"damage_healed":0,"gold_gain":0,"player_choice":"Paid Fearfully","damage_taken":0,"max_hp_gain":0,"max_hp_loss":0,"event_name":"Masked Bandits","floor":24,"gold_loss":30},{"damage_healed":0,"gold_gain":0,"player_choice":"Ignored","damage_taken":0,"max_hp_gain":0,"max_hp_loss":0,"event_name":"Transmorgrifier","floor":36,"gold_loss":0},{"cards_removed":["Masterful Stab"],"damage_healed":0,"gold_gain":0,"player_choice":"Removed Attack","damage_taken":0,"max_hp_gain":0,"max_hp_loss":0,"event_name":"Falling","floor":38,"gold_loss":0},{"damage_healed":67,"gold_gain":0,"player_choice":"Heal","damage_taken":0,"max_hp_gain":0,"max_hp_loss":10,"event_name":"The Moai Head","floor":46,"gold_loss":0}],"is_beta":false,"boss_relics":[{"not_picked":["Runic Dome","Ectoplasm"],"picked":"Astrolabe"},{"not_picked":["Calling Bell","Pandora\u0027s Box"],"picked":"Philosopher\u0027s Stone"}],"items_purged_floors":[],"is_endless":false,"potions_floor_spawned":[2,14,16,21,25,33,35,40,45,47],"killed_by":"Awakened One","ascension_level":2}