{"path_per_floor":["M","?","M","?","M","R","E","R","T","R","M","M"],"character_chosen":"DEFECT","items_purchased":[],"gold_per_floor":[111,111,129,129,141,141,169,169,221,221,233,243,243],"floor_reached":13,"campfire_rested":0,"playtime":387,"item_purchase_floors":[],"current_hp_per_floor":[75,57,51,36,30,30,6,6,6,6,3,3,0],"items_purged":[],"gold":243,"score":85,"play_id":"2b8fc840-0428-4a67-8d82-ea9ce2333063","local_time":"20180605042012","is_prod":false,"is_daily":false,"chose_seed":false,"is_ascension_mode":false,"campfire_upgraded":3,"win_rate":0.0,"timestamp":1528165212,"campfire_choices":[{"data":"FTL","floor":6,"key":"SMITH"},{"data":"Chill","floor":8,"key":"SMITH"},{"data":"Zap","floor":10,"key":"SMITH"}],"path_taken":["M","?","?","?","M","R","E","R","T","R","M","?","M"],"build_version":"2018-05-31","seed_source_timestamp":272195171273220,"purchased_purges":0,"victory":false,"master_deck":["Strike_B+1","Strike_B","Strike_B","Strike_B","Defend_B","Defend_B","Defend_B","Defend_B","Zap+1","Dualcast+1","White Noise","Capacitor","FTL+1","Chill+1","Storm","Reprogram"],"max_hp_per_floor":[75,75,75,75,75,75,75,75,75,75,75,75,75],"relics":["Cracked Core","Art of War","Happy Flower","Orichalcum"],"card_choices":[{"not_picked":["Streamline","Coolheaded"],"picked":"White Noise","floor":1},{"not_picked":["Gash","Melter"],"picked":"Capacitor","floor":3},{"not_picked":["Streamline","Turbo"],"picked":"FTL","floor":5},{"not_picked":["Ball Lightning","Heatsinks"],"picked":"Chill","floor":7},{"not_picked":["Stack","Leap"],"picked":"Storm","floor":11},{"not_picked":["Aggregate","Gash"],"picked":"Reprogram","floor":12}],"player_experience":308226,"potions_floor_usage":[],"damage_taken":[{"damage":0,"enemies":"2 Louse","floor":1,"turns":2},{"damage":6,"enemies":"Cultist","floor":3,"turns":4},{"damage":6,"enemies":"Jaw Worm","floor":5,"turns":2},{"damage":24,"enemies":"Gremlin Nob","floor":7,"turns":4},{"damage":3,"enemies":"2 Fungi Beasts","floor":11,"turns":3},{"damage":0,"enemies":"Large Slime","floor":12,"turns":4},{"damage":5,"enemies":"Blue Slaver","floor":13,"turns":2}],"relics_obtained":[{"floor":7,"key":"Happy Flower"},{"floor":9,"key":"Orichalcum"}],"event_choices":[{"event_name":"Scrap Ooze","player_choice":"success","floor":2,"damage_taken":18},{"event_name":"Shining Light","player_choice":"Entered Light","floor":4,"damage_taken":0}],"boss_relics":[],"items_purged_floors":[],"potions_floor_spawned":[1,7,12],"seed_played":"5481419665248154738","killed_by":"Blue Slaver","ascension_level":0,"potions_obtained":[{"floor":1,"key":"FocusPotion"},{"floor":7,"key":"Fire Potion"},{"floor":12,"key":"LiquidBronze"}],"is_trial":false}