{"gold_per_floor":[18,18,36,55,74,74,89,89,113,139,139,314,331,346,346,451,451,467,242,254,268,282,282,294,294,294,329,358,370,402,414,426,438],"floor_reached":33,"playtime":1520,"items_purged":["Strike_B"],"score":328,"play_id":"2862ea46-5821-4892-8b2e-9c241df160c2","local_time":"20190306020535","is_ascension_mode":true,"campfire_choices":[{"data":"Zap","floor":6,"key":"SMITH"},{"data":"Consume","floor":8,"key":"SMITH"},{"data":"Rip and Tear","floor":11,"key":"SMITH"},{"data":"Auto Shields","floor":15,"key":"SMITH"},{"data":"Electrodynamics","floor":23,"key":"SMITH"},{"data":"Conserve Battery","floor":25,"key":"SMITH"},{"data":"Dualcast","floor":29,"key":"SMITH"},{"floor":32,"key":"REST"}],"neow_cost":"NO_GOLD","seed_source_timestamp":137071865175031,"circlet_count":0,"master_deck":["Strike_B","Strike_B","Strike_B","Defend_B","Defend_B","Defend_B","Defend_B","Zap+1","Dualcast+1","Compile Driver","Auto Shields+1","Conserve Battery+1","Consume+1","Rip and Tear+1","Doubt","Ball Lightning","Electrodynamics+1","Sunder+1","Ball Lightning","Melter+1","Stack+1","Sweeping Beam+1"],"relics":["Cracked Core","Incense Burner","Happy Flower","Art of War","Snecko Eye","DataDisk","Molten Egg 2","MawBank"],"potions_floor_usage":[10,10,16,18,27,27,27,33],"damage_taken":[{"damage":7,"enemies":"Jaw Worm","floor":1,"turns":3},{"damage":1,"enemies":"Cultist","floor":3,"turns":3},{"damage":0,"enemies":"Small Slimes","floor":4,"turns":3},{"damage":0,"enemies":"Exordium Wildlife","floor":5,"turns":3},{"damage":1,"enemies":"2 Fungi Beasts","floor":7,"turns":3},{"damage":11,"enemies":"Gremlin Nob","floor":10,"turns":5},{"damage":0,"enemies":"Blue Slaver","floor":13,"turns":3},{"damage":0,"enemies":"Red Slaver","floor":14,"turns":2},{"damage":8,"enemies":"The Guardian","floor":16,"turns":10},{"damage":0,"enemies":"Chosen","floor":18,"turns":3},{"damage":0,"enemies":"Shell Parasite","floor":20,"turns":2},{"damage":10,"enemies":"Snecko","floor":21,"turns":4},{"damage":7,"enemies":"Cultist and Chosen","floor":22,"turns":4},{"damage":9,"enemies":"Centurion and Healer","floor":24,"turns":3},{"damage":19,"enemies":"Slavers","floor":27,"turns":4},{"damage":4,"enemies":"Shelled Parasite and Fungi","floor":28,"turns":3},{"damage":0,"enemies":"3 Cultists","floor":30,"turns":3},{"damage":51,"enemies":"Collector","floor":33,"turns":6}],"seed_played":"-822521647406208139","potions_obtained":[{"floor":2,"key":"Dexterity Potion"},{"floor":2,"key":"Weak Potion"},{"floor":2,"key":"Ancient Potion"},{"floor":13,"key":"EssenceOfSteel"},{"floor":16,"key":"GamblersBrew"},{"floor":18,"key":"Strength Potion"},{"floor":20,"key":"Strength Potion"},{"floor":27,"key":"Energy Potion"}],"is_trial":false,"path_per_floor":["M","?","M","M","M","R","M","R","T","E","R","?","M","M","R","B",null,"M","$","M","M","M","R","M","R","T","E","M","R","M","?","R","B"],"character_chosen":"DEFECT","items_purchased":["DataDisk"],"campfire_rested":1,"item_purchase_floors":[19],"current_hp_per_floor":[68,68,67,67,67,67,66,66,66,55,55,55,55,55,55,47,75,75,75,75,65,58,58,49,49,49,30,26,26,26,26,48,0],"gold":438,"neow_bonus":"ONE_RARE_RELIC","is_prod":false,"is_daily":false,"chose_seed":false,"campfire_upgraded":7,"win_rate":0,"timestamp":1551866735,"path_taken":["M","?","?","M","?","R","M","R","T","E","R","?","M","M","R","BOSS","M","$","M","M","M","R","M","R","T","E","M","R","M","?","R","BOSS"],"build_version":"2019-01-23","purchased_purges":1,"victory":false,"max_hp_per_floor":[75,75,75,75,75,75,75,75,75,75,75,75,75,75,75,75,75,75,75,75,75,75,75,75,75,75,75,75,75,75,75,75,75],"card_choices":[{"not_picked":["Rebound","Force Field"],"picked":"Compile Driver","floor":1},{"not_picked":["Hello World","Turbo","Redo"],"picked":"SKIP","floor":3},{"not_picked":["Storm","Sweeping Beam"],"picked":"Auto Shields","floor":4},{"not_picked":["BootSequence","Sweeping Beam"],"picked":"Conserve Battery","floor":5},{"not_picked":["Leap","Multi-Cast"],"picked":"Consume","floor":7},{"not_picked":["Loop","Compile Driver"],"picked":"Rip and Tear","floor":10},{"not_picked":["Fusion","Conserve Battery","Stack"],"picked":"SKIP","floor":13},{"not_picked":["Compile Driver","Conserve Battery"],"picked":"Ball Lightning","floor":14},{"not_picked":["Fission","Amplify"],"picked":"Electrodynamics","floor":16},{"not_picked":["Cold Snap","Consume+1"],"picked":"Sunder+1","floor":18},{"not_picked":["Compile Driver","Conserve Battery"],"picked":"Ball Lightning","floor":20},{"not_picked":["Static Discharge","Blizzard"],"picked":"Melter+1","floor":21},{"not_picked":["Barrage","Streamline"],"picked":"Stack+1","floor":22},{"not_picked":["Scrape+1","Gash","Coolheaded"],"picked":"SKIP","floor":24},{"not_picked":["Storm+1","Steam","Amplify"],"picked":"SKIP","floor":27},{"not_picked":["Barrage+1","Leap","Gash+1"],"picked":"SKIP","floor":28},{"not_picked":["Beam Cell+1","Hologram"],"picked":"Sweeping Beam+1","floor":30}],"player_experience":297134,"relics_obtained":[{"floor":9,"key":"Happy Flower"},{"floor":10,"key":"Art of War"},{"floor":26,"key":"Molten Egg 2"},{"floor":27,"key":"MawBank"}],"event_choices":[{"damage_healed":0,"gold_gain":0,"player_choice":"Got Potions","damage_taken":0,"max_hp_gain":0,"max_hp_loss":0,"event_name":"Lab","floor":2,"gold_loss":0},{"damage_healed":0,"gold_gain":175,"player_choice":"AGREE","damage_taken":0,"max_hp_gain":0,"max_hp_loss":0,"event_name":"Liars Game","floor":12,"gold_loss":0,"cards_obtained":["Doubt"]},{"damage_healed":0,"gold_gain":0,"player_choice":"Ignored","damage_taken":0,"max_hp_gain":0,"max_hp_loss":0,"event_name":"The Mausoleum","floor":31,"gold_loss":0}],"is_beta":false,"boss_relics":[{"not_picked":["Runic Dome","Calling Bell"],"picked":"Snecko Eye"}],"items_purged_floors":[19],"is_endless":false,"potions_floor_spawned":[3,5,13,16,18,20,21,27],"killed_by":"Collector","ascension_level":4}