{"gold_per_floor":[360,380,395,60,60,60,87,103,103,103,115,140,140,165,165,266,266,285,27,29,29,42,73,73,1,1,17,35,35,47,47,47,150,150,167,167,137,153,53,53,64,64,113,139,154,154,173,173,173,173],"floor_reached":51,"playtime":4770,"items_purged":["Pain","Strike_B"],"score":727,"play_id":"0e0d2be9-5e88-4450-87e5-1c1d27c268d6","local_time":"20190306235757","is_ascension_mode":true,"campfire_choices":[{"data":"Static Discharge","floor":6,"key":"SMITH"},{"floor":10,"key":"REST"},{"floor":15,"key":"REST"},{"floor":24,"key":"REST"},{"floor":32,"key":"REST"},{"floor":40,"key":"REST"},{"floor":42,"key":"RECALL"},{"floor":49,"key":"REST"}],"neow_cost":"CURSE","seed_source_timestamp":1918914655707102,"circlet_count":0,"master_deck":["Strike_B+1","Strike_B+1","Defend_B","Defend_B","Defend_B","Defend_B","Zap","Static Discharge+1","Rebound","Stack","Aggregate+1","Redo+1","Echo Form","Glacier+1","Thunder Strike","Stack+1","Fusion+1","Auto Shields+1","Coolheaded+1","Self Repair","Tempest+1","Sunder+1","Conserve Battery+1","Go for the Eyes+1","Blizzard+1","Seek+1","Steam+1","Sadistic Nature","White Noise+1","Turbo+1","Seek+1","Recycle+1"],"relics":["Cracked Core","Toxic Egg 2","Cables","Incense Burner","Ornamental Fan","Philosopher\u0027s Stone","Molten Egg 2","Nloth\u0027s Gift","Whetstone","Mummified Hand","Meat on the Bone","Fusion Hammer","Lantern"],"potions_floor_usage":[7,14,16,30,35,50,50,50],"damage_taken":[{"damage":1,"enemies":"2 Louse","floor":1,"turns":3},{"damage":9,"enemies":"Jaw Worm","floor":2,"turns":3},{"damage":3,"enemies":"Cultist","floor":3,"turns":3},{"damage":7,"enemies":"3 Sentries","floor":7,"turns":6},{"damage":24,"enemies":"Exordium Thugs","floor":8,"turns":4},{"damage":9,"enemies":"Gremlin Gang","floor":11,"turns":3},{"damage":17,"enemies":"Gremlin Nob","floor":12,"turns":4},{"damage":11,"enemies":"3 Sentries","floor":14,"turns":7},{"damage":47,"enemies":"Slime Boss","floor":16,"turns":12},{"damage":0,"enemies":"Spheric Guardian","floor":18,"turns":5},{"damage":22,"enemies":"2 Thieves","floor":20,"turns":5},{"damage":1,"enemies":"Centurion and Healer","floor":22,"turns":12},{"damage":26,"enemies":"Book of Stabbing","floor":23,"turns":6},{"damage":26,"enemies":"Chosen and Byrds","floor":27,"turns":10},{"damage":12,"enemies":"Cultist and Chosen","floor":28,"turns":3},{"damage":7,"enemies":"Shelled Parasite and Fungi","floor":30,"turns":4},{"damage":38,"enemies":"Automaton","floor":33,"turns":11},{"damage":3,"enemies":"3 Shapes","floor":35,"turns":3},{"damage":17,"enemies":"3 Darklings","floor":38,"turns":5},{"damage":0,"enemies":"Maw","floor":41,"turns":5},{"damage":0,"enemies":"Nemesis","floor":44,"turns":7},{"damage":0,"enemies":"Writhing Mass","floor":45,"turns":4},{"damage":5,"enemies":"Sphere and 2 Shapes","floor":47,"turns":5},{"damage":12,"enemies":"Awakened One","floor":50,"turns":9}],"seed_played":"-5756653524113122131","potions_obtained":[{"floor":3,"key":"PowerPotion"},{"floor":7,"key":"SpeedPotion"},{"floor":12,"key":"Swift Potion"},{"floor":16,"key":"Ancient Potion"},{"floor":22,"key":"SteroidPotion"},{"floor":28,"key":"Weak Potion"},{"floor":33,"key":"EssenceOfSteel"},{"floor":35,"key":"Energy Potion"},{"floor":37,"key":"Dexterity Potion"},{"floor":37,"key":"GamblersBrew"},{"floor":44,"key":"Swift Potion"}],"is_trial":false,"path_per_floor":["M","M","M","$","?","R","E","M","T","R","M","E","?","E","R","B",null,"M","$","M","?","M","E","R","$","T","M","M","T","M","?","R","B",null,"M","?","?","M","$","R","M","R","T","E","M","?","M","?","R","B",null],"character_chosen":"DEFECT","items_purchased":["Toxic Egg 2","Molten Egg 2","Self Repair"],"campfire_rested":6,"item_purchase_floors":[4,19,25],"current_hp_per_floor":[74,65,62,62,62,62,55,31,31,68,59,42,42,31,68,21,75,75,75,53,53,52,26,48,48,48,29,17,17,22,22,44,18,75,75,75,75,72,72,75,75,75,75,75,75,75,75,75,75,70],"gold":173,"neow_bonus":"TWO_FIFTY_GOLD","is_prod":false,"is_daily":false,"chose_seed":false,"campfire_upgraded":1,"win_rate":0,"timestamp":1551934677,"path_taken":["M","M","M","$","?","R","E","M","T","R","M","E","?","E","R","BOSS","M","$","M","?","M","E","R","$","T","?","M","?","?","?","R","BOSS","M","?","?","M","$","R","M","R","T","E","?","?","M","?","R","BOSS"],"build_version":"2019-01-23","purchased_purges":2,"victory":true,"max_hp_per_floor":[75,75,75,75,75,75,75,75,75,75,75,75,75,75,75,75,75,75,75,75,75,75,75,75,75,75,75,75,75,75,75,75,75,75,75,75,75,75,75,75,75,75,75,75,75,75,75,75,75,75],"card_choices":[{"not_picked":["Gash","Steam Power"],"picked":"Static Discharge","floor":1},{"not_picked":["Hello World","Turbo"],"picked":"Rebound","floor":2},{"not_picked":["Beam Cell","Rip and Tear"],"picked":"Stack","floor":3},{"not_picked":["Gash","Beam Cell"],"picked":"Aggregate+1","floor":7},{"not_picked":["Cold Snap","Barrage"],"picked":"Redo+1","floor":8},{"not_picked":["Beam Cell","Sweeping Beam"],"picked":"Echo Form","floor":11},{"not_picked":["Conserve Battery+1","Rebound"],"picked":"Glacier+1","floor":12},{"not_picked":["Hologram+1","Redo+1"],"picked":"Stack+1","floor":14},{"not_picked":["Meteor Strike","All For One"],"picked":"Thunder Strike","floor":16},{"not_picked":["Steam+1","Turbo+1"],"picked":"Stack+1","floor":18},{"not_picked":["Hello World+1","Beam Cell+1"],"picked":"Fusion+1","floor":20},{"not_picked":["Cold Snap+1","Turbo+1"],"picked":"Auto Shields+1","floor":22},{"not_picked":["Steam+1","Meteor Strike+1"],"picked":"Coolheaded+1","floor":23},{"not_picked":["Streamline+1","Turbo+1"],"picked":"Tempest+1","floor":27},{"not_picked":["Chaos+1","Recycle+1"],"picked":"Sunder+1","floor":28},{"not_picked":["Go for the Eyes+1","Coolheaded+1"],"picked":"Conserve Battery+1","floor":30},{"not_picked":["Core Surge+1","Fission+1"],"picked":"Seek+1","floor":33},{"not_picked":["Chaos+1","Ball Lightning+1"],"picked":"Steam+1","floor":35},{"not_picked":["Blind+1","Trip+1"],"picked":"Sadistic Nature","floor":36},{"not_picked":["Go for the Eyes+1","Hologram+1"],"picked":"White Noise+1","floor":38},{"not_picked":["Loop+1","Rebound+1"],"picked":"Turbo+1","floor":41},{"not_picked":["Sweeping Beam+1","Go for the Eyes+1"],"picked":"Seek+1","floor":44},{"not_picked":["Beam Cell+1","Gash+1","Barrage+1"],"picked":"SKIP","floor":45},{"not_picked":["Skim+1","Scrape+1"],"picked":"Recycle+1","floor":47}],"player_experience":89927,"relics_obtained":[{"floor":7,"key":"Regal Pillow"},{"floor":9,"key":"Cables"},{"floor":12,"key":"Incense Burner"},{"floor":14,"key":"Ornamental Fan"},{"floor":23,"key":"Whetstone"},{"floor":26,"key":"Mummified Hand"},{"floor":29,"key":"Meat on the Bone"},{"floor":44,"key":"Lantern"}],"event_choices":[{"damage_healed":0,"gold_gain":0,"player_choice":"Ignored","damage_taken":0,"max_hp_gain":0,"max_hp_loss":0,"event_name":"Shining Light","floor":5,"gold_loss":0},{"damage_healed":0,"gold_gain":0,"player_choice":"Fled","damage_taken":0,"max_hp_gain":0,"max_hp_loss":0,"event_name":"Scrap Ooze","floor":13,"gold_loss":0},{"damage_healed":0,"gold_gain":0,"player_choice":"Traded Relic","damage_taken":0,"relics_obtained":["Nloth\u0027s Gift"],"max_hp_gain":0,"max_hp_loss":0,"event_name":"N\u0027loth","floor":21,"relics_lost":["Regal Pillow"],"gold_loss":0},{"damage_healed":0,"gold_gain":0,"cards_transformed":["Dualcast","Strike_B"],"player_choice":"Became Test Subject","damage_taken":0,"max_hp_gain":0,"max_hp_loss":0,"event_name":"Drug Dealer","floor":31,"gold_loss":0,"cards_obtained":["Go for the Eyes","Blizzard"]},{"damage_healed":0,"gold_gain":0,"player_choice":"Memory 1","damage_taken":0,"max_hp_gain":0,"max_hp_loss":0,"event_name":"SensoryStone","floor":36,"gold_loss":0},{"damage_healed":0,"gold_gain":0,"player_choice":"Bought 2 Potions","damage_taken":0,"max_hp_gain":0,"max_hp_loss":0,"event_name":"The Woman in Blue","floor":37,"gold_loss":0},{"cards_removed":["Stack"],"damage_healed":0,"gold_gain":0,"player_choice":"Removed Skill","damage_taken":0,"max_hp_gain":0,"max_hp_loss":0,"event_name":"Falling","floor":46,"gold_loss":0},{"damage_healed":0,"gold_gain":0,"player_choice":"Full Heal","damage_taken":0,"max_hp_gain":0,"max_hp_loss":0,"event_name":"Wheel of Change","floor":48,"gold_loss":0}],"is_beta":false,"boss_relics":[{"not_picked":["Runic Dome","Black Star"],"picked":"Philosopher\u0027s Stone"},{"not_picked":["Tiny House","Coffee Dripper"],"picked":"Fusion Hammer"}],"items_purged_floors":[4,39],"is_endless":false,"potions_floor_spawned":[3,7,12,16,22,28,33,35,44,47],"ascension_level":1}