{"path_per_floor":["M","M","?","M","M","E","M","R","T","R","M","?","R","$","R","B",null,"M","M","$","?","M","R","E","M","T","R","T","$","R","E","R","B",null,"M","?","M","M"],"character_chosen":"THE_SILENT","items_purchased":["Catalyst","War Paint","Paper Crane","Footwork"],"gold_per_floor":[115,131,131,148,167,200,218,218,218,218,231,481,481,182,182,285,285,295,309,19,19,30,30,58,78,78,78,104,4,4,31,31,134,134,150,150,167,180],"floor_reached":39,"campfire_rested":2,"playtime":2920,"current_hp_per_floor":[67,65,65,56,42,57,57,57,57,57,57,57,57,57,57,38,70,52,48,48,70,53,53,46,30,30,51,51,51,51,23,44,23,70,54,44,45,2],"items_purged":["Strike_G","Strike_G"],"gold":180,"play_id":"01e54fba-25e3-4370-946e-503a383aed85","is_prod":false,"is_daily":false,"is_ascension_mode":true,"campfire_upgraded":6,"path_taken":["M","?","?","?","M","E","M","R","T","R","M","?","R","$","R","BOSS","M","M","$","?","M","R","E","?","T","R","?","$","R","E","R","BOSS","M","?","M","M","M"],"build_version":"2018-01-25-PROD3","purchased_purges":2,"victory":false,"master_deck":["Defend_G","Defend_G","Defend_G","Defend_G+1","Defend_G","Strike_G","Strike_G","Strike_G","Survivor","Neutralize+1","Noxious Fumes+1","Noxious Fumes","Prepared+1","Noxious Fumes","Leg Sweep","Backflip","Heel Hook","Poisoned Stab","Adrenaline+1","Regret","Catalyst+1","Burst","Bouncing Flask+1","Footwork","Prepared","Bullet Time","Catalyst+1","Poisoned Stab","Catalyst+1","Madness","Madness","Outmaneuver","Deflect+1"],"max_hp_per_floor":[70,70,70,70,70,70,70,70,70,70,70,70,70,70,70,70,70,70,70,70,70,70,70,70,70,70,70,70,70,70,70,70,70,70,70,70,70,70],"relics":["Ring of the Snake","Snake Skull","Bag of Marbles","Torii","War Paint","Question Card","Paper Crane","Toolbox","Dream Catcher","Happy Flower","Mummified Hand","Eternal Feather"],"card_choices":[{"not_picked":["Bouncing Flask","Infinite Blades"],"picked":"Noxious Fumes"},{"not_picked":["Acrobatics","Quick Slash"],"picked":"Noxious Fumes"},{"not_picked":["Eviscerate","Caltrops"],"picked":"Leg Sweep"},{"not_picked":["Riddle With Holes","Cloak And Dagger"],"picked":"Backflip"},{"not_picked":["Dagger Throw","Dash"],"picked":"Heel Hook"},{"not_picked":["Heel Hook","Bane"],"picked":"Poisoned Stab"},{"not_picked":["Dagger Spray","Malaise"],"picked":"Adrenaline"},{"not_picked":["Doppelganger","Tactician"],"picked":"Burst"},{"not_picked":["Dagger Spray","Eviscerate","Catalyst"],"picked":"Bouncing Flask"},{"not_picked":["PiercingWail","Backflip","Poisoned Stab"],"picked":"Prepared"},{"not_picked":["Crippling Poison","Terror","Infinite Blades"],"picked":"Bullet Time"},{"not_picked":["Quick Slash","Deflect","Dagger Throw"],"picked":"Catalyst"},{"not_picked":["Terror","Underhanded Strike","Eviscerate"],"picked":"Poisoned Stab"},{"not_picked":["PiercingWail","Quick Slash","Accuracy"],"picked":"Catalyst"},{"not_picked":["Dagger Spray","Bane","Dodge and Roll"],"picked":"Outmaneuver"},{"not_picked":["Dodge and Roll","Venomology","Deadly Poison"],"picked":"Deflect"}],"player_experience":98474,"potions_floor_usage":[6,19,22,31,38],"damage_taken":[{"damage":3,"enemies":"Blue Slaver","floor":1,"turns":5},{"damage":2,"enemies":"Cultist","floor":2,"turns":4},{"damage":9,"enemies":"Jaw Worm","floor":4,"turns":4},{"damage":14,"enemies":"Gremlin Gang","floor":5,"turns":4},{"damage":0,"enemies":"Lagavulin","floor":6,"turns":6},{"damage":0,"enemies":"Looter","floor":7,"turns":4},{"damage":0,"enemies":"Exordium Thugs","floor":11,"turns":4},{"damage":19,"enemies":"The Guardian","floor":16,"turns":6},{"damage":18,"enemies":"2 Thieves","floor":18,"turns":4},{"damage":4,"enemies":"3 Byrds","floor":19,"turns":4},{"damage":17,"enemies":"Snake Plant","floor":22,"turns":3},{"damage":7,"enemies":"Book of Stabbing","floor":24,"turns":4},{"damage":16,"enemies":"Sentry and Sphere","floor":25,"turns":5},{"damage":28,"enemies":"Gremlin Leader","floor":31,"turns":4},{"damage":21,"enemies":"Champ","floor":33,"turns":4},{"damage":16,"enemies":"3 Shapes","floor":35,"turns":4},{"damage":3,"enemies":"Orb Walker","floor":37,"turns":3},{"damage":43,"enemies":"3 Darklings","floor":38,"turns":5},{"damage":2,"enemies":"4 Shapes","floor":39,"turns":2}],"event_choices":[{"event_name":"Match and Keep!","player_choice":"2 cards matched","floor":3,"damage_taken":0},{"event_name":"Golden Shrine","player_choice":"Desecrate","floor":12,"damage_taken":0},{"event_name":"The Library","player_choice":"Heal","floor":21,"damage_taken":0},{"event_name":"Winding Halls","player_choice":"Embrace Madness","floor":36,"damage_taken":0}],"boss_relics":[{"not_picked":["Astrolabe","Snecko Eye"],"picked":"Question Card"},{"not_picked":["Black Star","Lizard Tail"],"picked":"Eternal Feather"}],"potions_floor_spawned":[1,5,19,25,37,38],"seed_played":"8737550703127235731","killed_by":"4 Shapes","ascension_level":2,"is_trial":false}