{"path_per_floor":["M","M","?","?","M","R","?","M","T","M","M","M","M","?","R","B",null,"M","?","T","M","?","E","R"],"character_chosen":"IRONCLAD","items_purchased":[],"gold_per_floor":[113,128,128,128,140,140,140,159,186,200,218,235,246,246,246,341,341,361,361,361,374,374,401,401],"floor_reached":25,"campfire_rested":0,"playtime":2254,"current_hp_per_floor":[80,80,62,62,68,68,61,67,67,73,73,76,70,70,70,61,80,80,80,94,82,82,21,21],"items_purged":[],"gold":401,"score":215,"play_id":"ad662818-7b1c-4f1f-b3bf-e8317f96247a","is_prod":false,"is_daily":false,"is_ascension_mode":false,"campfire_upgraded":3,"path_taken":["M","M","?","?","M","R","?","M","T","?","M","M","M","?","R","BOSS","M","?","?","?","?","E","R","M"],"build_version":"2018-02-08-PROD1","purchased_purges":0,"victory":false,"master_deck":["Strike_R","Strike_R","Defend_R","Defend_R","Defend_R","Defend_R","Bash","Inflame","Shrug It Off","Metallicize+1","Infernal Blade+1","Pommel Strike","Blood for Blood","Metallicize","Barricade","Battle Trance","Whirlwind","Double Tap+1","Decay","Normality","Spot Weakness+1"],"max_hp_per_floor":[80,80,80,80,80,80,80,80,80,80,80,80,80,80,80,80,80,80,80,94,94,94,94,94],"relics":["Burning Blood","Lantern","Vajra","Snecko Eye","Mango","Meat on the Bone","Happy Flower"],"card_choices":[{"not_picked":["Clash","Shockwave"],"picked":"Inflame"},{"not_picked":["Offering","Clothesline"],"picked":"Shrug It Off"},{"not_picked":["Armaments","Clash"],"picked":"Metallicize"},{"not_picked":["Feel No Pain","Reckless Charge"],"picked":"Infernal Blade"},{"not_picked":["Flex","Cleave"],"picked":"Pommel Strike"},{"not_picked":["Body Slam","Pummel"],"picked":"Blood for Blood"},{"not_picked":["Rage","Shrug It Off"],"picked":"Metallicize"},{"not_picked":["Warcry","Cleave"],"picked":"Barricade"},{"not_picked":["Shockwave","Headbutt"],"picked":"Battle Trance"},{"not_picked":["Barricade","Brutality"],"picked":"Double Tap"},{"not_picked":["Battle Trance","Shrug It Off"],"picked":"Spot Weakness"}],"player_experience":48058,"potions_floor_usage":[16,23,23,25],"damage_taken":[{"damage":1,"enemies":"Cultist","floor":1,"turns":3},{"damage":1,"enemies":"Jaw Worm","floor":2,"turns":5},{"damage":0,"enemies":"Small Slimes","floor":5,"turns":3},{"damage":0,"enemies":"Looter","floor":8,"turns":4},{"damage":0,"enemies":"3 Louse","floor":10,"turns":4},{"damage":6,"enemies":"Exordium Thugs","floor":11,"turns":5},{"damage":3,"enemies":"Exordium Wildlife","floor":12,"turns":2},{"damage":12,"enemies":"Gremlin Gang","floor":13,"turns":11},{"damage":15,"enemies":"Hexaghost","floor":16,"turns":12},{"damage":0,"enemies":"Shell Parasite","floor":18,"turns":4},{"damage":18,"enemies":"2 Thieves","floor":21,"turns":4},{"damage":85,"enemies":"Slavers","floor":23,"turns":8},{"damage":21,"enemies":"Chosen and Byrds","floor":25,"turns":8}],"event_choices":[{"event_name":"Scrap Ooze","player_choice":"success","floor":3,"damage_taken":18},{"event_name":"Living Wall","player_choice":"Forget","floor":4,"damage_taken":0},{"event_name":"Golden Wing","player_choice":"Card Removal","floor":7,"damage_taken":0},{"event_name":"Transmorgrifier","player_choice":"Transform","floor":14,"damage_taken":0},{"event_name":"Wheel of Change","player_choice":"Curse","floor":19,"damage_taken":0},{"event_name":"Accursed Blacksmith","player_choice":"Rummage","floor":22,"damage_taken":0}],"boss_relics":[{"not_picked":["Orrery","Ectoplasm"],"picked":"Snecko Eye"}],"potions_floor_spawned":[1,10,11,13,18,21,23],"seed_played":"7368939633420399140","killed_by":"Chosen and Byrds","ascension_level":0,"is_trial":false}