{"gold_per_floor":[116,132,151,171,183,198,198,198,198,198,45,62,80,90,90,90],"floor_reached":16,"playtime":657,"items_purged":[],"score":98,"play_id":"4a549fae-f3b6-466f-b6de-543440b6928c","local_time":"20190215162349","is_ascension_mode":false,"campfire_choices":[{"floor":7,"key":"REST"},{"floor":15,"key":"REST"}],"neow_cost":"TEN_PERCENT_HP_LOSS","seed_source_timestamp":15438114246303,"circlet_count":0,"master_deck":["Strike_B","Strike_B","Strike_B","Defend_B","Defend_B","Defend_B","Zap","Dualcast","Multi-Cast+1","Rip and Tear","Cold Snap","Cold Snap","Double Energy","Coolheaded","Rebound","Stack","Seek","Redo","Reprogram"],"relics":["Cracked Core","Kunai","Pear","Oddly Smooth Stone"],"potions_floor_usage":[5,6,13,16],"damage_taken":[{"damage":5,"enemies":"2 Louse","floor":1,"turns":2},{"damage":6,"enemies":"Jaw Worm","floor":2,"turns":2},{"damage":0,"enemies":"Cultist","floor":3,"turns":2},{"damage":11,"enemies":"2 Fungi Beasts","floor":4,"turns":3},{"damage":6,"enemies":"Lots of Slimes","floor":5,"turns":5},{"damage":13,"enemies":"Exordium Wildlife","floor":6,"turns":5},{"damage":5,"enemies":"2 Fungi Beasts","floor":12,"turns":3},{"damage":7,"enemies":"Red Slaver","floor":13,"turns":2},{"damage":5,"enemies":"Exordium Thugs","floor":14,"turns":5},{"damage":49,"enemies":"Hexaghost","floor":16,"turns":14}],"seed_played":"6836931665961513870","potions_obtained":[{"floor":2,"key":"LiquidBronze"},{"floor":3,"key":"Dexterity Potion"},{"floor":4,"key":"Ancient Potion"},{"floor":12,"key":"Weak Potion"}],"is_trial":false,"path_per_floor":["M","M","M","M","M","M","R","?","T","?","$","M","M","M","R","B"],"character_chosen":"DEFECT","items_purchased":["Oddly Smooth Stone"],"campfire_rested":2,"item_purchase_floors":[11],"current_hp_per_floor":[63,57,57,46,40,27,47,29,39,39,39,34,27,22,45,0],"gold":90,"neow_bonus":"TRANSFORM_TWO_CARDS","is_prod":false,"is_daily":false,"chose_seed":false,"campfire_upgraded":0,"win_rate":0,"timestamp":1550269429,"path_taken":["M","M","M","M","M","M","R","?","T","?","?","M","M","M","R","BOSS"],"build_version":"2019-01-23","purchased_purges":0,"victory":false,"max_hp_per_floor":[68,68,68,68,68,68,68,68,78,78,78,78,78,78,78,78],"card_choices":[{"not_picked":["Leap","Steam"],"picked":"Cold Snap","floor":1},{"not_picked":["Sweeping Beam","Amplify"],"picked":"Cold Snap","floor":2},{"not_picked":["Storm","Heatsinks"],"picked":"Double Energy","floor":3},{"not_picked":["Doom and Gloom","Sweeping Beam"],"picked":"Coolheaded","floor":4},{"not_picked":["Beam Cell","Leap"],"picked":"Rebound","floor":5},{"not_picked":["Hello World","Barrage"],"picked":"Stack","floor":6},{"not_picked":["Sweeping Beam","Heatsinks"],"picked":"Seek","floor":12},{"not_picked":["Go for the Eyes","Turbo"],"picked":"Redo","floor":13},{"not_picked":["Turbo","Beam Cell"],"picked":"Reprogram","floor":14}],"player_experience":142155,"relics_obtained":[{"floor":9,"key":"Pear"}],"event_choices":[{"damage_healed":0,"gold_gain":0,"player_choice":"Success","damage_taken":18,"relics_obtained":["Kunai"],"max_hp_gain":0,"max_hp_loss":0,"event_name":"Scrap Ooze","floor":8,"gold_loss":0},{"damage_healed":0,"gold_gain":0,"player_choice":"Grow","damage_taken":0,"max_hp_gain":0,"max_hp_loss":0,"event_name":"Living Wall","floor":10,"gold_loss":0,"cards_upgraded":["Multi-Cast"]}],"is_beta":false,"boss_relics":[],"items_purged_floors":[],"is_endless":false,"potions_floor_spawned":[2,3,4,12],"killed_by":"Hexaghost","ascension_level":0}