{"path_per_floor":["M","M","M","?","$","E","R","M","T","$","E","?","?"],"character_chosen":"DEFECT","items_purchased":["Doom and Gloom"],"gold_per_floor":[116,130,144,144,33,68,68,83,130,130,155,155,230,200],"floor_reached":14,"campfire_rested":0,"playtime":477,"item_purchase_floors":[5],"current_hp_per_floor":[71,70,70,70,70,55,55,49,49,49,23,23,12,0],"items_purged":["Decay"],"gold":200,"score":98,"play_id":"672b932d-b9b4-48b9-bf57-506870156393","local_time":"20180605044148","is_prod":false,"is_daily":false,"chose_seed":false,"is_ascension_mode":false,"campfire_upgraded":1,"win_rate":0.0,"timestamp":1528166508,"campfire_choices":[{"data":"Doom and Gloom","floor":7,"key":"SMITH"}],"path_taken":["M","?","M","?","?","E","R","?","T","?","E","?","?","M"],"build_version":"2018-05-31","seed_source_timestamp":273399982415888,"purchased_purges":1,"victory":false,"master_deck":["Strike_B","Strike_B","Strike_B","Strike_B","Defend_B","Defend_B","Defend_B","Defend_B","Zap","Dualcast","Darkness","Melter","Defragment","Doom and Gloom+1","Reprogram","Core Surge"],"max_hp_per_floor":[75,75,75,75,75,75,75,75,75,75,75,75,75,75],"relics":["Cracked Core","Bottled Flame","Juzu Bracelet","Pen Nib"],"card_choices":[{"not_picked":["Barrage","Compile Driver"],"picked":"Darkness","floor":1},{"not_picked":["Fusion","Coolheaded"],"picked":"Melter","floor":2},{"not_picked":["Force Field","Turbo"],"picked":"Defragment","floor":3},{"not_picked":["Rebound","Ball Lightning"],"picked":"Reprogram","floor":6},{"not_picked":["Lockon","Force Field"],"picked":"Core Surge","floor":8},{"not_picked":["Steam","Ball Lightning","Blizzard"],"picked":"SKIP","floor":11}],"player_experience":309402,"potions_floor_usage":[],"damage_taken":[{"damage":4,"enemies":"Cultist","floor":1,"turns":4},{"damage":1,"enemies":"Jaw Worm","floor":2,"turns":4},{"damage":0,"enemies":"Small Slimes","floor":3,"turns":3},{"damage":15,"enemies":"3 Sentries","floor":6,"turns":6},{"damage":6,"enemies":"Red Slaver","floor":8,"turns":5},{"damage":26,"enemies":"Lagavulin","floor":11,"turns":6},{"damage":12,"enemies":"Exordium Thugs","floor":14,"turns":2}],"relics_obtained":[{"floor":6,"key":"Bottled Flame"},{"floor":9,"key":"Juzu Bracelet"},{"floor":11,"key":"Pen Nib"}],"event_choices":[{"event_name":"Wheel of Change","player_choice":"Curse","floor":4,"damage_taken":0},{"event_name":"Liars Game","player_choice":"disagreed","floor":12,"damage_taken":0},{"event_name":"World of Goop","player_choice":"Gather Gold","floor":13,"damage_taken":0}],"boss_relics":[],"items_purged_floors":[5],"potions_floor_spawned":[3,8],"seed_played":"-3640075571589609498","killed_by":"Exordium Thugs","ascension_level":0,"potions_obtained":[{"floor":3,"key":"Swift Potion"},{"floor":8,"key":"FocusPotion"}],"is_trial":false}