{"path_per_floor":["M","?","M","?","M","R","E","R","T","M","$","E","?","?","R","B",null,"M","$","T","?","$","E","?","E","T","R","M","?","R","M","R","B",null,"M","T","$","?","M","R","M","M","T","$","R","?","R","$","R","B"],"character_chosen":"IRONCLAD","items_purchased":["Unceasing Top","Bandage Up","Rage","Toolbox","Finesse","Peace Pipe","Fire Potion"],"gold_per_floor":[216,216,239,339,358,358,401,401,401,419,36,75,75,35,35,155,155,168,25,25,25,25,63,63,396,450,450,469,469,469,488,488,617,617,635,710,66,66,91,91,107,122,171,22,22,0,0,0,0,0],"floor_reached":51,"campfire_rested":2,"playtime":1906,"current_hp_per_floor":[80,60,60,60,60,60,52,52,52,35,35,31,31,31,58,52,90,88,88,88,88,88,20,20,13,13,40,52,82,82,88,88,11,90,88,88,88,88,90,90,79,85,85,85,85,85,85,85,85,80],"items_purged":["Strike_R","Defend_R"],"gold":0,"score":737,"play_id":"f367244f-c15d-40aa-a422-4a36eebf3419","local_time":"20180426213724","is_prod":false,"is_daily":false,"chose_seed":false,"is_ascension_mode":false,"campfire_upgraded":4,"timestamp":1524793044,"path_taken":["M","?","M","?","M","R","E","R","T","M","$","E","?","?","R","BOSS","M","?","?","?","$","E","?","E","T","R","?","?","R","M","R","BOSS","M","?","$","?","M","R","?","M","T","?","R","?","R","?","R","BOSS"],"build_version":"2018-04-26","seed_source_timestamp":13856673375580,"purchased_purges":2,"victory":true,"master_deck":["Strike_R","Bash+1","Sword Boomerang","Rampage+1","Burning Pact+1","Infernal Blade+1","Bandage Up+1","Rampage+1","Offering+1","Rage+1","Flex+1","Warcry+1","Rage+1","Offering+1","Flex+1","Finesse+1","Body Slam+1"],"max_hp_per_floor":[80,80,80,80,80,80,80,80,80,80,80,90,90,90,90,90,90,90,90,90,90,90,90,90,90,90,90,90,90,90,90,90,90,90,90,90,90,90,90,90,90,90,90,90,90,90,90,90,90,90],"relics":["Black Blood","Golden Idol","Toxic Egg 2","Art of War","Unceasing Top","Pear","Kunai","Prayer Wheel","Old Coin","Pen Nib","Mark of Pain","Darkstone Periapt","Toolbox","Peace Pipe","Lantern","Red Mask"],"card_choices":[{"not_picked":["Twin Strike","Armaments"],"picked":"Sword Boomerang","floor":1},{"not_picked":["Heavy Blade","Cleave"],"picked":"Rampage","floor":3},{"not_picked":["Anger","Twin Strike"],"picked":"Burning Pact","floor":5},{"not_picked":["Wild Strike","True Grit"],"picked":"Infernal Blade","floor":7},{"not_picked":["Armaments","True Grit"],"picked":"Rampage","floor":12},{"not_picked":["Berserk","Demon Form"],"picked":"Offering","floor":16},{"not_picked":["Thunderclap","Twin Strike"],"picked":"Flex","floor":23},{"not_picked":["Perfected Strike","Combust"],"picked":"Warcry","floor":25},{"not_picked":["Headbutt","Inflame"],"picked":"Rage","floor":31},{"not_picked":["Immolate","Brutality"],"picked":"Offering","floor":33},{"not_picked":["Havoc","Ghostly Armor"],"picked":"Flex","floor":36},{"not_picked":["Perfected Strike","Pommel Strike"],"picked":"Body Slam","floor":39}],"player_experience":210890,"potions_floor_usage":[7,10,16,16,18,25,31,50],"damage_taken":[{"damage":2,"enemies":"2 Louse","floor":1,"turns":3},{"damage":6,"enemies":"Cultist","floor":3,"turns":3},{"damage":6,"enemies":"Jaw Worm","floor":5,"turns":3},{"damage":14,"enemies":"Gremlin Nob","floor":7,"turns":3},{"damage":23,"enemies":"Gremlin Gang","floor":10,"turns":6},{"damage":26,"enemies":"Lagavulin","floor":12,"turns":7},{"damage":18,"enemies":"Slime Boss","floor":16,"turns":6},{"damage":18,"enemies":"3 Byrds","floor":18,"turns":6},{"damage":84,"enemies":"Book of Stabbing","floor":23,"turns":7},{"damage":23,"enemies":"Slavers","floor":25,"turns":8},{"damage":4,"enemies":"Chosen","floor":28,"turns":5},{"damage":10,"enemies":"Snake Plant","floor":31,"turns":4},{"damage":93,"enemies":"Automaton","floor":33,"turns":12},{"damage":18,"enemies":"3 Shapes","floor":35,"turns":3},{"damage":8,"enemies":"3 Darklings","floor":39,"turns":3},{"damage":25,"enemies":"Maw","floor":41,"turns":5},{"damage":4,"enemies":"Sphere and 2 Shapes","floor":42,"turns":1},{"damage":21,"enemies":"Awakened One","floor":50,"turns":6}],"event_choices":[{"event_name":"Golden Idol","player_choice":"Take Damage","floor":2,"damage_taken":0},{"event_name":"Golden Shrine","player_choice":"Pray","floor":4,"damage_taken":0},{"event_name":"Scrap Ooze","player_choice":"unsuccessful","floor":13,"damage_taken":0},{"event_name":"The Woman in Blue","player_choice":"Bought 3 Potions","floor":14,"damage_taken":0},{"event_name":"Drug Dealer","player_choice":"Ignored","floor":21,"damage_taken":0},{"event_name":"Back to Basics","player_choice":"Elegance","floor":24,"damage_taken":0},{"event_name":"The Library","player_choice":"Heal","floor":29,"damage_taken":0},{"event_name":"Bonfire Elementals","player_choice":"BASIC","floor":38,"damage_taken":0},{"event_name":"Tomb of Lord Red Mask","player_choice":"Paid","floor":46,"damage_taken":0}],"boss_relics":[{"not_picked":["Black Star","Philosopher\u0027s Stone"],"picked":"Black Blood"},{"not_picked":["Runic Pyramid","Lizard Tail"],"picked":"Mark of Pain"}],"potions_floor_spawned":[5,7,16,28,35,41],"seed_played":"-8514289563982550383","ascension_level":0,"is_trial":false}