{"gold_per_floor":[117,128,128,148,148,176,176,209,209,209],"floor_reached":10,"playtime":360,"items_purged":[],"score":91,"play_id":"439d9059-cbfc-4e97-9a0c-c8abba576cd9","local_time":"20180627011553","is_ascension_mode":true,"campfire_choices":[{"floor":7,"key":"REST"}],"neow_cost":"NONE","seed_source_timestamp":348930419012046,"circlet_count":0,"master_deck":["Strike_B","Strike_B+1","Defend_B","Defend_B","Defend_B+1","Defend_B","Zap","Dualcast","Reinforced Body","Tempest","Sunder","Buffer"],"relics":["Cracked Core","Question Card","Bag of Preparation","Toxic Egg 2"],"potions_floor_usage":[10,10],"damage_taken":[{"damage":0,"enemies":"2 Louse","floor":1,"turns":2},{"damage":0,"enemies":"Cultist","floor":2,"turns":3},{"damage":16,"enemies":"Jaw Worm","floor":4,"turns":5},{"damage":22,"enemies":"Lagavulin","floor":6,"turns":8},{"damage":26,"enemies":"3 Sentries","floor":8,"turns":6},{"damage":37,"enemies":"Gremlin Nob","floor":10,"turns":4}],"seed_played":"3260937432359916188","potions_obtained":[{"floor":4,"key":"FearPotion"},{"floor":8,"key":"Regen Potion"}],"is_trial":false,"path_per_floor":["M","M","?","M","?","E","R","E","T"],"character_chosen":"DEFECT","items_purchased":[],"campfire_rested":1,"item_purchase_floors":[],"current_hp_per_floor":[75,75,75,59,44,22,44,18,18,0],"gold":209,"neow_bonus":"TRANSFORM_CARD","is_prod":false,"is_daily":false,"chose_seed":false,"campfire_upgraded":0,"win_rate":0,"timestamp":1530054953,"path_taken":["M","M","?","M","?","E","R","E","T","E"],"build_version":"2018-06-21v2","purchased_purges":0,"victory":false,"max_hp_per_floor":[75,75,75,75,75,75,75,75,75,75],"card_choices":[{"not_picked":["Go for the Eyes","Gash"],"picked":"Tempest","floor":1},{"not_picked":["Sweeping Beam","Reinforced Body","Fusion"],"picked":"SKIP","floor":2},{"not_picked":["Coolheaded","Scrape"],"picked":"Sunder","floor":4},{"not_picked":["Reprogram","Compile Driver","Coolheaded"],"picked":"SKIP","floor":6},{"not_picked":["Beam Cell","Redo","Gash"],"picked":"Buffer","floor":8}],"player_experience":433617,"relics_obtained":[{"floor":6,"key":"Question Card"},{"floor":8,"key":"Bag of Preparation"},{"floor":9,"key":"Toxic Egg 2"}],"event_choices":[{"event_name":"Bonfire Elementals","player_choice":"BASIC","floor":3,"damage_taken":0},{"event_name":"Shining Light","player_choice":"Entered Light","floor":5,"damage_taken":0}],"boss_relics":[],"items_purged_floors":[],"is_endless":false,"potions_floor_spawned":[4,8],"killed_by":"Gremlin Nob","ascension_level":4}