{"gold_per_floor":[20,31,44,44,61,61,72,72,72,72,104,119,119,135,135,264,264,279,312,312,328,243,243,23,23,23,61,61,10,29,48,48,177,177,198,198,212,63,76,76,97,97,97,122,166,166,204,229,229,229],"floor_reached":51,"playtime":3858,"items_purged":[],"score":729,"play_id":"6623a368-ed21-4abb-bdcc-33e4b169b9aa","local_time":"20190226001210","is_ascension_mode":false,"campfire_choices":[{"data":"Self Repair","floor":6,"key":"SMITH"},{"floor":8,"key":"REST"},{"data":"Genetic Algorithm","floor":10,"key":"SMITH"},{"floor":15,"key":"REST"},{"data":"Fusion","floor":23,"key":"SMITH"},{"data":"Conserve Battery","floor":25,"key":"SMITH"},{"data":"Defragment","floor":32,"key":"SMITH"},{"data":"Heatsinks","floor":40,"key":"SMITH"},{"data":"Sunder","floor":42,"key":"SMITH"},{"data":"Leap","floor":46,"key":"SMITH"},{"data":"Steam","floor":49,"key":"SMITH"}],"neow_cost":"NO_GOLD","seed_source_timestamp":47452437510267,"circlet_count":0,"master_deck":["Strike_B","Strike_B","Strike_B","Strike_B","Defend_B","Defend_B","Defend_B","Defend_B","Zap","Dualcast+1","Mind Blast+1","Forethought+1","Lockon","Self Repair+1","Genetic Algorithm+1","Cold Snap","Conserve Battery+1","Compile Driver","Ball Lightning","Fusion+1","Electrodynamics","Redo","Auto Shields","Rebound+1","Defragment+1","Hologram+1","Leap+1","Streamline+1","Sunder+1","Seek","Hello World","Cold Snap+1","Glacier","Heatsinks+1","Barrage+1","Doom and Gloom","Stack+1","Multi-Cast","Steam+1","FTL+1"],"relics":["Cracked Core","Matryoshka","Art of War","Golden Idol","Inserter","Red Mask","Thread and Needle","War Paint","Dodecahedron","Bird Faced Urn","Dream Catcher","Pantograph","Sozu","Oddly Smooth Stone","Shuriken","Cables","Ornamental Fan"],"potions_floor_usage":[11,16,18,19,21,33],"damage_taken":[{"damage":1,"enemies":"Jaw Worm","floor":1,"turns":3},{"damage":5,"enemies":"Small Slimes","floor":2,"turns":3},{"damage":9,"enemies":"2 Louse","floor":3,"turns":3},{"damage":24,"enemies":"Large Slime","floor":5,"turns":6},{"damage":12,"enemies":"Looter","floor":7,"turns":4},{"damage":14,"enemies":"Gremlin Nob","floor":11,"turns":3},{"damage":10,"enemies":"Exordium Thugs","floor":12,"turns":6},{"damage":6,"enemies":"3 Louse","floor":14,"turns":4},{"damage":66,"enemies":"Hexaghost","floor":16,"turns":11},{"damage":19,"enemies":"3 Byrds","floor":18,"turns":4},{"damage":50,"enemies":"Masked Bandits","floor":19,"turns":8},{"damage":9,"enemies":"Chosen","floor":21,"turns":5},{"damage":35,"enemies":"Book of Stabbing","floor":27,"turns":7},{"damage":11,"enemies":"Snake Plant","floor":30,"turns":4},{"damage":3,"enemies":"Snecko","floor":31,"turns":6},{"damage":72,"enemies":"Automaton","floor":33,"turns":11},{"damage":2,"enemies":"3 Shapes","floor":35,"turns":4},{"damage":8,"enemies":"Orb Walker","floor":37,"turns":3},{"damage":32,"enemies":"Writhing Mass","floor":39,"turns":9},{"damage":15,"enemies":"Maw","floor":41,"turns":8},{"damage":2,"enemies":"Sphere and 2 Shapes","floor":44,"turns":6},{"damage":0,"enemies":"Nemesis","floor":45,"turns":9},{"damage":6,"enemies":"Reptomancer","floor":47,"turns":7},{"damage":7,"enemies":"Jaw Worm Horde","floor":48,"turns":5},{"damage":54,"enemies":"Awakened One","floor":50,"turns":15}],"seed_played":"4858810830461139712","potions_obtained":[{"floor":1,"key":"Regen Potion"},{"floor":3,"key":"FearPotion"},{"floor":12,"key":"Energy Potion"},{"floor":14,"key":"FearPotion"},{"floor":18,"key":"FearPotion"},{"floor":31,"key":"Regen Potion"}],"is_trial":false,"path_per_floor":["M","M","M","$","M","R","M","R","T","R","E","M","?","M","R","B",null,"M","?","?","M","?","R","$","R","T","E","?","$","M","M","R","B",null,"M","?","M","$","M","R","M","R","T","M","E","R","E","M","R","B",null],"character_chosen":"DEFECT","items_purchased":["Defragment","War Paint","Leap","Glacier","Heatsinks"],"campfire_rested":2,"item_purchase_floors":[24,24,29,38,38],"current_hp_per_floor":[74,69,67,67,50,50,48,70,70,70,66,66,48,52,74,18,75,66,26,51,64,64,64,64,64,64,45,45,45,38,49,49,30,75,73,73,69,69,57,57,62,62,62,75,75,75,75,75,75,39],"gold":229,"neow_bonus":"RANDOM_COLORLESS_2","is_prod":false,"is_daily":false,"chose_seed":false,"campfire_upgraded":9,"win_rate":0,"timestamp":1551161530,"path_taken":["M","M","M","$","M","R","M","R","T","R","E","M","?","M","R","BOSS","M","?","?","M","?","R","$","R","T","E","?","?","?","M","R","BOSS","M","?","M","$","M","R","M","R","T","M","E","R","E","M","R","BOSS"],"build_version":"2019-01-23","purchased_purges":0,"victory":true,"max_hp_per_floor":[75,75,75,75,75,75,75,75,75,75,75,75,75,75,75,75,75,75,75,75,75,75,75,75,75,75,75,75,75,75,75,75,75,75,75,75,75,75,75,75,75,75,75,75,75,75,75,75,75,75],"card_choices":[{"not_picked":["Stack","Consume"],"picked":"Lockon","floor":1},{"not_picked":["Barrage","Hologram"],"picked":"Self Repair","floor":2},{"not_picked":["Recycle","Hologram"],"picked":"Genetic Algorithm","floor":3},{"not_picked":["Go for the Eyes","Steam Power"],"picked":"Cold Snap","floor":5},{"not_picked":["Go for the Eyes","Compile Driver"],"picked":"Conserve Battery","floor":7},{"not_picked":["Go for the Eyes","Scrape"],"picked":"Compile Driver","floor":11},{"not_picked":["Aggregate","Conserve Battery"],"picked":"Ball Lightning","floor":12},{"not_picked":["Compile Driver","Conserve Battery"],"picked":"Fusion","floor":14},{"not_picked":["All For One","Machine Learning"],"picked":"Electrodynamics","floor":16},{"not_picked":["Recycle+1","Conserve Battery"],"picked":"Redo","floor":18},{"not_picked":["Streamline","Scrape"],"picked":"Auto Shields","floor":19},{"not_picked":["Reinforced Body","Turbo"],"picked":"Rebound+1","floor":21},{"not_picked":["Skim","Core Surge"],"picked":"Hologram+1","floor":27},{"not_picked":["Reinforced Body","Barrage"],"picked":"Streamline+1","floor":30},{"not_picked":["Reprogram","Leap"],"picked":"Sunder","floor":31},{"not_picked":["Thunder Strike","Amplify"],"picked":"Seek","floor":33},{"not_picked":["Sunder","Fusion+1"],"picked":"Hello World","floor":35},{"not_picked":["Streamline","Coolheaded+1"],"picked":"Cold Snap+1","floor":37},{"not_picked":["Turbo","Ball Lightning+1"],"picked":"Barrage+1","floor":39},{"not_picked":["Compile Driver+1","Beam Cell"],"picked":"Doom and Gloom","floor":41},{"not_picked":["Gash","Chill+1"],"picked":"Stack+1","floor":44},{"not_picked":["Aggregate+1","Cold Snap+1"],"picked":"Multi-Cast","floor":45},{"not_picked":["Lockon","Cold Snap+1"],"picked":"Steam","floor":47},{"not_picked":["Coolheaded+1","Streamline"],"picked":"FTL+1","floor":48}],"player_experience":416216,"relics_obtained":[{"floor":9,"key":"Matryoshka"},{"floor":11,"key":"Art of War"},{"floor":19,"key":"Red Mask"},{"floor":26,"key":"Dodecahedron"},{"floor":26,"key":"Bird Faced Urn"},{"floor":27,"key":"Dream Catcher"},{"floor":43,"key":"Oddly Smooth Stone"},{"floor":43,"key":"Shuriken"},{"floor":45,"key":"Cables"},{"floor":47,"key":"Ornamental Fan"}],"event_choices":[{"damage_healed":0,"gold_gain":0,"player_choice":"Take Damage","damage_taken":18,"relics_obtained":["Golden Idol"],"max_hp_gain":0,"max_hp_loss":0,"event_name":"Golden Idol","floor":13,"gold_loss":0},{"damage_healed":0,"gold_gain":0,"player_choice":"Fought Bandits","damage_taken":0,"max_hp_gain":0,"max_hp_loss":0,"event_name":"Masked Bandits","floor":19,"gold_loss":0},{"damage_healed":25,"gold_gain":0,"player_choice":"Heal","damage_taken":0,"max_hp_gain":0,"max_hp_loss":0,"event_name":"The Library","floor":20,"gold_loss":0},{"damage_healed":0,"gold_gain":0,"player_choice":"Obtained Relic","damage_taken":0,"relics_obtained":["Thread and Needle"],"max_hp_gain":0,"max_hp_loss":0,"event_name":"Addict","floor":22,"gold_loss":85},{"damage_healed":0,"gold_gain":0,"player_choice":"Opened","damage_taken":0,"relics_obtained":["Pantograph"],"max_hp_gain":0,"max_hp_loss":0,"event_name":"The Mausoleum","floor":28,"gold_loss":0},{"damage_healed":0,"gold_gain":0,"player_choice":"Forge","damage_taken":0,"max_hp_gain":0,"max_hp_loss":0,"event_name":"Accursed Blacksmith","floor":36,"gold_loss":0,"cards_upgraded":["Mind Blast"]}],"is_beta":false,"boss_relics":[{"not_picked":["Nuclear Battery","Busted Crown"],"picked":"Inserter"},{"not_picked":["White Beast Statue","Fusion Hammer"],"picked":"Sozu"}],"items_purged_floors":[],"is_endless":false,"potions_floor_spawned":[1,3,12,14,18,31,35,41,47,48],"ascension_level":0}