{"gold_per_floor":[119,119,139,154,154,154,182,182,182,201,214,241,258,223,223,321,321,336,353,353,366,366,400,412,412,467,479,494,494,226,226,226,326,326,337,352,352,369,369],"floor_reached":39,"playtime":2161,"items_purged":[],"score":461,"play_id":"b8d46d59-9911-4d04-bb4d-a4ebc3c451a1","local_time":"20190215130402","is_ascension_mode":true,"campfire_choices":[{"data":"Hologram","floor":6,"key":"SMITH"},{"floor":8,"key":"REST"},{"data":"Loop","floor":15,"key":"SMITH"},{"floor":25,"key":"REST"},{"floor":29,"key":"REST"},{"floor":32,"key":"REST"}],"neow_cost":"NONE","seed_source_timestamp":1941585685813,"circlet_count":0,"master_deck":["Strike_B","Strike_B","Strike_B","Strike_B+1","Defend_B","Defend_B","Defend_B","Defend_B","Zap","Dualcast","Conserve Battery+1","Hologram+1","Conserve Battery","Static Discharge+1","Leap","Compile Driver","Loop+1","Seek","Darkness+1","Self Repair","Loop+1","Hologram","Self Repair","Tempest+1","Loop+1","Chill","Seek","Regret","Hologram+1","Melter+1","Rebound"],"relics":["Cracked Core","Strawberry","Symbiotic Virus","Pen Nib","Nuclear Battery","MutagenicStrength","Mango","Omamori","DollysMirror","Calling Bell","Juzu Bracelet","Cables","WingedGreaves"],"potions_floor_usage":[1,1,1,12,12,18,18,21,27,28,28,33],"damage_taken":[{"damage":0,"enemies":"Jaw Worm","floor":1,"turns":1},{"damage":0,"enemies":"2 Louse","floor":3,"turns":2},{"damage":0,"enemies":"Small Slimes","floor":4,"turns":2},{"damage":21,"enemies":"Gremlin Nob","floor":7,"turns":5},{"damage":0,"enemies":"Blue Slaver","floor":10,"turns":4},{"damage":0,"enemies":"Exordium Wildlife","floor":11,"turns":6},{"damage":12,"enemies":"Lagavulin","floor":12,"turns":4},{"damage":0,"enemies":"2 Fungi Beasts","floor":13,"turns":4},{"damage":39,"enemies":"Hexaghost","floor":16,"turns":7},{"damage":11,"enemies":"2 Thieves","floor":18,"turns":4},{"damage":8,"enemies":"3 Byrds","floor":19,"turns":5},{"damage":8,"enemies":"Snake Plant","floor":21,"turns":4},{"damage":37,"enemies":"Slavers","floor":23,"turns":5},{"damage":26,"enemies":"Centurion and Healer","floor":24,"turns":4},{"damage":3,"enemies":"Snecko","floor":27,"turns":3},{"damage":0,"enemies":"Snake Plant","floor":28,"turns":2},{"damage":38,"enemies":"Automaton","floor":33,"turns":10},{"damage":40,"enemies":"3 Darklings","floor":35,"turns":5},{"damage":14,"enemies":"Orb Walker","floor":36,"turns":4},{"damage":43,"enemies":"Maw","floor":38,"turns":7},{"damage":65,"enemies":"Writhing Mass","floor":39,"turns":4}],"seed_played":"-7615567913000188410","potions_obtained":[{"floor":0,"key":"AttackPotion"},{"floor":0,"key":"PowerPotion"},{"floor":0,"key":"PowerPotion"},{"floor":1,"key":"LiquidBronze"},{"floor":7,"key":"FocusPotion"},{"floor":10,"key":"Ancient Potion"},{"floor":13,"key":"Dexterity Potion"},{"floor":16,"key":"LiquidBronze"},{"floor":18,"key":"Swift Potion"},{"floor":23,"key":"Fire Potion"},{"floor":24,"key":"Dexterity Potion"},{"floor":27,"key":"Poison Potion"},{"floor":33,"key":"FearPotion"},{"floor":35,"key":"Ancient Potion"}],"is_trial":false,"path_per_floor":["M","?","M","M","?","R","E","R","T","M","M","E","M","?","R","B",null,"M","M","?","M","?","E","M","R","T","M","M","R","$","?","R","B",null,"M","M","?","M","M"],"character_chosen":"DEFECT","items_purchased":["DollysMirror","Chill"],"campfire_rested":4,"item_purchase_floors":[30,30],"current_hp_per_floor":[75,60,60,60,60,60,46,70,70,70,70,58,58,78,78,39,82,71,63,63,55,55,39,20,48,48,45,52,80,80,80,96,65,96,70,70,70,34,0],"gold":369,"neow_bonus":"THREE_SMALL_POTIONS","is_prod":false,"is_daily":false,"chose_seed":false,"campfire_upgraded":2,"win_rate":0,"timestamp":1550257442,"path_taken":["M","?","M","M","?","R","E","R","T","M","M","E","M","?","R","BOSS","M","M","?","M","?","E","M","R","T","M","M","R","$","?","R","BOSS","M","M","?","M","M"],"build_version":"2019-01-23","purchased_purges":0,"victory":false,"max_hp_per_floor":[75,75,75,75,75,75,82,82,82,82,82,82,82,82,82,82,82,82,82,82,82,82,96,96,96,96,96,96,96,96,96,96,96,96,96,96,96,96,96],"card_choices":[{"not_picked":["Go for the Eyes","Streamline"],"picked":"Conserve Battery","floor":1},{"not_picked":["Barrage","Steam Power"],"picked":"Hologram","floor":3},{"not_picked":["Scrape","Fusion"],"picked":"Conserve Battery","floor":4},{"not_picked":["Hyperbeam","Turbo"],"picked":"Static Discharge","floor":7},{"not_picked":["Go for the Eyes","Ball Lightning"],"picked":"Leap","floor":10},{"not_picked":["Scrape","Self Repair"],"picked":"Darkness","floor":11},{"not_picked":["Conserve Battery","Cold Snap"],"picked":"Compile Driver","floor":12},{"not_picked":["Sweeping Beam","Buffer"],"picked":"Loop","floor":13},{"not_picked":["Buffer","Biased Cognition"],"picked":"Seek","floor":16},{"not_picked":["Beam Cell","Gash","Turbo+1"],"picked":"SKIP","floor":18},{"not_picked":["Reinforced Body","Cold Snap"],"picked":"Darkness+1","floor":19},{"not_picked":["Turbo","Aggregate+1"],"picked":"Self Repair","floor":21},{"not_picked":["Redo","FTL"],"picked":"Loop+1","floor":23},{"not_picked":["Cold Snap","Ball Lightning"],"picked":"Hologram","floor":24},{"not_picked":["Blizzard","Hologram"],"picked":"Self Repair","floor":27},{"not_picked":["FTL","Loop"],"picked":"Tempest+1","floor":28},{"not_picked":["Core Surge","Rainbow"],"picked":"Seek","floor":33},{"not_picked":["Steam+1","Aggregate+1"],"picked":"Hologram+1","floor":35},{"not_picked":["Gash+1","Consume+1"],"picked":"Melter+1","floor":36},{"not_picked":["Compile Driver+1","Beam Cell+1","Hologram"],"picked":"SKIP","floor":38}],"player_experience":129109,"relics_obtained":[{"floor":7,"key":"Strawberry"},{"floor":9,"key":"Symbiotic Virus"},{"floor":12,"key":"Pen Nib"},{"floor":23,"key":"Mango"},{"floor":26,"key":"Omamori"},{"floor":34,"key":"Juzu Bracelet"},{"floor":34,"key":"Cables"},{"floor":34,"key":"WingedGreaves"}],"event_choices":[{"damage_healed":0,"gold_gain":0,"player_choice":"Entered Light","damage_taken":15,"max_hp_gain":0,"max_hp_loss":0,"event_name":"Shining Light","floor":2,"gold_loss":0,"cards_upgraded":["Strike_B","Conserve Battery"]},{"damage_healed":0,"gold_gain":0,"player_choice":"Ignored","damage_taken":0,"max_hp_gain":0,"max_hp_loss":0,"event_name":"Liars Game","floor":5,"gold_loss":0},{"damage_healed":20,"gold_gain":0,"player_choice":"Healed","damage_taken":0,"max_hp_gain":0,"max_hp_loss":0,"event_name":"The Cleric","floor":14,"gold_loss":35},{"damage_healed":0,"gold_gain":0,"player_choice":"Inject Mutagens","damage_taken":0,"relics_obtained":["MutagenicStrength"],"max_hp_gain":0,"max_hp_loss":0,"event_name":"Drug Dealer","floor":20,"gold_loss":0},{"damage_healed":0,"gold_gain":0,"player_choice":"Ignored","damage_taken":0,"max_hp_gain":0,"max_hp_loss":0,"event_name":"The Mausoleum","floor":22,"gold_loss":0},{"damage_healed":0,"gold_gain":0,"player_choice":"Upgraded","damage_taken":0,"max_hp_gain":0,"max_hp_loss":0,"event_name":"Upgrade Shrine","floor":31,"gold_loss":0,"cards_upgraded":["Static Discharge"]},{"damage_healed":0,"gold_gain":0,"cards_transformed":["Darkness"],"player_choice":"Transformed","damage_taken":0,"max_hp_gain":0,"max_hp_loss":0,"event_name":"Transmorgrifier","floor":37,"gold_loss":0,"cards_obtained":["Rebound"]}],"is_beta":false,"boss_relics":[{"not_picked":["Cursed Key","Lizard Tail"],"picked":"Nuclear Battery"},{"not_picked":["Empty Cage","Runic Dome"],"picked":"Calling Bell"}],"items_purged_floors":[],"is_endless":false,"potions_floor_spawned":[1,7,10,13,16,18,23,24,27,33,35],"killed_by":"Writhing Mass","ascension_level":1}