{"gold_per_floor":[365,375,64,64,64,84,110,129,152,152,187,200,200,219,219,319,319,330,330,330,340,352,352,369,369,369,369,173,191,191,201,201,299,299,315,331,343,343,360,360,376,390,390,422,222,222,5,15,15,15],"floor_reached":51,"playtime":2283,"items_purged":["Defend_R","Defend_R"],"score":743,"play_id":"0d49d3ab-08c0-45d0-9c32-ee8cc933c1ce","local_time":"20190109210652","is_ascension_mode":false,"campfire_choices":[{"floor":10.0,"key":"REST"},{"data":"Limit Break","floor":13.0,"key":"SMITH"},{"data":"Inflame","floor":15.0,"key":"SMITH"},{"data":"Limit Break","floor":23.0,"key":"SMITH"},{"data":"Pommel Strike","floor":25.0,"key":"SMITH"},{"data":"Heavy Blade","floor":27.0,"key":"SMITH"},{"data":"Shrug It Off","floor":30.0,"key":"SMITH"},{"data":"Warcry","floor":32.0,"key":"SMITH"},{"data":"Battle Trance","floor":40.0,"key":"SMITH"},{"data":"Inflame","floor":46.0,"key":"SMITH"},{"data":"Warcry","floor":49,"key":"SMITH"}],"neow_cost":"TEN_PERCENT_HP_LOSS","seed_source_timestamp":5322426622943,"circlet_count":0,"master_deck":["Strike_R","Strike_R","Defend_R","Bash","Inflame+1","Iron Wave+1","Limit Break+1","Pummel","Thunderclap","Heavy Blade+1","Pommel Strike+1","Warcry+1","Limit Break+1","Sword Boomerang+1","Shrug It Off+1","Shrug It Off+1","Headbutt","Rage+1","Clash+1","Ghostly Armor+1","Uppercut+1","Spot Weakness","Battle Trance+1","Headbutt","Inflame+1","Warcry+1"],"special_seed":0,"relics":["Burning Blood","Turnip","PreservedInsect","Smiling Mask","Orichalcum","Coffee Dripper","Blood Vial","Ice Cream","Anchor","Astrolabe","Kunai","Regal Pillow","Bag of Preparation","ClockworkSouvenir"],"potions_floor_usage":[48],"damage_taken":[{"damage":1.0,"enemies":"2 Louse","floor":1.0,"turns":3.0},{"damage":5.0,"enemies":"Small Slimes","floor":2.0,"turns":4.0},{"damage":0.0,"enemies":"Cultist","floor":6.0,"turns":3.0},{"damage":48.0,"enemies":"3 Sentries","floor":7.0,"turns":10.0},{"damage":7.0,"enemies":"3 Louse","floor":8.0,"turns":4.0},{"damage":16.0,"enemies":"Lagavulin","floor":11.0,"turns":7.0},{"damage":7.0,"enemies":"Blue Slaver","floor":12.0,"turns":4.0},{"damage":0.0,"enemies":"Exordium Wildlife","floor":14.0,"turns":3.0},{"damage":25.0,"enemies":"Slime Boss","floor":16.0,"turns":9.0},{"damage":0.0,"enemies":"Chosen","floor":18.0,"turns":4.0},{"damage":4.0,"enemies":"3 Byrds","floor":21.0,"turns":3.0},{"damage":7.0,"enemies":"Snecko","floor":22.0,"turns":5.0},{"damage":1.0,"enemies":"3 Cultists","floor":24.0,"turns":4.0},{"damage":2.0,"enemies":"Centurion and Healer","floor":29.0,"turns":5.0},{"damage":4.0,"enemies":"Snecko","floor":31.0,"turns":3.0},{"damage":20.0,"enemies":"Champ","floor":33.0,"turns":6.0},{"damage":10.0,"enemies":"3 Shapes","floor":35.0,"turns":6.0},{"damage":23.0,"enemies":"3 Darklings","floor":36.0,"turns":9.0},{"damage":15.0,"enemies":"Sphere and 2 Shapes","floor":37.0,"turns":4.0},{"damage":0.0,"enemies":"Spire Growth","floor":39.0,"turns":4.0},{"damage":0.0,"enemies":"Transient","floor":41.0,"turns":5.0},{"damage":10.0,"enemies":"Sphere and 2 Shapes","floor":42.0,"turns":4.0},{"damage":0.0,"enemies":"Giant Head","floor":44.0,"turns":5.0},{"damage":0,"enemies":"Jaw Worm Horde","floor":48,"turns":2},{"damage":37,"enemies":"Time Eater","floor":50,"turns":5}],"seed_played":"-7774328140998121470","potions_obtained":[{"floor":2.0,"key":"BloodPotion"},{"floor":11.0,"key":"Block Potion"},{"floor":12.0,"key":"Ancient Potion"},{"floor":21.0,"key":"SteroidPotion"},{"floor":22.0,"key":"BloodPotion"},{"floor":33.0,"key":"Fire Potion"},{"floor":36.0,"key":"Poison Potion"},{"floor":37.0,"key":"AttackPotion"}],"is_trial":false,"path_per_floor":["M","M","$","?","?","M","E","M","T","R","E","M","R","M","R","B",null,"M","?","?","M","M","R","M","R","T","R","$","M","R","M","R","B",null,"M","M","M","?","M","R","M","M","T","E","$","R","$","M","R","B",null],"character_chosen":"IRONCLAD","items_purchased":["Turnip","Anchor","Bag of Preparation","ClockworkSouvenir","Warcry"],"campfire_rested":1,"item_purchase_floors":[3,28,45,47,47],"current_hp_per_floor":[72,72,72,72,72,72,30,29,29,50,40,39,39,45,45,26,72,72,72,72,72,71,71,72,72,72,72,72,72,72,72,72,58,72,68,53,46,46,54,54,62,60,60,68,68,68,68,72,72,41],"gold":15,"neow_bonus":"TWO_FIFTY_GOLD","is_prod":false,"is_daily":false,"chose_seed":false,"campfire_upgraded":10,"win_rate":0,"timestamp":1547086012,"path_taken":["M","M","$","?","?","M","E","M","T","R","E","?","R","M","R","BOSS","M","?","?","M","M","R","M","R","T","R","?","M","R","M","R","BOSS","M","M","M","?","?","R","M","M","T","E","?","R","$","M","R","BOSS"],"build_version":"2019-01-08","purchased_purges":2,"victory":true,"max_hp_per_floor":[72,72,72,72,72,72,72,72,72,72,72,72,72,72,72,72,72,72,72,72,72,72,72,72,72,72,72,72,72,72,72,72,72,72,72,72,72,72,72,72,72,72,72,72,72,72,72,72,72,72],"card_choices":[{"not_picked":["Cleave","Wild Strike"],"picked":"Inflame","floor":1.0},{"not_picked":["Wild Strike","Anger"],"picked":"Iron Wave","floor":2.0},{"not_picked":["Sentinel","Hemokinesis"],"picked":"Limit Break","floor":6.0},{"not_picked":["Body Slam","Cleave"],"picked":"Pummel","floor":7.0},{"not_picked":["Rage","Perfected Strike"],"picked":"Thunderclap","floor":8.0},{"not_picked":["Iron Wave","Warcry"],"picked":"Heavy Blade","floor":11.0},{"not_picked":["Anger","Thunderclap"],"picked":"Pommel Strike","floor":12.0},{"not_picked":["Searing Blow","Heavy Blade"],"picked":"Warcry","floor":14.0},{"not_picked":["Exhume","Double Tap"],"picked":"Limit Break","floor":16.0},{"not_picked":["Flex","Corruption"],"picked":"Sword Boomerang+1","floor":18.0},{"not_picked":["Flex","Combust"],"picked":"Shrug It Off+1","floor":21.0},{"not_picked":["Flex","Heavy Blade"],"picked":"Shrug It Off","floor":22.0},{"not_picked":["Wild Strike","Heavy Blade","Shrug It Off"],"picked":"SKIP","floor":24.0},{"not_picked":["Anger+1","Pommel Strike","Havoc"],"picked":"SKIP","floor":29.0},{"not_picked":["Iron Wave+1","Shrug It Off"],"picked":"Headbutt","floor":31.0},{"not_picked":["True Grit+1","Anger+1"],"picked":"Uppercut","floor":35.0},{"not_picked":["Headbutt","Thunderclap+1"],"picked":"Spot Weakness","floor":36.0},{"not_picked":["Fire Breathing","Sword Boomerang"],"picked":"Battle Trance","floor":37.0},{"not_picked":["Evolve+1","Uppercut"],"picked":"Headbutt","floor":39.0},{"not_picked":["Headbutt","Rage"],"picked":"Inflame","floor":41.0},{"not_picked":["Clothesline+1","Headbutt","Hemokinesis"],"picked":"SKIP","floor":42.0},{"not_picked":["Barricade","Thunderclap","Armaments"],"picked":"SKIP","floor":44.0},{"not_picked":["True Grit+1","Clash","Spot Weakness"],"picked":"SKIP","floor":48}],"player_experience":476956,"relics_obtained":[{"floor":7.0,"key":"PreservedInsect"},{"floor":9.0,"key":"Smiling Mask"},{"floor":11.0,"key":"Orichalcum"},{"floor":26.0,"key":"Ice Cream"},{"floor":43.0,"key":"Kunai"},{"floor":44.0,"key":"Regal Pillow"}],"event_choices":[{"cards_removed":["Strike_R"],"damage_healed":0.0,"max_hp_gain":0.0,"max_hp_loss":0.0,"gold_gain":0.0,"event_name":"Living Wall","player_choice":"Forget","floor":4.0,"gold_loss":0.0,"damage_taken":0.0},{"damage_healed":0.0,"max_hp_gain":0.0,"max_hp_loss":0.0,"gold_gain":0.0,"event_name":"Accursed Blacksmith","player_choice":"Forge","floor":5.0,"gold_loss":0.0,"damage_taken":0.0,"cards_upgraded":["Iron Wave"]},{"damage_healed":0.0,"max_hp_gain":0.0,"max_hp_loss":0.0,"gold_gain":0.0,"event_name":"The Mausoleum","player_choice":"Opened","floor":19.0,"gold_loss":0.0,"damage_taken":0.0,"relics_obtained":["Blood Vial"]},{"damage_healed":0.0,"max_hp_gain":0.0,"max_hp_loss":0.0,"gold_gain":0.0,"event_name":"Ghosts","player_choice":"Ignored","floor":20.0,"gold_loss":0.0,"damage_taken":0.0},{"damage_healed":0.0,"max_hp_gain":0.0,"max_hp_loss":0.0,"gold_gain":0.0,"event_name":"Upgrade Shrine","player_choice":"Upgraded","floor":38.0,"gold_loss":0.0,"damage_taken":0.0,"cards_upgraded":["Uppercut"]}],"is_beta":true,"boss_relics":[{"not_picked":["Calling Bell","Cursed Key"],"picked":"Coffee Dripper"},{"not_picked":["White Beast Statue","Runic Pyramid"],"picked":"Astrolabe"}],"items_purged_floors":[28,45],"is_endless":false,"potions_floor_spawned":[2,11,12,21,22,33,36,37,44],"ascension_level":0}