{"gold_per_floor":[110,120,138,138,154,154,488,501,528,539,569,569,600,620,620,722,722,733,753,766,783,783,783],"floor_reached":23,"playtime":941,"items_purged":[],"score":253,"play_id":"fbcba76a-a25b-4bd0-92d8-97f5cf6cb140","local_time":"20180627014631","is_ascension_mode":true,"campfire_choices":[{"data":"Flame Barrier","floor":6,"key":"SMITH"},{"floor":15,"key":"REST"}],"neow_cost":"NONE","seed_source_timestamp":350174809663312,"circlet_count":0,"master_deck":["Defend_R","Defend_R","Defend_R","Defend_R","Bash","Double Tap","Thunderclap","Flame Barrier+1","Carnage","Blood for Blood+1","Uppercut","Impervious","Panacea","Whirlwind+1","Blood for Blood","Juggernaut","Metallicize+1","Intimidate+1","Reckless Charge+1","Bite","Bite","Bite","Bite","Bite"],"relics":["Burning Blood","Old Coin","Strawberry","Bronze Scales","Whetstone","White Beast Statue"],"potions_floor_usage":[7,13,13,20,20,21,21,23],"damage_taken":[{"damage":0,"enemies":"Small Slimes","floor":1,"turns":3},{"damage":9,"enemies":"2 Louse","floor":2,"turns":3},{"damage":1,"enemies":"Cultist","floor":3,"turns":4},{"damage":9,"enemies":"2 Fungi Beasts","floor":5,"turns":4},{"damage":39,"enemies":"Gremlin Nob","floor":7,"turns":6},{"damage":5,"enemies":"Lots of Slimes","floor":8,"turns":3},{"damage":12,"enemies":"3 Louse","floor":10,"turns":4},{"damage":15,"enemies":"Lagavulin","floor":11,"turns":5},{"damage":18,"enemies":"Gremlin Nob","floor":13,"turns":5},{"damage":7,"enemies":"Looter","floor":14,"turns":3},{"damage":46,"enemies":"Slime Boss","floor":16,"turns":10},{"damage":20,"enemies":"2 Thieves","floor":18,"turns":2},{"damage":22,"enemies":"Shell Parasite","floor":19,"turns":6},{"damage":27,"enemies":"Centurion and Healer","floor":20,"turns":7},{"damage":21,"enemies":"Snake Plant","floor":21,"turns":3},{"damage":30,"enemies":"Slavers","floor":23,"turns":3}],"seed_played":"6858715452358500215","potions_obtained":[{"floor":3,"key":"Swift Potion"},{"floor":5,"key":"Block Potion"},{"floor":8,"key":"FairyPotion"},{"floor":11,"key":"SkillPotion"},{"floor":13,"key":"Strength Potion"},{"floor":16,"key":"Poison Potion"},{"floor":18,"key":"Dexterity Potion"},{"floor":19,"key":"Fruit Juice"},{"floor":20,"key":"LiquidBronze"},{"floor":21,"key":"Swift Potion"}],"is_trial":false,"path_per_floor":["M","M","M","?","M","R","E","M","T","M","E","?","E","M","R","B",null,"M","M","M","M","?"],"character_chosen":"IRONCLAD","items_purchased":[],"campfire_rested":1,"item_purchase_floors":[],"current_hp_per_floor":[80,77,80,73,70,70,37,38,45,39,30,30,18,17,43,14,87,73,57,41,26,26,0],"gold":783,"neow_bonus":"ONE_RANDOM_RARE_CARD","is_prod":false,"is_daily":false,"chose_seed":false,"campfire_upgraded":1,"win_rate":0,"timestamp":1530056791,"path_taken":["M","M","M","?","M","R","E","M","T","?","E","?","E","M","R","BOSS","M","M","M","M","?","E"],"build_version":"2018-06-21v2","purchased_purges":0,"victory":false,"max_hp_per_floor":[80,80,80,80,80,80,80,80,87,87,87,87,87,87,87,87,87,87,87,92,92,64,64],"card_choices":[{"not_picked":["Anger","Headbutt"],"picked":"Thunderclap","floor":1},{"not_picked":["Headbutt","Heavy Blade"],"picked":"Flame Barrier","floor":2},{"not_picked":["Exhume","Pommel Strike","Flex"],"picked":"SKIP","floor":3},{"not_picked":["Battle Trance","Burning Pact"],"picked":"Carnage","floor":5},{"not_picked":["Perfected Strike","Heavy Blade","Flex"],"picked":"SKIP","floor":7},{"not_picked":["Armaments","Heavy Blade"],"picked":"Blood for Blood","floor":8},{"not_picked":["Sword Boomerang","Dual Wield","Warcry"],"picked":"SKIP","floor":10},{"not_picked":["Body Slam","Iron Wave"],"picked":"Uppercut","floor":11},{"not_picked":["Shrug It Off","Corruption"],"picked":"Whirlwind","floor":13},{"not_picked":["Bloodletting","Shrug It Off"],"picked":"Blood for Blood","floor":14},{"not_picked":["Offering","Brutality"],"picked":"Juggernaut","floor":16},{"not_picked":["Clothesline","Blood for Blood"],"picked":"Metallicize+1","floor":18},{"not_picked":["Power Through+1","Sever Soul+1"],"picked":"Intimidate+1","floor":19},{"not_picked":["Warcry","Anger","Clash"],"picked":"SKIP","floor":20},{"not_picked":["Clothesline","Warcry"],"picked":"Reckless Charge+1","floor":21}],"player_experience":434840,"relics_obtained":[{"floor":7,"key":"Old Coin"},{"floor":9,"key":"Strawberry"},{"floor":11,"key":"Bronze Scales"},{"floor":13,"key":"Whetstone"}],"event_choices":[{"event_name":"Golden Wing","player_choice":"Card Removal","floor":4,"damage_taken":0},{"event_name":"Match and Keep!","player_choice":"2 cards matched","floor":12,"damage_taken":0},{"event_name":"Vampires","player_choice":"Became a vampire","floor":22,"damage_taken":0}],"boss_relics":[{"not_picked":["Mark of Pain","Calling Bell"],"picked":"White Beast Statue"}],"items_purged_floors":[],"is_endless":false,"potions_floor_spawned":[3,5,8,11,13,16,18,19,20,21],"killed_by":"Slavers","ascension_level":1}