{"gold_per_floor":[109,109,126,141,152,183,183,183,183,200,55,55,75,106,106,106],"floor_reached":16,"playtime":665,"items_purged":["Strike_G"],"score":151,"play_id":"a6774d67-123d-488b-ac9d-6f6ad4995871","local_time":"20190111122251","is_ascension_mode":true,"campfire_choices":[{"data":"Neutralize","floor":8,"key":"SMITH"},{"data":"Prepared","floor":12,"key":"SMITH"},{"data":"Dodge and Roll","floor":15,"key":"SMITH"}],"neow_cost":"NONE","seed_source_timestamp":72792275161900,"circlet_count":0,"master_deck":["Defend_G","Defend_G","Defend_G","Defend_G","Defend_G","Strike_G","Strike_G","Strike_G","Strike_G","Survivor","Neutralize+1","Flying Knee","Deflect","Dash","Dash","Dagger Spray","Prepared+1","Dodge and Roll+1","PiercingWail","Quick Slash"],"relics":["Ring of the Snake","Regal Pillow","Strawberry","Tingsha","Meat on the Bone","Dream Catcher"],"potions_floor_usage":[7,14,14,16],"damage_taken":[{"damage":2,"enemies":"2 Louse","floor":1,"turns":3},{"damage":1,"enemies":"Cultist","floor":3,"turns":4},{"damage":1,"enemies":"Jaw Worm","floor":4,"turns":5},{"damage":0,"enemies":"Blue Slaver","floor":5,"turns":4},{"damage":20,"enemies":"3 Sentries","floor":6,"turns":12},{"damage":3,"enemies":"Large Slime","floor":10,"turns":6},{"damage":0,"enemies":"3 Louse","floor":13,"turns":2},{"damage":4,"enemies":"Gremlin Nob","floor":14,"turns":5},{"damage":52,"enemies":"The Guardian","floor":16,"turns":13}],"seed_played":"8048624602417399466","potions_obtained":[{"floor":3,"key":"EssenceOfSteel"},{"floor":5,"key":"LiquidBronze"},{"floor":7,"key":"Fruit Juice"},{"floor":7,"key":"Block Potion"},{"floor":13,"key":"EssenceOfSteel"}],"is_trial":false,"path_per_floor":["M","?","M","M","M","E","?","R","T","M","$","R","M","E","R","B"],"character_chosen":"THE_SILENT","items_purchased":["Dodge and Roll","PiercingWail"],"campfire_rested":0,"item_purchase_floors":[11,11],"current_hp_per_floor":[61,61,60,59,59,39,44,44,44,53,53,53,53,49,49,0],"gold":106,"neow_bonus":"RANDOM_COMMON_RELIC","is_prod":false,"is_daily":false,"chose_seed":false,"campfire_upgraded":3,"win_rate":0,"timestamp":1547205771,"path_taken":["M","?","M","M","M","E","?","R","T","M","$","R","M","E","R","BOSS"],"build_version":"2019-01-10","purchased_purges":1,"victory":false,"max_hp_per_floor":[70,77,77,77,77,77,82,82,82,82,82,82,82,82,82,82],"card_choices":[{"not_picked":["Poisoned Stab","Backflip"],"picked":"Flying Knee","floor":1},{"not_picked":["Outmaneuver","All Out Attack"],"picked":"Deflect","floor":3},{"not_picked":["Poisoned Stab","Acrobatics"],"picked":"Dash","floor":4},{"not_picked":["Setup","All Out Attack"],"picked":"Dash","floor":5},{"not_picked":["Deadly Poison","Acrobatics"],"picked":"Dagger Spray","floor":6},{"not_picked":["Eviscerate","Underhanded Strike"],"picked":"Prepared","floor":10},{"not_picked":["Concentrate","Masterful Stab","Heel Hook"],"picked":"SKIP","floor":13},{"not_picked":["Poisoned Stab","Choke"],"picked":"Quick Slash","floor":14}],"player_experience":365217,"relics_obtained":[{"floor":6,"key":"Tingsha"},{"floor":9,"key":"Meat on the Bone"},{"floor":14,"key":"Dream Catcher"}],"event_choices":[{"damage_healed":0,"gold_gain":0,"player_choice":"Success","damage_taken":7,"relics_obtained":["Strawberry"],"max_hp_gain":0,"max_hp_loss":0,"event_name":"Scrap Ooze","floor":2,"gold_loss":0},{"damage_healed":0,"gold_gain":0,"player_choice":"Got Potions","damage_taken":0,"max_hp_gain":0,"max_hp_loss":0,"event_name":"Lab","floor":7,"gold_loss":0}],"is_beta":false,"boss_relics":[],"items_purged_floors":[11],"is_endless":false,"potions_floor_spawned":[3,5,13],"killed_by":"The Guardian","ascension_level":7}