{"gold_per_floor":[210,210,98,98,98,132,132,143,143,143,156,56,56,81,81,177,177,197,112,162,37,51,51,51,80,80,80,91,91,125,141,141,236,236,246,246,262,242,258,258,587,587],"floor_reached":42,"playtime":2386,"items_purged":["Defend_G","Strike_G","Pain"],"score":495,"play_id":"477d668a-cd7c-49c6-a4d4-a6c2ff70dde6","local_time":"20190306222411","is_ascension_mode":false,"campfire_choices":[{"floor":7.0,"key":"REST"},{"floor":10.0,"key":"REST"},{"data":"Footwork","floor":15.0,"key":"SMITH"},{"floor":23.0,"key":"REST"},{"floor":24.0,"key":"REST"},{"floor":27.0,"key":"REST"},{"floor":29.0,"key":"RECALL"},{"floor":32.0,"key":"REST"},{"floor":40.0,"key":"REST"}],"neow_cost":"NONE","seed_source_timestamp":226600588206849,"circlet_count":0,"master_deck":["Defend_G","Defend_G","Defend_G","Defend_G","Strike_G","Strike_G","Strike_G","Strike_G","Survivor","Neutralize","Deadly Poison","Catalyst+1","Footwork+1","Poisoned Stab+1","Backflip","Corpse Explosion+1","Burst+1","Clumsy","Regret","Prepared","Footwork+1","Noxious Fumes+1","Bullet Time","Bouncing Flask+1","PiercingWail+1","Night Terror","Dagger Throw+1","Terror+1"],"special_seed":0,"relics":["Ring of the Snake","Molten Egg 2","Prayer Wheel","Frozen Egg 2","Torii","Calling Bell","Blood Vial","Pantograph","WingedGreaves","Ninja Scroll","War Paint","Gremlin Horn","Potion Belt","Busted Crown","Old Coin"],"potions_floor_usage":[41],"damage_taken":[{"damage":2.0,"enemies":"Small Slimes","floor":1.0,"turns":4.0},{"damage":28.0,"enemies":"Gremlin Nob","floor":6.0,"turns":4.0},{"damage":0.0,"enemies":"2 Louse","floor":8.0,"turns":3.0},{"damage":1.0,"enemies":"Jaw Worm","floor":11.0,"turns":3.0},{"damage":11.0,"enemies":"Lagavulin","floor":14.0,"turns":5.0},{"damage":27.0,"enemies":"Slime Boss","floor":16.0,"turns":10.0},{"damage":18.0,"enemies":"3 Byrds","floor":18.0,"turns":3.0},{"damage":23.0,"enemies":"Spheric Guardian","floor":22.0,"turns":5.0},{"damage":31.0,"enemies":"Slavers","floor":25.0,"turns":2.0},{"damage":17.0,"enemies":"Cultist and Chosen","floor":28.0,"turns":8.0},{"damage":50.0,"enemies":"Book of Stabbing","floor":30.0,"turns":4.0},{"damage":0.0,"enemies":"3 Cultists","floor":31.0,"turns":3.0},{"damage":58.0,"enemies":"Champ","floor":33.0,"turns":9.0},{"damage":8.0,"enemies":"3 Shapes","floor":35.0,"turns":4.0},{"damage":3.0,"enemies":"Orb Walker","floor":37.0,"turns":3.0},{"damage":28.0,"enemies":"Spire Growth","floor":39.0,"turns":4.0},{"damage":22,"enemies":"Nemesis","floor":41,"turns":7},{"damage":45,"enemies":"Jaw Worm Horde","floor":42,"turns":2}],"seed_played":"7496726976109687018","potions_obtained":[{"floor":8.0,"key":"EssenceOfSteel"},{"floor":14.0,"key":"LiquidBronze"},{"floor":16.0,"key":"PowerPotion"},{"floor":22.0,"key":"Regen Potion"},{"floor":25.0,"key":"LiquidBronze"},{"floor":31.0,"key":"GhostInAJar"},{"floor":35.0,"key":"GamblersBrew"},{"floor":38.0,"key":"EssenceOfSteel"},{"floor":39.0,"key":"FearPotion"}],"is_trial":false,"path_per_floor":["M","?","$","?","?","E","R","M","T","R","M","$","?","E","R","B",null,"M","?","?","$","M","R","R","E","T","R","M","R","E","M","R","B",null,"M","?","M","?","M","R","E","M"],"character_chosen":"THE_SILENT","items_purchased":["Catalyst"],"campfire_rested":7,"item_purchase_floors":[3],"current_hp_per_floor":[68,61,61,61,61,33,54,54,54,70,69,69,69,58,58,31,70,52,52,52,52,31,52,70,39,39,60,60,60,12,14,35,4,70,62,62,61,61,35,56,36,0],"gold":587,"neow_bonus":"HUNDRED_GOLD","is_prod":false,"is_daily":false,"chose_seed":false,"campfire_upgraded":1,"win_rate":0,"timestamp":1551878651,"path_taken":["M","?","$","?","?","E","R","M","T","R","M","?","?","E","R","BOSS","M","?","?","$","?","R","R","E","T","R","M","R","E","M","R","BOSS","M","?","M","?","M","R","E","?"],"build_version":"2019-01-23","purchased_purges":3,"victory":false,"max_hp_per_floor":[70,70,70,70,70,70,70,70,70,70,70,70,70,70,70,70,70,70,70,70,70,70,70,70,70,70,70,70,70,70,70,70,70,70,70,70,70,70,70,70,70,70],"card_choices":[{"not_picked":["Dagger Throw","Deflect"],"picked":"Deadly Poison","floor":1.0},{"not_picked":["Terror","Cloak And Dagger"],"picked":"Predator+1","floor":6.0},{"not_picked":["Choke+1","Dodge and Roll"],"picked":"Footwork","floor":8.0},{"not_picked":["Bane+1","Deflect"],"picked":"Poisoned Stab+1","floor":8.0},{"not_picked":["Deflect","Bane+1"],"picked":"Backflip","floor":11.0},{"not_picked":["Wraith Form v2+1","Outmaneuver","Accuracy+1"],"picked":"SKIP","floor":11.0},{"not_picked":["Choke+1","Dagger Throw+1"],"picked":"Corpse Explosion","floor":14.0},{"not_picked":["Wraith Form v2+1","Tools of the Trade+1"],"picked":"Burst","floor":16.0},{"not_picked":["Underhanded Strike+1","Predator+1"],"picked":"Prepared","floor":18.0},{"not_picked":["Eviscerate+1","Flying Knee+1"],"picked":"Footwork+1","floor":18.0},{"not_picked":["Poisoned Stab+1","Acrobatics+1"],"picked":"Noxious Fumes+1","floor":22.0},{"not_picked":["Cloak And Dagger+1","Backflip","Concentrate"],"picked":"SKIP","floor":22.0},{"not_picked":["Accuracy+1","Doppelganger"],"picked":"Bullet Time","floor":25.0},{"not_picked":["PiercingWail+1","Flechettes+1"],"picked":"Bouncing Flask+1","floor":28.0},{"not_picked":["Cloak And Dagger+1","Underhanded Strike+1","Dagger Spray+1"],"picked":"SKIP","floor":28.0},{"not_picked":["Quick Slash+1","Prepared"],"picked":"PiercingWail+1","floor":30.0},{"not_picked":["Backflip","Slice+1","Dodge and Roll"],"picked":"SKIP","floor":31.0},{"not_picked":["Bouncing Flask","Blade Dance+1","Sucker Punch+1"],"picked":"SKIP","floor":31.0},{"not_picked":["Grand Finale+1","Bullet Time"],"picked":"Night Terror","floor":33.0},{"not_picked":["PiercingWail+1"],"picked":"SKIP","floor":35.0},{"not_picked":["Bane+1"],"picked":"SKIP","floor":35.0},{"not_picked":[],"picked":"Dagger Throw+1","floor":37.0},{"not_picked":["Deadly Poison"],"picked":"SKIP","floor":37.0},{"not_picked":[],"picked":"Terror+1","floor":39.0},{"not_picked":["Sucker Punch+1"],"picked":"SKIP","floor":39.0},{"not_picked":["PiercingWail"],"picked":"SKIP","floor":41}],"player_experience":690647,"relics_obtained":[{"floor":6.0,"key":"Prayer Wheel"},{"floor":9.0,"key":"Frozen Egg 2"},{"floor":14.0,"key":"Torii"},{"floor":17.0,"key":"Blood Vial"},{"floor":17.0,"key":"Pantograph"},{"floor":17.0,"key":"WingedGreaves"},{"floor":25.0,"key":"War Paint"},{"floor":26.0,"key":"Gremlin Horn"},{"floor":30.0,"key":"Potion Belt"},{"floor":41,"key":"Old Coin"}],"event_choices":[{"damage_healed":0.0,"max_hp_gain":0.0,"max_hp_loss":0.0,"gold_gain":0.0,"event_name":"Scrap Ooze","player_choice":"Success","floor":2.0,"gold_loss":0.0,"damage_taken":7.0,"relics_obtained":["Molten Egg 2"]},{"damage_healed":0.0,"max_hp_gain":0.0,"max_hp_loss":0.0,"gold_gain":0.0,"event_name":"Living Wall","player_choice":"Grow","floor":4.0,"gold_loss":0.0,"damage_taken":0.0,"cards_upgraded":["Catalyst"]},{"damage_healed":0.0,"max_hp_gain":0.0,"max_hp_loss":0.0,"gold_gain":0.0,"event_name":"Golden Wing","player_choice":"Ignored","floor":5.0,"gold_loss":0.0,"damage_taken":0.0},{"damage_healed":0.0,"max_hp_gain":0.0,"max_hp_loss":0.0,"gold_gain":0.0,"event_name":"The Cleric","player_choice":"Leave","floor":13.0,"gold_loss":0.0,"damage_taken":0.0},{"damage_healed":0.0,"max_hp_gain":0.0,"max_hp_loss":0.0,"gold_gain":0.0,"event_name":"Addict","player_choice":"Obtained Relic","floor":19.0,"gold_loss":85.0,"damage_taken":0.0,"relics_obtained":["Ninja Scroll"]},{"damage_healed":0.0,"max_hp_gain":0.0,"max_hp_loss":0.0,"gold_gain":100.0,"event_name":"The Joust","player_choice":"Bet on Murderer","floor":20.0,"gold_loss":50.0,"damage_taken":0.0},{"cards_removed":["Predator"],"damage_healed":0.0,"max_hp_gain":0.0,"max_hp_loss":0.0,"gold_gain":0.0,"event_name":"Falling","player_choice":"Removed Attack","floor":36.0,"gold_loss":0.0,"damage_taken":0.0},{"damage_healed":0.0,"max_hp_gain":0.0,"max_hp_loss":0.0,"gold_gain":0.0,"event_name":"The Woman in Blue","player_choice":"Bought 1 Potion","floor":38.0,"gold_loss":0.0,"damage_taken":0.0}],"is_beta":false,"boss_relics":[{"not_picked":["Sozu","Empty Cage"],"picked":"Calling Bell"},{"not_picked":["Coffee Dripper","White Beast Statue"],"picked":"Busted Crown"}],"items_purged_floors":[3,12,21],"is_endless":false,"potions_floor_spawned":[8,14,16,22,25,31,35,39],"killed_by":"Jaw Worm Horde","ascension_level":0}