{"gold_per_floor":[113,131,131,144,64,64,89,89,89,101,101,127,143,143,143,273,273,289,313,60,159,159,159,159],"floor_reached":24,"playtime":1050,"items_purged":[],"score":255,"play_id":"901821ac-ba22-415a-9a9d-64da6f4a5cd8","local_time":"20180806030841","is_ascension_mode":true,"campfire_choices":[{"data":"Evolve","floor":6,"key":"SMITH"},{"data":"Cleave","floor":8,"key":"SMITH"},{"data":"Body Slam","floor":11,"key":"SMITH"},{"data":"Inflame","floor":15,"key":"SMITH"},{"data":"Battle Trance","floor":23,"key":"SMITH"}],"neow_cost":"NONE","seed_source_timestamp":369713959350941,"circlet_count":0,"master_deck":["Strike_R","Strike_R","Strike_R","Strike_R","Defend_R","Defend_R","Defend_R","Defend_R","Bash","Battle Trance+1","Inflame","Cleave+1","Evolve+1","Headbutt","Body Slam+1","Inflame+1","Demon Form","Seeing Red+1","Iron Wave"],"relics":["Burning Blood","Orichalcum","Toxic Egg 2","Lantern","Self Forming Clay","Golden Idol","Orrery","Gremlin Horn"],"potions_floor_usage":[16,18,18],"damage_taken":[{"damage":9,"enemies":"Cultist","floor":1,"turns":5},{"damage":6,"enemies":"2 Louse","floor":2,"turns":3},{"damage":0,"enemies":"Small Slimes","floor":4,"turns":3},{"damage":12,"enemies":"Gremlin Nob","floor":7,"turns":4},{"damage":2,"enemies":"3 Louse","floor":10,"turns":2},{"damage":16,"enemies":"3 Sentries","floor":12,"turns":5},{"damage":1,"enemies":"2 Fungi Beasts","floor":13,"turns":3},{"damage":36,"enemies":"The Guardian","floor":16,"turns":11},{"damage":15,"enemies":"3 Byrds","floor":18,"turns":5},{"damage":11,"enemies":"Chosen","floor":19,"turns":6},{"damage":54,"enemies":"Book of Stabbing","floor":24,"turns":5}],"seed_played":"-6022329663113339857","potions_obtained":[{"floor":1,"key":"FearPotion"},{"floor":10,"key":"Poison Potion"},{"floor":13,"key":"Fire Potion"}],"is_trial":false,"path_per_floor":["M","M","?","M","$","R","E","R","T","M","R","E","M","?","R","B",null,"M","M","$","?","?","R"],"character_chosen":"IRONCLAD","items_purchased":["Evolve","Gremlin Horn"],"campfire_rested":0,"item_purchase_floors":[5,20],"current_hp_per_floor":[77,77,77,80,80,80,74,74,74,78,78,68,73,53,53,23,66,57,52,52,52,52,52,0],"gold":159,"neow_bonus":"RANDOM_COMMON_RELIC","is_prod":false,"is_daily":false,"chose_seed":false,"campfire_upgraded":5,"win_rate":0,"timestamp":1533517721,"path_taken":["M","?","?","M","$","R","E","R","T","M","R","E","M","?","R","BOSS","M","M","$","?","?","R","E"],"build_version":"2018-08-02","purchased_purges":0,"victory":false,"max_hp_per_floor":[80,80,80,80,80,80,80,80,80,80,80,80,80,80,80,80,80,80,80,80,80,80,80,80],"card_choices":[{"not_picked":["Ghostly Armor","Clash"],"picked":"Battle Trance","floor":1},{"not_picked":["Wild Strike","Feel No Pain"],"picked":"Inflame","floor":2},{"not_picked":["Carnage","Heavy Blade"],"picked":"Cleave","floor":4},{"not_picked":["Searing Blow","Uppercut"],"picked":"Headbutt","floor":7},{"not_picked":["Anger","Twin Strike"],"picked":"Body Slam","floor":10},{"not_picked":["Burning Pact+1","Clash"],"picked":"Inflame","floor":12},{"not_picked":["Hemokinesis","Heavy Blade","Cleave"],"picked":"SKIP","floor":13},{"not_picked":["Double Tap+1","Impervious+1"],"picked":"Demon Form","floor":16},{"not_picked":["Twin Strike","Wild Strike"],"picked":"Seeing Red+1","floor":17},{"not_picked":["Sever Soul","Corruption"],"picked":"Iron Wave","floor":17},{"not_picked":["Searing Blow","Cleave","Havoc+1"],"picked":"SKIP","floor":18},{"not_picked":["Pummel","Evolve+1","Havoc+1"],"picked":"SKIP","floor":19}],"player_experience":502719,"relics_obtained":[{"floor":7,"key":"Toxic Egg 2"},{"floor":9,"key":"Lantern"},{"floor":12,"key":"Self Forming Clay"}],"event_choices":[{"event_name":"Living Wall","player_choice":"Forget","floor":3,"damage_taken":0},{"event_name":"Golden Idol","player_choice":"Take Damage","floor":14,"damage_taken":0},{"event_name":"Nest","player_choice":"Stole From Cult","floor":21,"damage_taken":0},{"event_name":"Ghosts","player_choice":"Ignored","floor":22,"damage_taken":0}],"is_beta":false,"boss_relics":[{"not_picked":["Runic Cube","Ectoplasm"],"picked":"Orrery"}],"items_purged_floors":[],"is_endless":false,"potions_floor_spawned":[1,10,13],"killed_by":"Book of Stabbing","ascension_level":5}