{"path_per_floor":["M","?","M","M","M","E","R","$","T","M","E","?","M"],"character_chosen":"DEFECT","items_purchased":["Self Repair","Force Field"],"gold_per_floor":[116,116,136,149,161,189,189,33,33,52,86,137,156,156],"floor_reached":14,"campfire_rested":0,"playtime":493,"item_purchase_floors":[8,8],"current_hp_per_floor":[73,73,72,72,69,42,42,42,42,42,19,19,26,0],"items_purged":[],"gold":156,"score":112,"play_id":"f2a8891e-b4d8-4357-afa8-0c885d9416af","local_time":"20180622173643","is_prod":false,"is_daily":false,"chose_seed":false,"is_ascension_mode":true,"campfire_upgraded":1,"win_rate":0,"timestamp":1529681803,"campfire_choices":[{"data":"Double Energy","floor":7,"key":"SMITH"}],"path_taken":["M","?","M","M","M","E","R","$","T","M","E","?","M","E"],"build_version":"2018-06-21","seed_source_timestamp":50553963829247,"purchased_purges":0,"circlet_count":0,"victory":false,"master_deck":["Strike_B","Strike_B","Strike_B","Strike_B","Defend_B","Defend_B","Defend_B","Defend_B","Zap","Dualcast","Double Energy+1","Melter","Auto Shields","Self Repair","Force Field","BootSequence","Chill"],"max_hp_per_floor":[75,75,75,75,75,75,75,75,75,75,75,75,75,75],"relics":["Cracked Core","Vajra","Gremlin Horn","Symbiotic Virus"],"card_choices":[{"not_picked":["Turbo","Leap","Compile Driver"],"picked":"SKIP","floor":1},{"not_picked":["Conserve Battery","Hologram","Sweeping Beam"],"picked":"SKIP","floor":3},{"not_picked":["Ball Lightning","Gash"],"picked":"Double Energy","floor":4},{"not_picked":["Redo","Coolheaded"],"picked":"Melter","floor":5},{"not_picked":["Turbo","Hyperbeam"],"picked":"Auto Shields","floor":6},{"not_picked":["Tempest","Barrage"],"picked":"BootSequence","floor":10},{"not_picked":["All For One","Ball Lightning","Go for the Eyes"],"picked":"SKIP","floor":11},{"not_picked":["Barrage","Melter"],"picked":"Chill","floor":13}],"player_experience":403359,"potions_floor_usage":[5,10,11],"damage_taken":[{"damage":2,"enemies":"Jaw Worm","floor":1,"turns":3},{"damage":1,"enemies":"Cultist","floor":3,"turns":3},{"damage":0,"enemies":"2 Louse","floor":4,"turns":3},{"damage":3,"enemies":"Large Slime","floor":5,"turns":6},{"damage":27,"enemies":"3 Sentries","floor":6,"turns":10},{"damage":0,"enemies":"Looter","floor":10,"turns":2},{"damage":30,"enemies":"Lagavulin","floor":11,"turns":7},{"damage":0,"enemies":"Lots of Slimes","floor":13,"turns":3},{"damage":31,"enemies":"Gremlin Nob","floor":14,"turns":4}],"relics_obtained":[{"floor":6,"key":"Vajra"},{"floor":9,"key":"Gremlin Horn"},{"floor":11,"key":"Symbiotic Virus"}],"event_choices":[{"event_name":"The Woman in Blue","player_choice":"Bought 0 Potions","floor":2,"damage_taken":0},{"event_name":"Golden Wing","player_choice":"Gained Gold","floor":12,"damage_taken":0}],"boss_relics":[],"items_purged_floors":[],"is_endless":false,"potions_floor_spawned":[3,4,6],"seed_played":"2929947150385562083","killed_by":"Gremlin Nob","ascension_level":2,"potions_obtained":[{"floor":3,"key":"FocusPotion"},{"floor":4,"key":"Energy Potion"},{"floor":6,"key":"Fire Potion"}],"is_trial":false}