{"path_per_floor":["M","?","M","M","M","R","M","?","T","R","E"],"character_chosen":"DEFECT","items_purchased":[],"gold_per_floor":[113,188,202,217,234,234,252,252,275,275,301,301],"floor_reached":12,"campfire_rested":1,"playtime":395,"item_purchase_floors":[],"current_hp_per_floor":[70,59,45,44,35,35,30,5,5,27,9,0],"items_purged":[],"gold":301,"score":80,"play_id":"a98960c2-d07e-4b54-a2b5-5e99120e8ece","local_time":"20180605042657","is_prod":false,"is_daily":false,"chose_seed":false,"is_ascension_mode":false,"campfire_upgraded":1,"win_rate":0.0,"timestamp":1528165617,"campfire_choices":[{"data":"Defragment","floor":6,"key":"SMITH"},{"floor":10,"key":"REST"}],"path_taken":["M","?","M","M","M","R","M","?","T","R","E","M"],"build_version":"2018-05-31","seed_source_timestamp":272591615023022,"purchased_purges":0,"victory":false,"master_deck":["Strike_B","Strike_B","Strike_B+1","Strike_B+1","Defend_B","Defend_B","Defend_B","Defend_B","Zap","Dualcast","Skim","Defragment","Defragment+1","Barrage","Creative AI"],"max_hp_per_floor":[75,75,75,75,75,75,75,75,75,75,75,75],"relics":["Cracked Core","Oddly Smooth Stone","Whetstone","Potion Belt"],"card_choices":[{"not_picked":["Barrage","Cold Snap"],"picked":"Skim","floor":1},{"not_picked":["Conserve Battery","Leap"],"picked":"Defragment","floor":3},{"not_picked":["Beam Cell","Steam","Compile Driver"],"picked":"SKIP","floor":4},{"not_picked":["Leap","Lockon"],"picked":"Defragment","floor":5},{"not_picked":["Conserve Battery","Ball Lightning"],"picked":"Barrage","floor":7},{"not_picked":["Turbo","Darkness"],"picked":"Creative AI","floor":11}],"player_experience":308613,"potions_floor_usage":[11],"damage_taken":[{"damage":5,"enemies":"Small Slimes","floor":1,"turns":3},{"damage":14,"enemies":"Jaw Worm","floor":3,"turns":5},{"damage":1,"enemies":"Cultist","floor":4,"turns":3},{"damage":9,"enemies":"3 Louse","floor":5,"turns":4},{"damage":5,"enemies":"Looter","floor":7,"turns":3},{"damage":18,"enemies":"Lagavulin","floor":11,"turns":5},{"damage":10,"enemies":"Exordium Wildlife","floor":12,"turns":4}],"relics_obtained":[{"floor":9,"key":"Whetstone"},{"floor":11,"key":"Potion Belt"}],"event_choices":[{"event_name":"World of Goop","player_choice":"Gather Gold","floor":2,"damage_taken":0},{"event_name":"Scrap Ooze","player_choice":"success","floor":8,"damage_taken":25}],"boss_relics":[],"items_purged_floors":[],"potions_floor_spawned":[3,5],"seed_played":"-737252683559074008","killed_by":"Exordium Wildlife","ascension_level":0,"potions_obtained":[{"floor":3,"key":"PowerPotion"},{"floor":5,"key":"Energy Potion"}],"is_trial":false}