{"gold_per_floor":[119,131,146,163,18,44,62,62,87,100,134,36,71,71,71,169,169,187,199,114,143,171,217,229,266,359,399,430,474,486,498,510,621,633,662,692,704,616,916,945,945,955,980,1009,544,544,88,107,107,107],"floor_reached":51,"playtime":2754,"items_purged":["Strike_R","Strike_R","Defend_R"],"score":1103,"play_id":"f6fc50b9-0e72-44ba-959b-85fa11255a19","local_time":"20181118124647","is_ascension_mode":true,"campfire_choices":[{"data":"Shockwave","floor":8,"key":"SMITH"},{"floor":15,"key":"REST"},{"floor":24,"key":"REST"},{"data":"Juggernaut","floor":30,"key":"SMITH"},{"floor":32,"key":"REST"},{"floor":41,"key":"REST"},{"floor":46,"key":"REST"},{"data":"Iron Wave","floor":49,"key":"SMITH"}],"neow_cost":"NONE","seed_source_timestamp":236397398405805,"circlet_count":0,"master_deck":["Defend_R","Defend_R","Defend_R","Bash","Shockwave+1","True Grit+1","Iron Wave","Iron Wave+1","Cleave+1","Shrug It Off+1","Pommel Strike","Spot Weakness","Bludgeon+1","Headbutt","Twin Strike","Body Slam+1","Juggernaut+1","Parasite"],"relics":["Burning Blood","PreservedInsect","Red Skull","Anchor","Centennial Puzzle","Ancient Tea Set","Velvet Choker","MawBank","Orichalcum","War Paint","Tiny Chest","Vajra","Oddly Smooth Stone","Nilry\u0027s Codex","Lizard Tail","Pen Nib","Whetstone","Torii","Regal Pillow","ClockworkSouvenir","Lee\u0027s Waffle","Bag of Marbles"],"potions_floor_usage":[6,6,6,11,22,23,25,25,33,33,40,42],"damage_taken":[{"damage":1,"enemies":"Cultist","floor":1,"turns":4},{"damage":1,"enemies":"2 Louse","floor":2,"turns":3},{"damage":1,"enemies":"Small Slimes","floor":3,"turns":5},{"damage":8,"enemies":"3 Louse","floor":4,"turns":8},{"damage":30,"enemies":"Lagavulin","floor":6,"turns":7},{"damage":10,"enemies":"Exordium Thugs","floor":7,"turns":7},{"damage":14,"enemies":"Large Slime","floor":10,"turns":9},{"damage":16,"enemies":"Gremlin Nob","floor":11,"turns":4},{"damage":22,"enemies":"Lagavulin","floor":13,"turns":7},{"damage":31,"enemies":"The Guardian","floor":16,"turns":13},{"damage":9,"enemies":"3 Byrds","floor":18,"turns":5},{"damage":3,"enemies":"Shell Parasite","floor":19,"turns":5},{"damage":17,"enemies":"Snake Plant","floor":21,"turns":3},{"damage":32,"enemies":"Sentry and Sphere","floor":22,"turns":6},{"damage":12,"enemies":"Gremlin Leader","floor":23,"turns":4},{"damage":19,"enemies":"Slavers","floor":25,"turns":4},{"damage":12,"enemies":"Gremlin Leader","floor":27,"turns":4},{"damage":7,"enemies":"3 Cultists","floor":28,"turns":4},{"damage":5,"enemies":"Slavers","floor":29,"turns":3},{"damage":44,"enemies":"Collector","floor":33,"turns":7},{"damage":15,"enemies":"3 Darklings","floor":35,"turns":6},{"damage":16,"enemies":"3 Shapes","floor":36,"turns":5},{"damage":27,"enemies":"Reptomancer","floor":40,"turns":5},{"damage":18,"enemies":"Maw","floor":42,"turns":7},{"damage":37,"enemies":"Nemesis","floor":44,"turns":5},{"damage":37,"enemies":"Writhing Mass","floor":48,"turns":6},{"damage":78,"enemies":"Awakened One","floor":50,"turns":10}],"seed_played":"1624328208592208366","potions_obtained":[{"floor":2,"key":"SpeedPotion"},{"floor":3,"key":"PowerPotion"},{"floor":4,"key":"FearPotion"},{"floor":6,"key":"Regen Potion"},{"floor":11,"key":"Regen Potion"},{"floor":16,"key":"Swift Potion"},{"floor":19,"key":"Poison Potion"},{"floor":22,"key":"Fruit Juice"},{"floor":23,"key":"EssenceOfSteel"},{"floor":28,"key":"Explosive Potion"},{"floor":36,"key":"LiquidBronze"},{"floor":40,"key":"Poison Potion"},{"floor":44,"key":"Ancient Potion"}],"is_trial":false,"path_per_floor":["M","M","M","M","$","E","M","R","T","M","E","$","E","?","R","B",null,"M","M","?","M","M","E","R","E","T","E","M","E","R","?","R","B",null,"M","M","?","$","?","E","R","M","T","E","$","R","$","M","R","B",null],"character_chosen":"IRONCLAD","items_purchased":["PreservedInsect","Pommel Strike","Regal Pillow","ClockworkSouvenir","FairyPotion","Lee\u0027s Waffle","Bag of Marbles"],"campfire_rested":5,"item_purchase_floors":[5,12,45,45,47,47,47],"current_hp_per_floor":[77,80,80,78,78,54,50,50,50,42,44,44,28,28,52,27,67,64,67,67,56,30,29,54,53,53,47,46,47,47,31,56,18,68,59,49,49,49,49,28,53,41,41,10,10,50,92,61,61,52],"gold":107,"neow_bonus":"REMOVE_CARD","is_prod":false,"is_daily":false,"chose_seed":false,"campfire_upgraded":3,"win_rate":0,"timestamp":1542541607,"path_taken":["M","M","M","M","?","E","M","R","T","M","E","$","E","?","R","BOSS","M","M","?","M","M","E","R","E","T","E","M","E","R","?","R","BOSS","M","M","?","?","?","E","R","?","T","E","$","R","$","M","R","BOSS"],"build_version":"2018-11-15","purchased_purges":3,"victory":true,"max_hp_per_floor":[80,80,80,80,80,80,80,80,80,80,80,80,80,80,80,80,80,80,80,80,80,80,85,85,85,85,85,85,85,85,85,85,85,85,85,85,85,85,85,85,85,85,85,85,85,85,92,92,92,92],"card_choices":[{"not_picked":["Warcry","Combust","Second Wind"],"picked":"SKIP","floor":1},{"not_picked":["Feel No Pain","Entrench"],"picked":"Shockwave","floor":2},{"not_picked":["Thunderclap","Perfected Strike"],"picked":"True Grit","floor":3},{"not_picked":["Wild Strike","Anger"],"picked":"Iron Wave","floor":4},{"not_picked":["Feel No Pain","Warcry","Wild Strike"],"picked":"SKIP","floor":6},{"not_picked":["Blood for Blood","Warcry"],"picked":"Iron Wave","floor":7},{"not_picked":["Shrug It Off","Warcry"],"picked":"Cleave","floor":10},{"not_picked":["Blood for Blood","Warcry"],"picked":"Shrug It Off","floor":11},{"not_picked":["Armaments","Dropkick"],"picked":"Spot Weakness","floor":13},{"not_picked":["Exhume","Feed"],"picked":"Bludgeon","floor":16},{"not_picked":["Havoc","Burning Pact"],"picked":"Headbutt","floor":18},{"not_picked":["Cleave","Clash","Power Through+1"],"picked":"SKIP","floor":19},{"not_picked":["Havoc","Power Through"],"picked":"Twin Strike","floor":21},{"not_picked":["Thunderclap","Sword Boomerang+1"],"picked":"Body Slam+1","floor":22},{"not_picked":["Juggernaut","Wild Strike","Cleave+1"],"picked":"SKIP","floor":23},{"not_picked":["Twin Strike","Corruption"],"picked":"Juggernaut","floor":25},{"not_picked":["Headbutt+1","Anger","Cleave"],"picked":"SKIP","floor":27},{"not_picked":["Spot Weakness+1","Perfected Strike","Sword Boomerang"],"picked":"SKIP","floor":28},{"not_picked":["Clothesline","Cleave","True Grit+1"],"picked":"SKIP","floor":29},{"not_picked":["Havoc+1","Thunderclap","Perfected Strike+1"],"picked":"SKIP","floor":35},{"not_picked":["Infernal Blade+1","Rage+1","Armaments"],"picked":"SKIP","floor":36},{"not_picked":["Inflame","Combust+1","Clothesline"],"picked":"SKIP","floor":40},{"not_picked":["Armaments+1","Feel No Pain+1","Cleave+1"],"picked":"SKIP","floor":42},{"not_picked":["Sentinel+1","Iron Wave","Reckless Charge"],"picked":"SKIP","floor":44},{"not_picked":["Rupture+1","Havoc","Berserk"],"picked":"SKIP","floor":48}],"player_experience":549513,"relics_obtained":[{"floor":6,"key":"Red Skull"},{"floor":9,"key":"Anchor"},{"floor":11,"key":"Centennial Puzzle"},{"floor":13,"key":"Ancient Tea Set"},{"floor":23,"key":"Orichalcum"},{"floor":25,"key":"War Paint"},{"floor":26,"key":"Tiny Chest"},{"floor":27,"key":"Vajra"},{"floor":29,"key":"Oddly Smooth Stone"},{"floor":31,"key":"Nilry\u0027s Codex"},{"floor":40,"key":"Pen Nib"},{"floor":43,"key":"Whetstone"},{"floor":44,"key":"Torii"}],"event_choices":[{"cards_removed":["Strike_R"],"damage_healed":0,"gold_gain":0,"player_choice":"Forget","damage_taken":0,"max_hp_gain":0,"max_hp_loss":0,"event_name":"Living Wall","floor":14,"gold_loss":0},{"damage_healed":0,"gold_gain":0,"player_choice":"Obtained Relic","damage_taken":0,"relics_obtained":["MawBank"],"max_hp_gain":0,"max_hp_loss":0,"event_name":"Addict","floor":20,"gold_loss":85},{"damage_healed":0,"gold_gain":0,"player_choice":"Obtained Book","damage_taken":16,"max_hp_gain":0,"max_hp_loss":0,"event_name":"Cursed Tome","floor":31,"gold_loss":0},{"cards_removed":["Strike_R"],"damage_healed":0,"gold_gain":0,"player_choice":"Purged","damage_taken":0,"max_hp_gain":0,"max_hp_loss":0,"event_name":"Purifier","floor":37,"gold_loss":0},{"damage_healed":0,"gold_gain":300,"player_choice":"Gold","damage_taken":0,"max_hp_gain":0,"max_hp_loss":0,"event_name":"Wheel of Change","floor":39,"gold_loss":0}],"is_beta":false,"boss_relics":[{"not_picked":["Busted Crown","Coffee Dripper"],"picked":"Velvet Choker"},{"not_picked":["Mark of Pain","Runic Cube"],"picked":"Lizard Tail"}],"items_purged_floors":[12,38,45],"is_endless":false,"potions_floor_spawned":[2,3,4,6,11,16,19,22,23,28,36,40,44],"ascension_level":7}