{"gold_per_floor":[109,109,121,135,148,173,173,173,173,205,265,291,291,310,310,412,412,426,442,261,272,272],"floor_reached":22,"playtime":1099,"items_purged":["Strike_B"],"score":337,"play_id":"06544dfe-499d-4786-ad97-930de8180a8b","local_time":"20181219235118","is_ascension_mode":true,"campfire_choices":[{"data":"Tempest","floor":8,"key":"SMITH"},{"data":"Streamline","floor":13,"key":"SMITH"},{"data":"Loop","floor":15,"key":"SMITH"}],"neow_cost":"NONE","seed_source_timestamp":561809260403286,"circlet_count":0,"master_deck":["Strike_B","Strike_B","Strike_B","Defend_B","Defend_B","Defend_B","Defend_B","Zap","Dualcast","Buffer+1","Tempest+1","Streamline+1","Buffer","Chill+1","Loop+1","Amplify+1","Defragment","FTL+1","Reinforced Body+1"],"relics":["Cracked Core","Bottled Lightning","Toxic Egg 2","Ancient Tea Set","Singing Bowl","Molten Egg 2","Lizard Tail"],"potions_floor_usage":[6,18,21,22],"damage_taken":[{"damage":0,"enemies":"2 Louse","floor":1,"turns":2},{"damage":1,"enemies":"Cultist","floor":3,"turns":4},{"damage":0,"enemies":"Small Slimes","floor":4,"turns":3},{"damage":5,"enemies":"2 Fungi Beasts","floor":5,"turns":4},{"damage":0,"enemies":"Gremlin Nob","floor":6,"turns":4},{"damage":0,"enemies":"Lagavulin","floor":10,"turns":5},{"damage":25,"enemies":"3 Sentries","floor":11,"turns":7},{"damage":0,"enemies":"Gremlin Nob","floor":12,"turns":5},{"damage":0,"enemies":"Looter","floor":14,"turns":2},{"damage":24,"enemies":"The Guardian","floor":16,"turns":10},{"damage":38,"enemies":"Shell Parasite","floor":18,"turns":8},{"damage":37,"enemies":"3 Byrds","floor":19,"turns":5},{"damage":14,"enemies":"Centurion and Healer","floor":21,"turns":5},{"damage":47,"enemies":"Cultist and Chosen","floor":22,"turns":6}],"seed_played":"-7981759258891887998","potions_obtained":[{"floor":4,"key":"GamblersBrew"},{"floor":5,"key":"Dexterity Potion"},{"floor":6,"key":"Swift Potion"},{"floor":12,"key":"AttackPotion"},{"floor":16,"key":"SpeedPotion"}],"is_trial":false,"path_per_floor":["M","?","M","M","M","E","?","R","T","E","?","E","R","M","R","B",null,"M","M","$","M","M"],"character_chosen":"DEFECT","items_purchased":["Defragment","FTL+1"],"campfire_rested":0,"item_purchase_floors":[20,20],"current_hp_per_floor":[75,75,74,74,69,69,74,74,74,74,51,51,51,51,51,27,82,46,11,11,43,0],"gold":272,"neow_bonus":"ONE_RANDOM_RARE_CARD","is_prod":false,"is_daily":false,"chose_seed":false,"campfire_upgraded":3,"win_rate":0,"timestamp":1545259878,"path_taken":["M","?","M","?","M","E","?","R","T","E","?","E","R","M","R","BOSS","M","M","$","M","M"],"build_version":"2018-12-13","purchased_purges":1,"victory":false,"max_hp_per_floor":[75,75,75,75,75,75,80,80,80,80,82,82,82,82,82,82,82,84,86,86,86,86],"card_choices":[{"not_picked":["Conserve Battery","Leap"],"picked":"Tempest","floor":1},{"not_picked":["Doom and Gloom","Ball Lightning","Leap"],"picked":"SKIP","floor":3},{"not_picked":["Gash","Rebound","Cold Snap"],"picked":"SKIP","floor":4},{"not_picked":["Skim","Sweeping Beam"],"picked":"Streamline","floor":5},{"not_picked":["Rebound","Aggregate"],"picked":"Buffer","floor":6},{"not_picked":["Redo+1","Coolheaded+1","Streamline"],"picked":"SKIP","floor":10},{"not_picked":["Redo+1","Leap+1","Rip and Tear"],"picked":"Singing Bowl","floor":11},{"not_picked":["Cold Snap","Compile Driver"],"picked":"Chill+1","floor":12},{"not_picked":["Creative AI","Cold Snap+1"],"picked":"Loop","floor":14},{"not_picked":["All For One+1","Fission+1"],"picked":"Amplify+1","floor":16},{"not_picked":["Stack+1","Redo+1","Chaos+1"],"picked":"Singing Bowl","floor":18},{"not_picked":["Turbo+1","Streamline+1","Lockon+1"],"picked":"Singing Bowl","floor":19},{"not_picked":["Storm","Skim+1"],"picked":"Reinforced Body+1","floor":21}],"player_experience":572957,"relics_obtained":[{"floor":6,"key":"Bottled Lightning"},{"floor":9,"key":"Toxic Egg 2"},{"floor":10,"key":"Ancient Tea Set"},{"floor":11,"key":"Singing Bowl"},{"floor":12,"key":"Molten Egg 2"}],"event_choices":[{"damage_healed":0,"gold_gain":0,"player_choice":"Upgraded","damage_taken":0,"max_hp_gain":0,"max_hp_loss":0,"event_name":"Upgrade Shrine","floor":2,"gold_loss":0,"cards_upgraded":["Buffer"]},{"damage_healed":0,"gold_gain":0,"player_choice":"Donut","damage_taken":0,"max_hp_gain":5,"max_hp_loss":0,"event_name":"Big Fish","floor":7,"gold_loss":0},{"damage_healed":0,"gold_gain":0,"player_choice":"Searched \u00272\u0027 times","damage_taken":0,"max_hp_gain":0,"max_hp_loss":0,"event_name":"Dead Adventurer","floor":11,"gold_loss":0}],"is_beta":false,"boss_relics":[{"not_picked":["Astrolabe","Ectoplasm"],"picked":"Lizard Tail"}],"items_purged_floors":[20],"is_endless":false,"potions_floor_spawned":[4,5,6,12,16],"killed_by":"Cultist and Chosen","ascension_level":4}