{"gold_per_floor":[18,30,30,41,55,55,90,90,90,116,116,81,81,97,97,194,194,209,209,222,137,155,155,190,46,73,106,6,6,6,32,32,128,128,148,166,183,114,126,126,143,163,218,246,246,172,183,201,201,201],"floor_reached":50,"playtime":2269,"items_purged":["Strike_B","Strike_B"],"score":597,"play_id":"62baa2db-f779-4056-a9ff-b775d46d0759","local_time":"20190220191042","is_ascension_mode":false,"campfire_choices":[{"data":"Lockon","floor":6,"key":"SMITH"},{"data":"Double Energy","floor":8,"key":"SMITH"},{"data":"Reinforced Body","floor":11,"key":"SMITH"},{"data":"Tempest","floor":13,"key":"SMITH"},{"data":"Zap","floor":15,"key":"SMITH"},{"data":"Thunder Strike","floor":23,"key":"SMITH"},{"floor":29,"key":"REST"},{"floor":32,"key":"REST"},{"floor":40,"key":"REST"},{"floor":49,"key":"REST"}],"neow_cost":"NO_GOLD","seed_source_timestamp":22032766893064,"circlet_count":0,"master_deck":["Zap+1","Dualcast","Tempest+1","Reinforced Body+1","Lockon+1","Leap","Double Energy+1","Thunder Strike+1","Sunder","Seek","Lockon","Reinforced Body+1","Static Discharge","Leap","Multi-Cast","Glacier","Lockon","Rip and Tear","Tempest","Double Energy","Melter+1","Seek","White Noise+1","Leap"],"relics":["Cracked Core","Bag of Preparation","Meat on the Bone","FossilizedHelix","Runic Pyramid","Boot","Red Mask","Omamori","Blood Vial","Lantern","Pandora\u0027s Box","PreservedInsect","Symbiotic Virus"],"potions_floor_usage":[7,7,24,33,33,33,50,50,50],"damage_taken":[{"damage":0,"enemies":"Cultist","floor":1,"turns":3},{"damage":1,"enemies":"Jaw Worm","floor":2,"turns":3},{"damage":2,"enemies":"Small Slimes","floor":4,"turns":3},{"damage":3,"enemies":"Exordium Wildlife","floor":5,"turns":8},{"damage":20,"enemies":"Lagavulin","floor":7,"turns":3},{"damage":14,"enemies":"Gremlin Nob","floor":10,"turns":3},{"damage":0,"enemies":"2 Fungi Beasts","floor":14,"turns":2},{"damage":0,"enemies":"Slime Boss","floor":16,"turns":7},{"damage":0,"enemies":"Shell Parasite","floor":18,"turns":4},{"damage":0,"enemies":"Spheric Guardian","floor":20,"turns":3},{"damage":0,"enemies":"Centurion and Healer","floor":22,"turns":5},{"damage":24,"enemies":"Masked Bandits","floor":24,"turns":4},{"damage":12,"enemies":"Gremlin Leader","floor":27,"turns":5},{"damage":18,"enemies":"Book of Stabbing","floor":31,"turns":4},{"damage":7,"enemies":"Automaton","floor":33,"turns":5},{"damage":19,"enemies":"3 Darklings","floor":35,"turns":4},{"damage":0,"enemies":"Orb Walker","floor":36,"turns":4},{"damage":4,"enemies":"Maw","floor":37,"turns":8},{"damage":10,"enemies":"Jaw Worm Horde","floor":39,"turns":2},{"damage":0,"enemies":"Transient","floor":41,"turns":5},{"damage":15,"enemies":"Writhing Mass","floor":42,"turns":4},{"damage":0,"enemies":"Nemesis","floor":44,"turns":5},{"damage":0,"enemies":"3 Darklings","floor":47,"turns":5},{"damage":0,"enemies":"Spire Growth","floor":48,"turns":3},{"damage":94,"enemies":"Donu and Deca","floor":50,"turns":7}],"seed_played":"-85920170255493878","potions_obtained":[{"floor":1,"key":"Energy Potion"},{"floor":2,"key":"Poison Potion"},{"floor":10,"key":"LiquidBronze"},{"floor":16,"key":"Swift Potion"},{"floor":18,"key":"LiquidBronze"},{"floor":20,"key":"PowerPotion"},{"floor":30,"key":"Explosive Potion"},{"floor":36,"key":"Ancient Potion"},{"floor":37,"key":"AttackPotion"},{"floor":42,"key":"EssenceOfSteel"},{"floor":47,"key":"Regen Potion"}],"is_trial":false,"path_per_floor":["M","M","$","M","M","R","E","R","T","E","R","?","R","M","R","B",null,"M","$","M","?","M","R","?","$","T","E","$","R","?","E","R","B",null,"M","M","M","$","M","R","M","M","T","E","?","$","M","M","R","B"],"character_chosen":"DEFECT","items_purchased":["Static Discharge","Double Energy","Leap","AttackPotion"],"campfire_rested":4,"item_purchase_floors":[25,38,46,46],"current_hp_per_floor":[75,74,74,72,69,69,49,49,49,47,47,65,65,65,65,65,75,75,75,75,75,75,75,51,51,51,39,39,61,61,45,67,62,75,56,58,56,56,48,70,72,59,59,61,61,61,63,65,75,0],"gold":201,"neow_bonus":"TRANSFORM_TWO_CARDS","is_prod":false,"is_daily":false,"chose_seed":false,"campfire_upgraded":6,"win_rate":0,"timestamp":1550711442,"path_taken":["M","M","$","M","M","R","E","R","T","E","R","?","R","M","R","BOSS","M","$","M","?","M","R","?","$","T","E","?","R","?","E","R","BOSS","M","M","M","$","M","R","?","M","T","E","?","$","M","M","R","BOSS"],"build_version":"2019-01-23","purchased_purges":2,"victory":false,"max_hp_per_floor":[75,75,75,75,75,75,75,75,75,75,75,75,75,75,75,75,75,75,75,75,75,75,75,75,75,75,75,75,75,75,75,75,75,75,75,75,75,75,75,75,75,75,75,75,75,75,75,75,75,75],"card_choices":[{"not_picked":["Storm","Reprogram"],"picked":"Lockon","floor":1},{"not_picked":["Steam","Doom and Gloom"],"picked":"Leap","floor":2},{"not_picked":["Steam","Coolheaded"],"picked":"Double Energy","floor":4},{"not_picked":["Steam","Rebound","BootSequence"],"picked":"SKIP","floor":5},{"not_picked":["Stack","Consume"],"picked":"Thunder Strike","floor":7},{"not_picked":["Chill","Auto Shields"],"picked":"Sunder","floor":10},{"not_picked":["Conserve Battery","Rebound","Sweeping Beam"],"picked":"SKIP","floor":14},{"not_picked":["Biased Cognition","Hyperbeam"],"picked":"Seek","floor":16},{"not_picked":["Cold Snap","Reinforced Body"],"picked":"Lockon","floor":18},{"not_picked":["Gash","Coolheaded","Beam Cell"],"picked":"SKIP","floor":20},{"not_picked":["Steam","Stack"],"picked":"Reinforced Body+1","floor":22},{"not_picked":["Loop","Doom and Gloom","Rebound"],"picked":"SKIP","floor":27},{"not_picked":["Genetic Algorithm+1","Reprogram+1"],"picked":"Leap","floor":31},{"not_picked":["Machine Learning","All For One"],"picked":"Multi-Cast","floor":33},{"not_picked":["Rebound","Beam Cell","Stack"],"picked":"SKIP","floor":35},{"not_picked":["Stack+1","Streamline","Conserve Battery+1"],"picked":"SKIP","floor":36},{"not_picked":["Rip and Tear+1","Steam Power","Thunder Strike"],"picked":"SKIP","floor":37},{"not_picked":["Steam","Tempest"],"picked":"Melter+1","floor":39},{"not_picked":["Fusion","Go for the Eyes+1","Coolheaded"],"picked":"SKIP","floor":41},{"not_picked":["Compile Driver+1","Leap+1"],"picked":"Seek","floor":42},{"not_picked":["Doom and Gloom","Auto Shields"],"picked":"White Noise+1","floor":44},{"not_picked":["Go for the Eyes","Streamline","Compile Driver+1"],"picked":"SKIP","floor":47},{"not_picked":["Turbo","Rebound","Beam Cell+1"],"picked":"SKIP","floor":48}],"player_experience":284494,"relics_obtained":[{"floor":7,"key":"Bag of Preparation"},{"floor":9,"key":"Meat on the Bone"},{"floor":10,"key":"FossilizedHelix"},{"floor":24,"key":"Red Mask"},{"floor":26,"key":"Omamori"},{"floor":27,"key":"Blood Vial"},{"floor":31,"key":"Lantern"},{"floor":43,"key":"PreservedInsect"},{"floor":44,"key":"Symbiotic Virus"}],"event_choices":[{"damage_healed":18,"gold_gain":0,"player_choice":"Healed","damage_taken":0,"max_hp_gain":0,"max_hp_loss":0,"event_name":"The Cleric","floor":12,"gold_loss":35},{"damage_healed":0,"gold_gain":0,"player_choice":"Obtained Relic","damage_taken":0,"relics_obtained":["Boot"],"max_hp_gain":0,"max_hp_loss":0,"event_name":"Addict","floor":21,"gold_loss":85},{"damage_healed":0,"gold_gain":0,"player_choice":"Fought Bandits","damage_taken":0,"max_hp_gain":0,"max_hp_loss":0,"event_name":"Masked Bandits","floor":24,"gold_loss":0},{"damage_healed":0,"gold_gain":0,"player_choice":"Got Potions","damage_taken":0,"max_hp_gain":0,"max_hp_loss":0,"event_name":"Lab","floor":30,"gold_loss":0},{"damage_healed":0,"gold_gain":0,"player_choice":"Ignored","damage_taken":0,"max_hp_gain":0,"max_hp_loss":0,"event_name":"NoteForYourself","floor":45,"gold_loss":0}],"is_beta":false,"boss_relics":[{"not_picked":["Inserter","Velvet Choker"],"picked":"Runic Pyramid"},{"not_picked":["Philosopher\u0027s Stone","Black Star"],"picked":"Pandora\u0027s Box"}],"items_purged_floors":[25,28],"is_endless":false,"potions_floor_spawned":[1,2,10,16,18,20,31,36,37,42,47,48],"killed_by":"Donu and Deca","ascension_level":0}