{"gold_per_floor":[116,116,116,14,25,25,53,53,53,53,69,69,94,68,68,188,251,275,200,213,213,226,226,257,257,284,284,284,284,307,307],"floor_reached":31,"playtime":1871,"items_purged":["Injury"],"score":314,"play_id":"41aef2b6-66be-44aa-9ed1-b77343152098","local_time":"20190305142754","is_ascension_mode":true,"campfire_choices":[{"data":"Zap","floor":6,"key":"SMITH"},{"data":"Glacier","floor":8,"key":"SMITH"},{"data":"Go for the Eyes","floor":12,"key":"SMITH"},{"data":"Leap","floor":15,"key":"SMITH"},{"data":"Echo Form","floor":23,"key":"SMITH"},{"data":"Leap","floor":25,"key":"SMITH"},{"data":"Darkness","floor":27,"key":"SMITH"},{"data":"Capacitor","floor":29,"key":"SMITH"}],"neow_cost":"NONE","seed_source_timestamp":94862063169227,"circlet_count":0,"master_deck":["Strike_B","Strike_B+1","Strike_B","Defend_B","Defend_B","Defend_B","Defend_B","Zap+1","Dualcast+1","Darkness+1","Glacier+1","Leap+1","Go for the Eyes+1","Ball Lightning","Compile Driver","Cold Snap","Echo Form+1","Melter","Leap+1","Capacitor+1"],"relics":["Cracked Core","Bottled Lightning","Matryoshka","Golden Idol","Tiny House","Happy Flower","Anchor","Juzu Bracelet"],"potions_floor_usage":[16,18,20,22,22],"damage_taken":[{"damage":1,"enemies":"2 Louse","floor":1,"turns":2},{"damage":7,"enemies":"Small Slimes","floor":5,"turns":3},{"damage":18,"enemies":"3 Sentries","floor":7,"turns":8},{"damage":0,"enemies":"Cultist","floor":11,"turns":3},{"damage":1,"enemies":"Looter","floor":13,"turns":3},{"damage":3,"enemies":"The Guardian","floor":16,"turns":13},{"damage":0,"enemies":"Shell Parasite","floor":18,"turns":6},{"damage":25,"enemies":"3 Byrds","floor":20,"turns":5},{"damage":12,"enemies":"Centurion and Healer","floor":22,"turns":7},{"damage":55,"enemies":"Book of Stabbing","floor":24,"turns":8},{"damage":12,"enemies":"Snecko","floor":30,"turns":7},{"damage":28,"enemies":"Cultist and Chosen","floor":31,"turns":4}],"seed_played":"-1705727512165366632","potions_obtained":[{"floor":7,"key":"Ancient Potion"},{"floor":11,"key":"FocusPotion"},{"floor":13,"key":"Explosive Potion"},{"floor":17,"key":"Swift Potion"},{"floor":20,"key":"FearPotion"},{"floor":22,"key":"FairyPotion"}],"is_trial":false,"path_per_floor":["M","?","?","$","M","R","E","R","T","?","M","R","M","$","R","B",null,"M","$","M","?","M","R","E","R","T","R","?","R","M","M"],"character_chosen":"DEFECT","items_purchased":["Leap","Go for the Eyes","Cold Snap"],"campfire_rested":0,"item_purchase_floors":[4,4,14],"current_hp_per_floor":[74,74,74,74,67,67,49,49,49,49,49,49,48,48,48,45,80,80,80,55,90,78,78,23,23,23,23,23,23,11,0],"gold":307,"neow_bonus":"TRANSFORM_CARD","is_prod":false,"is_daily":false,"chose_seed":false,"campfire_upgraded":8,"win_rate":0,"timestamp":1551824874,"path_taken":["M","?","?","$","M","R","E","R","T","?","M","R","M","$","R","BOSS","M","$","M","?","?","R","E","R","T","R","?","R","M","M"],"build_version":"2019-01-23","purchased_purges":1,"victory":false,"max_hp_per_floor":[75,75,75,75,75,75,75,75,75,75,75,75,75,75,75,75,80,80,80,80,90,90,90,90,90,90,90,90,90,90,90],"card_choices":[{"not_picked":["Beam Cell","Redo"],"picked":"Glacier","floor":1},{"not_picked":["Redo","Turbo"],"picked":"Ball Lightning","floor":5},{"not_picked":["Steam","Gash","Loop"],"picked":"SKIP","floor":7},{"not_picked":["Barrage","Streamline"],"picked":"Compile Driver","floor":11},{"not_picked":["Turbo","Go for the Eyes"],"picked":"Seek","floor":13},{"not_picked":["Rainbow","All For One"],"picked":"Echo Form","floor":16},{"not_picked":["Tempest","Streamline"],"picked":"Melter","floor":17},{"not_picked":["Barrage","Sweeping Beam","Streamline"],"picked":"SKIP","floor":18},{"not_picked":["Skim+1","Machine Learning"],"picked":"Leap","floor":20},{"not_picked":["Chill","Cold Snap+1"],"picked":"Capacitor","floor":22},{"not_picked":["Turbo","Ball Lightning","Cold Snap"],"picked":"SKIP","floor":24},{"not_picked":["Darkness","Sweeping Beam+1","Redo"],"picked":"SKIP","floor":30}],"player_experience":284452,"relics_obtained":[{"floor":7,"key":"Bottled Lightning"},{"floor":9,"key":"Matryoshka"},{"floor":24,"key":"Happy Flower"},{"floor":26,"key":"Anchor"},{"floor":26,"key":"Juzu Bracelet"}],"event_choices":[{"damage_healed":0,"gold_gain":0,"player_choice":"Ignored","damage_taken":0,"max_hp_gain":0,"max_hp_loss":0,"event_name":"Liars Game","floor":2,"gold_loss":0},{"damage_healed":0,"gold_gain":0,"player_choice":"Grow","damage_taken":0,"max_hp_gain":0,"max_hp_loss":0,"event_name":"Living Wall","floor":3,"gold_loss":0,"cards_upgraded":["Dualcast"]},{"damage_healed":0,"gold_gain":0,"player_choice":"Take Wound","damage_taken":0,"relics_obtained":["Golden Idol"],"max_hp_gain":0,"max_hp_loss":0,"event_name":"Golden Idol","floor":10,"gold_loss":0,"cards_obtained":["Injury"]},{"cards_removed":["Seek"],"damage_healed":25,"gold_gain":0,"player_choice":"Offered Rare","damage_taken":0,"max_hp_gain":10,"max_hp_loss":0,"event_name":"Bonfire Elementals","floor":21,"gold_loss":0},{"damage_healed":0,"gold_gain":0,"player_choice":"Ignored","damage_taken":0,"max_hp_gain":0,"max_hp_loss":0,"event_name":"Ghosts","floor":28,"gold_loss":0}],"is_beta":false,"boss_relics":[{"not_picked":["Cursed Key","Ectoplasm"],"picked":"Tiny House"}],"items_purged_floors":[19],"is_endless":false,"potions_floor_spawned":[7,11,13,20,22],"killed_by":"Cultist and Chosen","ascension_level":3}