{"gold_per_floor":[118,128,128,228,243,276,276,302,302,333,345,345,192,220,220,325,325,345,358,358,358,375,405,405,467,542,577,189,199,234,234,234,338,338,348,348,399,417,427,427,442,442,468,498,498,512,543,34,34,34],"floor_reached":51,"playtime":3431,"items_purged":["Strike_R","Strike_R","Strike_R"],"score":979,"play_id":"d23e8a68-903e-4db8-900d-e61dfa40674c","local_time":"20180803012949","is_ascension_mode":true,"campfire_choices":[{"data":"Rampage","floor":7,"key":"SMITH"},{"data":"Iron Wave","floor":12,"key":"SMITH"},{"floor":15,"key":"REST"},{"data":"Evolve","floor":24,"key":"SMITH"},{"data":"Demon Form","floor":32,"key":"SMITH"},{"data":"Heavy Blade","floor":40,"key":"SMITH"},{"data":"Limit Break","floor":42,"key":"SMITH"},{"data":"Metallicize","floor":45,"key":"SMITH"},{"floor":49,"key":"REST"}],"neow_cost":"NONE","seed_source_timestamp":102171592552789,"circlet_count":0,"master_deck":["Strike_R","Defend_R","Defend_R","Defend_R","Defend_R","Bash","Cleave","Iron Wave+1","Rampage+1","Iron Wave","Ghostly Armor","Demon Form+1","Ghostly Armor+1","Reaper","Evolve+1","Metallicize+1","Heavy Blade+1","Reaper","Limit Break+1","Finesse","Body Slam+1","Offering","Shockwave"],"relics":["Burning Blood","Red Skull","Pear","Gremlin Horn","Mercury Hourglass","Meat on the Bone","Philosopher\u0027s Stone","Nunchaku","Omamori","Tiny Chest","Singing Bowl","Pen Nib","Lee\u0027s Waffle","Darkstone Periapt","Sozu","Bag of Marbles","Bag of Preparation","Ice Cream","Potion Belt","Lantern","Chemical X"],"potions_floor_usage":[18,23,27,39,39,47],"damage_taken":[{"damage":9,"enemies":"Jaw Worm","floor":1,"turns":7},{"damage":3,"enemies":"2 Louse","floor":2,"turns":3},{"damage":1,"enemies":"Cultist","floor":5,"turns":3},{"damage":27,"enemies":"Gremlin Nob","floor":6,"turns":4},{"damage":25,"enemies":"Lagavulin","floor":8,"turns":7},{"damage":20,"enemies":"3 Sentries","floor":10,"turns":6},{"damage":0,"enemies":"Lots of Slimes","floor":11,"turns":1},{"damage":25,"enemies":"Lagavulin","floor":14,"turns":5},{"damage":36,"enemies":"The Guardian","floor":16,"turns":10},{"damage":25,"enemies":"Shell Parasite","floor":18,"turns":7},{"damage":21,"enemies":"2 Thieves","floor":19,"turns":4},{"damage":30,"enemies":"Sentry and Sphere","floor":22,"turns":4},{"damage":38,"enemies":"Book of Stabbing","floor":23,"turns":6},{"damage":24,"enemies":"Slavers","floor":25,"turns":4},{"damage":45,"enemies":"Book of Stabbing","floor":27,"turns":6},{"damage":37,"enemies":"Snake Plant","floor":29,"turns":6},{"damage":43,"enemies":"Slavers","floor":30,"turns":4},{"damage":57,"enemies":"Automaton","floor":33,"turns":8},{"damage":52,"enemies":"3 Darklings","floor":35,"turns":6},{"damage":8,"enemies":"Orb Walker","floor":38,"turns":4},{"damage":57,"enemies":"Transient","floor":39,"turns":5},{"damage":40,"enemies":"Spire Growth","floor":41,"turns":5},{"damage":93,"enemies":"Giant Head","floor":44,"turns":8},{"damage":0,"enemies":"Sphere and 2 Shapes","floor":46,"turns":3},{"damage":81,"enemies":"2 Orb Walkers","floor":47,"turns":5},{"damage":64,"enemies":"Donu and Deca","floor":50,"turns":7}],"seed_played":"2960346429806574021","potions_obtained":[{"floor":2,"key":"FearPotion"},{"floor":6,"key":"BloodPotion"},{"floor":11,"key":"Swift Potion"},{"floor":14,"key":"Block Potion"},{"floor":19,"key":"Regen Potion"},{"floor":25,"key":"Block Potion"},{"floor":29,"key":"Weak Potion"}],"is_trial":false,"path_per_floor":["M","M","?","?","M","E","R","E","T","E","M","R","$","E","R","B",null,"M","M","?","T","M","E","R","E","T","E","$","M","E","?","R","B",null,"M","?","T","M","M","R","M","R","T","E","R","M","E","$","R","B"],"character_chosen":"IRONCLAD","items_purchased":["Ghostly Armor","Metallicize","Lee\u0027s Waffle","Shockwave","Lantern","Chemical X"],"campfire_rested":2,"item_purchase_floors":[13,28,28,48,48,48],"current_hp_per_floor":[77,80,80,80,80,59,59,50,50,36,42,42,42,23,50,32,90,71,56,56,56,44,39,39,54,54,48,99,68,55,55,55,66,99,82,82,82,98,70,70,66,66,66,43,43,90,59,59,91,109],"gold":34,"neow_bonus":"REMOVE_CARD","is_prod":false,"is_daily":false,"chose_seed":false,"campfire_upgraded":7,"win_rate":0,"timestamp":1533252589,"path_taken":["M","M","?","?","M","E","R","E","T","E","M","R","?","E","R","BOSS","M","M","?","?","M","E","R","E","T","E","$","M","E","?","R","BOSS","M","?","?","M","M","R","?","R","T","E","R","M","E","$","R","BOSS"],"build_version":"2018-07-26","purchased_purges":3,"victory":true,"max_hp_per_floor":[80,80,80,80,80,80,80,90,90,90,90,90,90,90,90,90,90,90,90,90,90,90,90,90,90,90,92,99,99,99,99,99,99,99,101,101,101,101,103,103,105,105,105,105,105,107,109,109,109,109],"card_choices":[{"not_picked":["Armaments","Warcry"],"picked":"Cleave","floor":1},{"not_picked":["Intimidate","Sentinel"],"picked":"Iron Wave","floor":2},{"not_picked":["Anger","Clash"],"picked":"Rampage","floor":5},{"not_picked":["Clash","Dual Wield","Second Wind"],"picked":"SKIP","floor":6},{"not_picked":["Corruption","Clothesline","Infernal Blade"],"picked":"SKIP","floor":8},{"not_picked":["Thunderclap","Twin Strike"],"picked":"Iron Wave","floor":10},{"not_picked":["Rage","Rampage","Sword Boomerang"],"picked":"SKIP","floor":11},{"not_picked":["Burning Pact","Flex","Armaments"],"picked":"SKIP","floor":14},{"not_picked":["Exhume","Fiend Fire"],"picked":"Demon Form","floor":16},{"not_picked":["Flex","Clash","Anger"],"picked":"SKIP","floor":18},{"not_picked":["Perfected Strike","Headbutt"],"picked":"Ghostly Armor+1","floor":19},{"not_picked":["Infernal Blade","Inflame"],"picked":"Reaper","floor":22},{"not_picked":["Havoc+1","Infernal Blade"],"picked":"Evolve","floor":23},{"not_picked":["Iron Wave","Power Through","Searing Blow"],"picked":"SKIP","floor":25},{"not_picked":["Dropkick","Bludgeon","Headbutt+1"],"picked":"Singing Bowl","floor":27},{"not_picked":["Shrug It Off","Clothesline"],"picked":"Heavy Blade","floor":29},{"not_picked":["Offering","Searing Blow"],"picked":"Reaper","floor":30},{"not_picked":["Berserk","Brutality"],"picked":"Limit Break","floor":33},{"not_picked":["Perfected Strike+1","Warcry","Clothesline+1"],"picked":"Singing Bowl","floor":35},{"not_picked":["Deep Breath","Panacea"],"picked":"Finesse","floor":36},{"not_picked":["Dropkick+1","Wild Strike"],"picked":"Body Slam+1","floor":38},{"not_picked":["Twin Strike+1","Uppercut","Evolve"],"picked":"Singing Bowl","floor":39},{"not_picked":["Sword Boomerang+1","Thunderclap","Pommel Strike"],"picked":"Singing Bowl","floor":41},{"not_picked":["Shrug It Off","Thunderclap"],"picked":"Offering","floor":44},{"not_picked":["Clash","Twin Strike","Flex"],"picked":"Singing Bowl","floor":46},{"not_picked":["Fire Breathing","Combust+1","Wild Strike"],"picked":"Singing Bowl","floor":47}],"player_experience":466765,"relics_obtained":[{"floor":6,"key":"Red Skull"},{"floor":8,"key":"Pear"},{"floor":9,"key":"Gremlin Horn"},{"floor":10,"key":"Mercury Hourglass"},{"floor":14,"key":"Meat on the Bone"},{"floor":21,"key":"Nunchaku"},{"floor":23,"key":"Omamori"},{"floor":25,"key":"Tiny Chest"},{"floor":26,"key":"Singing Bowl"},{"floor":27,"key":"Pen Nib"},{"floor":30,"key":"Darkstone Periapt"},{"floor":37,"key":"Bag of Marbles"},{"floor":43,"key":"Bag of Preparation"},{"floor":44,"key":"Ice Cream"},{"floor":47,"key":"Potion Belt"}],"event_choices":[{"event_name":"Liars Game","player_choice":"disagreed","floor":3,"damage_taken":0},{"event_name":"Golden Shrine","player_choice":"Pray","floor":4,"damage_taken":0},{"event_name":"The Mausoleum","player_choice":"No","floor":20,"damage_taken":0},{"event_name":"Ghosts","player_choice":"Ignored","floor":31,"damage_taken":0},{"event_name":"SensoryStone","player_choice":"Memory 1","floor":36,"damage_taken":0}],"is_beta":false,"boss_relics":[{"not_picked":["Tiny House","Pandora\u0027s Box"],"picked":"Philosopher\u0027s Stone"},{"not_picked":["Lizard Tail","Fusion Hammer"],"picked":"Sozu"}],"items_purged_floors":[13,28,48],"is_endless":false,"potions_floor_spawned":[2,6,11,14,19,25,29,30,35,38,47],"ascension_level":3}