{"gold_per_floor":[117,129,129,140,160,160,187,187,187,207,207,223,223,240,240,343,343,358,47,47,58,58,93,93,119,145,145,156,166,166,181,181,283,283,300,47,61,72,72,72,87,107,133,133,160,160],"floor_reached":46,"playtime":1299,"items_purged":[],"score":594,"play_id":"ecc5e63d-18c8-454e-9fcf-5269b6547251","local_time":"20190303222548","is_ascension_mode":false,"campfire_choices":[{"data":"1","floor":6,"key":"LIFT"},{"data":"2","floor":8,"key":"LIFT"},{"data":"3","floor":11,"key":"LIFT"},{"floor":13,"key":"REST"},{"data":"Static Discharge","floor":15,"key":"SMITH"},{"floor":24,"key":"REST"},{"data":"Pain","floor":27,"key":"PURGE"},{"floor":30,"key":"REST"},{"floor":32,"key":"REST"},{"floor":40,"key":"REST"},{"floor":44,"key":"REST"}],"neow_cost":"TEN_PERCENT_HP_LOSS","seed_source_timestamp":8883154482931,"circlet_count":0,"master_deck":["Strike_B","Strike_B","Strike_B","Strike_B","Defend_B","Defend_B","Defend_B","Defend_B","Zap","Dualcast","Defragment","Static Discharge+1","Ball Lightning","Cold Snap","Conserve Battery","Defragment","Beam Cell+1","Hyperbeam+1","Go for the Eyes+1","Lockon+1","Dramatic Entrance+1","Conserve Battery","Leap","Dramatic Entrance+1","Streamline+1","Ball Lightning+1","FTL+1","Gash+1","Echo Form","Glacier","Stack","Hologram","Ball Lightning+1","Finesse","Leap+1","Stack","Glacier+1","Reinforced Body","Clumsy","Leap+1"],"relics":["Cracked Core","Girya","Vajra","Calipers","Molten Egg 2","Cursed Key","Happy Flower","Lantern","Peace Pipe","Smiling Mask","Black Star","Bronze Scales","Anchor","Art of War"],"potions_floor_usage":[5,7,14,25,25,29,33,37,41,45],"damage_taken":[{"damage":0,"enemies":"Small Slimes","floor":1,"turns":3},{"damage":0,"enemies":"Cultist","floor":2,"turns":3},{"damage":6,"enemies":"Jaw Worm","floor":4,"turns":3},{"damage":6,"enemies":"Red Slaver","floor":5,"turns":4},{"damage":10,"enemies":"3 Sentries","floor":7,"turns":5},{"damage":16,"enemies":"Exordium Wildlife","floor":10,"turns":3},{"damage":6,"enemies":"Lots of Slimes","floor":12,"turns":3},{"damage":2,"enemies":"3 Louse","floor":14,"turns":2},{"damage":0,"enemies":"Slime Boss","floor":16,"turns":6},{"damage":20,"enemies":"2 Thieves","floor":18,"turns":3},{"damage":3,"enemies":"3 Byrds","floor":21,"turns":3},{"damage":0,"enemies":"Gremlin Leader","floor":23,"turns":3},{"damage":14,"enemies":"Book of Stabbing","floor":25,"turns":4},{"damage":15,"enemies":"Centurion and Healer","floor":28,"turns":2},{"damage":0,"enemies":"Sentry and Sphere","floor":29,"turns":3},{"damage":23,"enemies":"Shelled Parasite and Fungi","floor":31,"turns":3},{"damage":47,"enemies":"Automaton","floor":33,"turns":7},{"damage":14,"enemies":"Orb Walker","floor":35,"turns":4},{"damage":10,"enemies":"3 Darklings","floor":37,"turns":3},{"damage":11,"enemies":"Spire Growth","floor":38,"turns":4},{"damage":29,"enemies":"Writhing Mass","floor":41,"turns":4},{"damage":0,"enemies":"Transient","floor":42,"turns":5},{"damage":23,"enemies":"Nemesis","floor":45,"turns":7},{"damage":38,"enemies":"Maw","floor":46,"turns":7}],"seed_played":"-2468694040094265753","potions_obtained":[{"floor":1,"key":"SkillPotion"},{"floor":2,"key":"SpeedPotion"},{"floor":4,"key":"Regen Potion"},{"floor":10,"key":"SteroidPotion"},{"floor":14,"key":"LiquidBronze"},{"floor":18,"key":"Fire Potion"},{"floor":21,"key":"GamblersBrew"},{"floor":23,"key":"Dexterity Potion"},{"floor":31,"key":"FearPotion"},{"floor":35,"key":"Explosive Potion"},{"floor":38,"key":"FearPotion"},{"floor":42,"key":"Weak Potion"}],"is_trial":false,"path_per_floor":["M","M","?","M","M","R","E","R","T","M","R","M","R","M","R","B",null,"M","$","?","M","?","E","R","E","T","R","M","M","R","M","R","B",null,"M","$","M","M","?","R","M","M","T","R","E","M"],"character_chosen":"DEFECT","items_purchased":["Lockon+1","Dramatic Entrance+1","Conserve Battery","Happy Flower","Stack","Hologram","Ball Lightning+1","Finesse"],"campfire_rested":6,"item_purchase_floors":[19,19,19,19,36,36,36,36],"current_hp_per_floor":[68,68,68,62,65,65,55,55,55,39,39,33,53,51,51,51,68,48,48,48,45,45,45,65,51,51,51,36,36,56,33,53,6,68,54,54,44,33,33,53,24,24,24,44,21,0],"gold":160,"neow_bonus":"ONE_RARE_RELIC","is_prod":false,"is_daily":false,"chose_seed":false,"campfire_upgraded":1,"win_rate":0,"timestamp":1551673548,"path_taken":["M","M","?","M","M","R","E","R","T","?","R","M","R","M","R","BOSS","M","$","?","?","?","E","R","E","T","R","?","M","R","M","R","BOSS","M","$","M","M","?","R","M","M","T","R","E","M"],"build_version":"2019-01-23","purchased_purges":0,"victory":false,"max_hp_per_floor":[68,68,68,68,68,68,68,68,68,68,68,68,68,68,68,68,68,68,68,68,68,68,68,68,68,68,68,68,68,68,68,68,68,68,68,68,68,68,68,68,68,68,68,68,68,68],"card_choices":[{"not_picked":["Steam Power","Skim","Heatsinks"],"picked":"SKIP","floor":1},{"not_picked":["Redo","Lockon"],"picked":"Defragment","floor":2},{"not_picked":["Stack","Hologram"],"picked":"Static Discharge","floor":4},{"not_picked":["Doom and Gloom","Rebound"],"picked":"Ball Lightning","floor":5},{"not_picked":["Barrage","Coolheaded"],"picked":"Cold Snap","floor":7},{"not_picked":["Chill","Compile Driver+1"],"picked":"Conserve Battery","floor":10},{"not_picked":["Fission","Fusion"],"picked":"Defragment","floor":12},{"not_picked":["Scrape+1","Chill"],"picked":"Beam Cell+1","floor":14},{"not_picked":["Seek","Rainbow"],"picked":"Hyperbeam+1","floor":16},{"not_picked":["Reinforced Body","Redo"],"picked":"Go for the Eyes+1","floor":18},{"not_picked":["Glacier","Steam Power"],"picked":"Leap","floor":21},{"not_picked":["Gash+1","Ball Lightning+1"],"picked":"Electrodynamics","floor":23},{"not_picked":["Rebound+1","Blizzard+1"],"picked":"Streamline+1","floor":25},{"not_picked":["Streamline+1","Fusion+1"],"picked":"Ball Lightning+1","floor":28},{"not_picked":["Turbo","Lockon+1"],"picked":"FTL+1","floor":29},{"not_picked":["Tempest","Undo"],"picked":"Gash+1","floor":31},{"not_picked":["Rainbow","Hyperbeam+1"],"picked":"Echo Form","floor":33},{"not_picked":["Beam Cell+1","Compile Driver+1"],"picked":"Glacier","floor":35},{"not_picked":["Streamline+1","Cold Snap+1"],"picked":"Leap+1","floor":37},{"not_picked":["Beam Cell+1","Redo"],"picked":"Stack","floor":38},{"not_picked":["Streamline+1","Core Surge+1"],"picked":"Glacier+1","floor":41},{"not_picked":["Hello World","Coolheaded"],"picked":"Reinforced Body","floor":42},{"not_picked":["Auto Shields","Hologram"],"picked":"Leap+1","floor":45}],"player_experience":491756,"relics_obtained":[{"floor":7,"key":"Calipers"},{"floor":9,"key":"Molten Egg 2"},{"floor":23,"key":"Lantern"},{"floor":25,"key":"Peace Pipe"},{"floor":26,"key":"Smiling Mask"},{"floor":43,"key":"Bronze Scales"},{"floor":45,"key":"Anchor"},{"floor":45,"key":"Art of War"}],"event_choices":[{"damage_healed":0,"gold_gain":0,"player_choice":"Gave Potion","damage_taken":0,"relics_obtained":["Vajra"],"max_hp_gain":0,"max_hp_loss":0,"event_name":"WeMeetAgain","floor":3,"gold_loss":0},{"damage_healed":0,"gold_gain":0,"player_choice":"Ignored","damage_taken":0,"max_hp_gain":0,"max_hp_loss":0,"event_name":"NoteForYourself","floor":20,"gold_loss":0},{"damage_healed":0,"gold_gain":0,"player_choice":"Copied","damage_taken":0,"max_hp_gain":0,"max_hp_loss":0,"event_name":"Duplicator","floor":22,"gold_loss":0,"cards_obtained":["Dramatic Entrance"]},{"cards_removed":["Electrodynamics"],"damage_healed":0,"gold_gain":0,"player_choice":"Removed Power","damage_taken":0,"max_hp_gain":0,"max_hp_loss":0,"event_name":"Falling","floor":39,"gold_loss":0}],"is_beta":false,"boss_relics":[{"not_picked":["FrozenCore","Calling Bell"],"picked":"Cursed Key"},{"not_picked":["Lizard Tail","Runic Dome"],"picked":"Black Star"}],"items_purged_floors":[],"is_endless":false,"potions_floor_spawned":[1,2,4,10,14,18,21,23,31,35,38,42],"killed_by":"Maw","ascension_level":0}