{"gold_per_floor":[115,75,93,110,124,124,34,51,78,107,135,151,151,162,162,264,264,276,276,296,296,296,296,329,329,329,329,341,359,359,379,379,484,484,500,60,80,180,197,197,227,239,251,291,303,315,327,365,377,389],"floor_reached":50,"playtime":2690,"items_purged":[],"score":630,"play_id":"8e5d5ee7-b942-4c12-8028-13498c300a6e","local_time":"20190214203146","is_ascension_mode":true,"campfire_choices":[{"data":"Scrape","floor":6.0,"key":"SMITH"},{"floor":13.0,"key":"REST"},{"data":"Gash","floor":15.0,"key":"SMITH"},{"data":"Sunder","floor":23.0,"key":"SMITH"},{"data":"Glacier","floor":25.0,"key":"SMITH"},{"data":"Defragment","floor":27,"key":"SMITH"},{"floor":30,"key":"REST"},{"floor":32,"key":"REST"},{"floor":40,"key":"REST"},{"data":"Electrodynamics","floor":42,"key":"SMITH"},{"data":"Hologram","floor":45,"key":"SMITH"},{"data":"Forethought","floor":47,"key":"SMITH"},{"floor":49,"key":"REST"}],"neow_cost":"PERCENT_DAMAGE","seed_source_timestamp":0,"circlet_count":0,"master_deck":["Strike_B+1","Strike_B+1","Strike_B+1","Strike_B+1","Defend_B+1","Defend_B+1","Defend_B+1","Defend_B+1","Zap","Dualcast","Gash+1","Defragment+1","Hologram","Scrape+1","Glacier+1","Hologram+1","Sunder+1","Rip and Tear","Stack+1","White Noise","FTL","Electrodynamics+1","Double Energy+1","Streamline+1","Steam","Static Discharge+1","Scrape","Aggregate+1","Lockon","Gash+1","Conserve Battery+1","Zap","Forethought+1","Stack"],"special_seed":0,"relics":["Cracked Core","FossilizedHelix","Orichalcum","PreservedInsect","Odd Mushroom","Sozu","War Paint","Bottled Flame","Philosopher\u0027s Stone","StoneCalendar","Happy Flower","MawBank","Bottled Lightning","Regal Pillow","Centennial Puzzle"],"potions_floor_usage":[],"damage_taken":[{"damage":0.0,"enemies":"Small Slimes","floor":1.0,"turns":2.0},{"damage":0.0,"enemies":"Cultist","floor":3.0,"turns":3.0},{"damage":0.0,"enemies":"2 Louse","floor":4.0,"turns":2.0},{"damage":7.0,"enemies":"Blue Slaver","floor":5.0,"turns":4.0},{"damage":0.0,"enemies":"3 Louse","floor":8.0,"turns":2.0},{"damage":4.0,"enemies":"3 Sentries","floor":10.0,"turns":5.0},{"damage":14.0,"enemies":"The Mushroom Lair","floor":11.0,"turns":4.0},{"damage":0.0,"enemies":"Lots of Slimes","floor":12.0,"turns":4.0},{"damage":0.0,"enemies":"Large Slime","floor":14.0,"turns":4.0},{"damage":24.0,"enemies":"Hexaghost","floor":16.0,"turns":12.0},{"damage":11.0,"enemies":"2 Thieves","floor":18.0,"turns":5.0},{"damage":3.0,"enemies":"3 Byrds","floor":20.0,"turns":2.0},{"damage":0.0,"enemies":"Book of Stabbing","floor":24.0,"turns":4.0},{"damage":10,"enemies":"Shelled Parasite and Fungi","floor":28,"turns":4},{"damage":15,"enemies":"Snake Plant","floor":29,"turns":4},{"damage":15,"enemies":"Centurion and Healer","floor":31,"turns":5},{"damage":62,"enemies":"Collector","floor":33,"turns":7},{"damage":0,"enemies":"Orb Walker","floor":35,"turns":3},{"damage":0,"enemies":"3 Shapes","floor":37,"turns":2},{"damage":23,"enemies":"Sphere and 2 Shapes","floor":39,"turns":3},{"damage":0,"enemies":"Nemesis","floor":41,"turns":7},{"damage":6,"enemies":"Giant Head","floor":44,"turns":7},{"damage":51,"enemies":"Reptomancer","floor":48,"turns":6},{"damage":65,"enemies":"Awakened One","floor":50,"turns":11}],"seed_played":"6097538451616452228","potions_obtained":[{"floor":2.0,"key":"FearPotion"},{"floor":2.0,"key":"Energy Potion"},{"floor":2.0,"key":"FocusPotion"},{"floor":4.0,"key":"Block Potion"},{"floor":12.0,"key":"AttackPotion"},{"floor":14.0,"key":"SkillPotion"}],"is_trial":false,"path_per_floor":["M","?","M","M","M","R","$","M","T","E","?","M","R","M","R","B",null,"M","?","M","?","?","R","E","R","T","R","M","M","R","M","R","B",null,"M","$","M","?","M","R","E","R","T","E","R","?","R","E","R","B"],"character_chosen":"DEFECT","items_purchased":["Glacier","Hologram","StoneCalendar","Happy Flower"],"campfire_rested":5,"item_purchase_floors":[7,7,36,36],"current_hp_per_floor":[54,54,54,54,47,47,47,47,47,43,29,29,51,51,51,27,75,64,64,61,61,61,61,61,61,61,61,51,36,58,43,65,3,75,75,75,75,75,52,74,74,74,74,68,68,68,68,17,54,0],"gold":389,"neow_bonus":"ONE_RARE_RELIC","is_prod":false,"is_daily":false,"chose_seed":false,"campfire_upgraded":8,"win_rate":0,"timestamp":1550197906,"path_taken":["M","?","M","?","M","R","?","?","T","E","?","M","R","M","R","BOSS","M","?","M","?","?","R","E","R","T","R","M","M","R","M","R","BOSS","M","$","M","?","?","R","E","R","T","E","R","?","R","E","R","BOSS"],"build_version":"2019-01-23","purchased_purges":0,"victory":false,"max_hp_per_floor":[75,75,75,75,75,75,75,75,75,75,75,75,75,75,75,75,75,75,75,75,75,75,75,75,75,75,75,75,75,75,75,75,75,75,75,75,75,75,75,75,75,75,75,75,75,75,75,75,75,75],"card_choices":[{"not_picked":["Cold Snap","Compile Driver"],"picked":"Gash","floor":1.0},{"not_picked":["Go for the Eyes","Conserve Battery"],"picked":"Defragment","floor":3.0},{"not_picked":["Heatsinks","Steam"],"picked":"Hologram","floor":4.0},{"not_picked":["Beam Cell","Heatsinks"],"picked":"Scrape","floor":5.0},{"not_picked":["Darkness","Meteor Strike"],"picked":"Sunder","floor":8.0},{"not_picked":["Redo","Steam Power"],"picked":"Rip and Tear","floor":10.0},{"not_picked":["Ball Lightning","Redo"],"picked":"Stack","floor":11.0},{"not_picked":["Hologram","Beam Cell"],"picked":"White Noise","floor":12.0},{"not_picked":["Redo","Steam Power"],"picked":"FTL","floor":14.0},{"not_picked":["Meteor Strike","Buffer"],"picked":"Electrodynamics","floor":16.0},{"not_picked":["Consume","Auto Shields+1"],"picked":"Double Energy","floor":18.0},{"not_picked":["Reinforced Body+1","Glacier"],"picked":"Streamline+1","floor":20.0},{"not_picked":["Steam Power","Coolheaded"],"picked":"Steam","floor":24.0},{"not_picked":["Streamline","Hello World"],"picked":"Static Discharge+1","floor":28},{"not_picked":["Conserve Battery","FTL"],"picked":"Scrape","floor":29},{"not_picked":["Compile Driver+1","Reprogram"],"picked":"Aggregate+1","floor":31},{"not_picked":["Leap","Stack+1"],"picked":"Lockon","floor":35},{"not_picked":["Self Repair","Redo"],"picked":"Gash+1","floor":37},{"not_picked":["Redo+1","Go for the Eyes+1"],"picked":"Conserve Battery+1","floor":39},{"not_picked":["Skim+1","Electrodynamics","Fusion"],"picked":"SKIP","floor":41},{"not_picked":["Ball Lightning","Beam Cell+1","Auto Shields+1"],"picked":"SKIP","floor":44},{"not_picked":["Conserve Battery+1","BootSequence"],"picked":"Stack","floor":48}],"player_experience":117574,"relics_obtained":[{"floor":9.0,"key":"Orichalcum"},{"floor":10.0,"key":"PreservedInsect"},{"floor":11.0,"key":"Odd Mushroom"},{"floor":24.0,"key":"War Paint"},{"floor":26.0,"key":"Bottled Flame"},{"floor":41,"key":"MawBank"},{"floor":43,"key":"Bottled Lightning"},{"floor":44,"key":"Regal Pillow"},{"floor":48,"key":"Centennial Puzzle"}],"event_choices":[{"damage_healed":0.0,"max_hp_gain":0.0,"max_hp_loss":0.0,"gold_gain":0.0,"event_name":"The Woman in Blue","player_choice":"Bought 3 Potions","floor":2.0,"gold_loss":0.0,"damage_taken":0.0},{"damage_healed":0.0,"max_hp_gain":0.0,"max_hp_loss":0.0,"gold_gain":0.0,"event_name":"Mushrooms","player_choice":"Fought Mushrooms","floor":11.0,"gold_loss":0.0,"damage_taken":0.0},{"damage_healed":0.0,"max_hp_gain":0.0,"max_hp_loss":0.0,"gold_gain":0.0,"event_name":"Back to Basics","player_choice":"Simplicity","floor":19.0,"gold_loss":0.0,"damage_taken":0.0,"cards_upgraded":["Strike_B","Strike_B","Strike_B","Strike_B","Defend_B","Defend_B","Defend_B","Defend_B"]},{"damage_healed":0.0,"max_hp_gain":0.0,"max_hp_loss":0.0,"gold_gain":0.0,"event_name":"The Mausoleum","player_choice":"Ignored","floor":21.0,"gold_loss":0.0,"damage_taken":0.0},{"damage_healed":0.0,"max_hp_gain":0.0,"max_hp_loss":0.0,"gold_gain":0.0,"event_name":"Ghosts","player_choice":"Ignored","floor":22.0,"gold_loss":0.0,"damage_taken":0.0},{"damage_healed":0,"gold_gain":100,"player_choice":"Pray","damage_taken":0,"max_hp_gain":0,"max_hp_loss":0,"event_name":"Golden Shrine","floor":38,"gold_loss":0},{"damage_healed":0,"gold_gain":0,"player_choice":"2 cards matched","damage_taken":0,"max_hp_gain":0,"max_hp_loss":0,"event_name":"Match and Keep!","floor":46,"gold_loss":0,"cards_obtained":["Zap","Forethought"]}],"is_beta":false,"boss_relics":[{"not_picked":["Runic Dome","Runic Pyramid"],"picked":"Sozu"},{"not_picked":["Tiny House","Calling Bell"],"picked":"Philosopher\u0027s Stone"}],"items_purged_floors":[],"is_endless":false,"potions_floor_spawned":[4,5,8,12,14,20,33,35,39,48],"killed_by":"Awakened One","ascension_level":1}