{"path_per_floor":["M","M","?","M","?","R","E","R","T","$","M","R","?","E","R","B",null,"M","?","M","M","$","E","M","E","T","R","?","M","E","M","R"],"character_chosen":"IRONCLAD","items_purchased":["Fire Breathing","Apotheosis","Oddly Smooth Stone","Whirlwind"],"gold_per_floor":[112,130,305,315,315,315,346,346,399,79,93,93,93,137,137,256,256,275,275,294,308,96,132,147,187,187,187,187,211,242,263,263,263],"floor_reached":33,"campfire_rested":1,"playtime":4975,"item_purchase_floors":[10,10,22,22],"current_hp_per_floor":[33,39,39,53,33,33,8,32,32,32,35,35,35,12,12,16,80,67,67,63,55,55,44,29,68,68,68,68,68,46,34,34,0],"items_purged":["Doubt"],"gold":263,"score":340,"play_id":"3a20d99e-f561-4c78-987b-13c1fd44e0a4","local_time":"20180525222649","is_prod":false,"is_daily":false,"chose_seed":false,"is_ascension_mode":false,"campfire_upgraded":5,"win_rate":0,"timestamp":1527280009,"campfire_choices":[{"data":"Blood for Blood","floor":6,"key":"SMITH"},{"floor":8,"key":"REST"},{"data":"Apotheosis","floor":12,"key":"SMITH"},{"data":"Iron Wave","floor":15,"key":"SMITH"},{"data":"Evolve","floor":27,"key":"SMITH"},{"data":"Flame Barrier","floor":32,"key":"SMITH"}],"path_taken":["M","M","?","M","?","R","E","R","T","$","M","R","?","E","R","BOSS","M","?","?","M","$","E","M","E","T","R","?","M","E","M","R","BOSS"],"build_version":"2018-05-24","seed_source_timestamp":280798842425659,"purchased_purges":1,"victory":false,"master_deck":["Strike_R+1","Strike_R+1","Strike_R+1","Strike_R+1","Strike_R+1","Defend_R+1","Defend_R+1","Defend_R+1","Defend_R+1","Bash","Shrug It Off","Blood for Blood+1","Iron Wave+1","Rupture","Fire Breathing","Apotheosis+1","Evolve+1","Reaper","Thunderclap","Dual Wield+1","Wild Strike+1","Whirlwind","Heavy Blade","Reckless Charge","Pummel","Pommel Strike","Deep Breath","Flame Barrier+1","Blood for Blood","Carnage"],"max_hp_per_floor":[80,80,80,80,80,80,80,80,80,80,80,80,80,80,80,80,80,80,80,80,80,80,80,80,80,80,80,80,80,80,80,80,80],"relics":["Burning Blood","Bird Faced Urn","Golden Idol","Art of War","Vajra","Red Skull","White Beast Statue","Oddly Smooth Stone","Lantern","Ancient Tea Set","Magic Flower","Bronze Scales"],"card_choices":[{"not_picked":["Anger","True Grit"],"picked":"Shrug It Off","floor":1},{"not_picked":["Sword Boomerang","Warcry"],"picked":"Blood for Blood","floor":2},{"not_picked":["Twin Strike","Clothesline"],"picked":"Iron Wave","floor":4},{"not_picked":["Anger","Twin Strike"],"picked":"Rupture","floor":7},{"not_picked":["Twin Strike","Intimidate"],"picked":"Evolve","floor":11},{"not_picked":["Cleave","Offering","Shrug It Off"],"picked":"SKIP","floor":14},{"not_picked":["Impervious","Dark Embrace"],"picked":"Reaper","floor":16},{"not_picked":["Second Wind","Bloodletting"],"picked":"Thunderclap","floor":18},{"not_picked":["Pommel Strike","Headbutt+1"],"picked":"Dual Wield+1","floor":20},{"not_picked":["Entrench","Armaments+1"],"picked":"Wild Strike+1","floor":21},{"not_picked":["Clothesline","Pommel Strike","Armaments"],"picked":"SKIP","floor":23},{"not_picked":["Reckless Charge","Impervious"],"picked":"Heavy Blade","floor":24},{"not_picked":["True Grit","Fiend Fire"],"picked":"Reckless Charge","floor":25},{"not_picked":["Feel No Pain","Wild Strike"],"picked":"Flame Barrier","floor":29},{"not_picked":["Clothesline","Burning Pact"],"picked":"Blood for Blood","floor":30},{"not_picked":["Perfected Strike","Body Slam"],"picked":"Carnage","floor":31}],"player_experience":270918,"potions_floor_usage":[4,4,4,16,16,23,23,24,30,33,33,33],"damage_taken":[{"damage":13,"enemies":"Jaw Worm","floor":1,"turns":6},{"damage":0,"enemies":"2 Louse","floor":2,"turns":4},{"damage":7,"enemies":"Cultist","floor":4,"turns":7},{"damage":31,"enemies":"3 Sentries","floor":7,"turns":11},{"damage":7,"enemies":"Large Slime","floor":11,"turns":6},{"damage":35,"enemies":"Gremlin Nob","floor":14,"turns":5},{"damage":10,"enemies":"Hexaghost","floor":16,"turns":11},{"damage":19,"enemies":"Spheric Guardian","floor":18,"turns":10},{"damage":28,"enemies":"3 Byrds","floor":20,"turns":8},{"damage":38,"enemies":"Centurion and Healer","floor":21,"turns":12},{"damage":44,"enemies":"Slavers","floor":23,"turns":5},{"damage":25,"enemies":"Snake Plant","floor":24,"turns":3},{"damage":0,"enemies":"Gremlin Leader","floor":25,"turns":7},{"damage":24,"enemies":"Cultist and Chosen","floor":29,"turns":6},{"damage":40,"enemies":"Book of Stabbing","floor":30,"turns":6},{"damage":41,"enemies":"Slaver and Parasite","floor":31,"turns":8},{"damage":53,"enemies":"Automaton","floor":33,"turns":6}],"relics_obtained":[{"floor":7,"key":"Art of War"},{"floor":9,"key":"Vajra"},{"floor":14,"key":"Red Skull"},{"floor":23,"key":"Lantern"},{"floor":25,"key":"Ancient Tea Set"},{"floor":26,"key":"Magic Flower"},{"floor":30,"key":"Bronze Scales"}],"event_choices":[{"event_name":"Liars Game","player_choice":"agreed","floor":3,"damage_taken":0},{"event_name":"Golden Idol","player_choice":"Take Damage","floor":5,"damage_taken":0},{"event_name":"The Woman in Blue","player_choice":"Bought 0 Potions","floor":13,"damage_taken":0},{"event_name":"Back to Basics","player_choice":"Simplicity","floor":19,"damage_taken":0},{"event_name":"Match and Keep!","player_choice":"3 cards matched","floor":28,"damage_taken":0}],"boss_relics":[{"not_picked":["Runic Cube","Eternal Feather"],"picked":"White Beast Statue"}],"items_purged_floors":[10],"potions_floor_spawned":[2,11,18,20,21,23,24,25,29,30,31],"seed_played":"-1379645910574862531","killed_by":"Automaton","ascension_level":0,"potions_obtained":[{"floor":2,"key":"EntropicBrew"},{"floor":11,"key":"PowerPotion"},{"floor":18,"key":"AttackPotion"},{"floor":20,"key":"LiquidBronze"},{"floor":21,"key":"AttackPotion"},{"floor":23,"key":"Strength Potion"},{"floor":24,"key":"Explosive Potion"},{"floor":25,"key":"Block Potion"},{"floor":29,"key":"Dexterity Potion"},{"floor":30,"key":"EssenceOfSteel"}],"is_trial":false}