{"path_per_floor":["M","?","M","$","M","R","E","M","T","M","?","R","M","M","R","B",null,"M","M","?"],"character_chosen":"DEFECT","items_purchased":["Loop"],"gold_per_floor":[110,110,129,58,68,68,96,116,143,162,162,162,178,197,197,295,295,309,329,364,364],"floor_reached":21,"campfire_rested":0,"playtime":959,"item_purchase_floors":[4],"current_hp_per_floor":[70,70,70,70,69,69,51,47,47,32,16,16,16,16,16,9,82,72,69,15,0],"items_purged":[],"gold":364,"score":183,"play_id":"4197ff22-41ea-46ab-984e-20bd42b3aa29","local_time":"20180605151344","is_prod":false,"is_daily":false,"chose_seed":false,"is_ascension_mode":false,"campfire_upgraded":3,"win_rate":0.0,"timestamp":1528204424,"campfire_choices":[{"data":"Loop","floor":6,"key":"SMITH"},{"data":"Auto Shields","floor":12,"key":"SMITH"},{"data":"Force Field","floor":15,"key":"SMITH"}],"path_taken":["M","?","M","?","?","R","E","M","T","?","?","R","M","M","R","BOSS","M","M","?","?"],"build_version":"2018-05-31","seed_source_timestamp":310837385882922,"purchased_purges":0,"victory":false,"master_deck":["Strike_B","Strike_B","Strike_B","Strike_B+1","Defend_B","Defend_B","Defend_B","Defend_B","Zap","Dualcast","Loop+1","Machine Learning+1","Auto Shields+1","White Noise","Force Field+1","Fission","Conserve Battery+1"],"max_hp_per_floor":[75,82,82,82,82,82,82,82,82,82,82,82,82,82,82,82,82,82,82,82,82],"relics":["Cracked Core","Strawberry","Happy Flower","Bronze Scales","Black Star","Red Mask"],"card_choices":[{"not_picked":["Beam Cell","Aggregate","Hello World"],"picked":"SKIP","floor":1},{"not_picked":["Compile Driver","Coolheaded","Steam"],"picked":"SKIP","floor":3},{"not_picked":["Coolheaded","Hologram","Compile Driver"],"picked":"SKIP","floor":5},{"not_picked":["Loop","Conserve Battery"],"picked":"Machine Learning","floor":7},{"not_picked":["Coolheaded","Darkness"],"picked":"Auto Shields","floor":8},{"not_picked":["Barrage","Rebound","Coolheaded"],"picked":"SKIP","floor":10},{"not_picked":["Chill","Turbo"],"picked":"White Noise","floor":13},{"not_picked":["Doom and Gloom","Beam Cell"],"picked":"Force Field","floor":14},{"not_picked":["Thunder Strike","Reboot"],"picked":"Fission","floor":16},{"not_picked":["Go for the Eyes","Beam Cell","Steam+1"],"picked":"SKIP","floor":18},{"not_picked":["Gash+1","Chaos","Conserve Battery"],"picked":"SKIP","floor":19},{"not_picked":["Hello World+1","Go for the Eyes"],"picked":"Conserve Battery+1","floor":20}],"player_experience":316420,"potions_floor_usage":[16,20,20],"damage_taken":[{"damage":5,"enemies":"Jaw Worm","floor":1,"turns":4},{"damage":0,"enemies":"Small Slimes","floor":3,"turns":3},{"damage":1,"enemies":"Cultist","floor":5,"turns":3},{"damage":18,"enemies":"3 Sentries","floor":7,"turns":7},{"damage":4,"enemies":"Exordium Thugs","floor":8,"turns":4},{"damage":15,"enemies":"Lots of Slimes","floor":10,"turns":4},{"damage":0,"enemies":"2 Fungi Beasts","floor":13,"turns":3},{"damage":0,"enemies":"Looter","floor":14,"turns":3},{"damage":7,"enemies":"Hexaghost","floor":16,"turns":9},{"damage":10,"enemies":"Spheric Guardian","floor":18,"turns":5},{"damage":3,"enemies":"Chosen","floor":19,"turns":7},{"damage":54,"enemies":"Masked Bandits","floor":20,"turns":7},{"damage":15,"enemies":"Sentry and Sphere","floor":21,"turns":5}],"relics_obtained":[{"floor":7,"key":"Happy Flower"},{"floor":9,"key":"Bronze Scales"},{"floor":20,"key":"Red Mask"}],"event_choices":[{"event_name":"Scrap Ooze","player_choice":"success","floor":2,"damage_taken":7},{"event_name":"Shining Light","player_choice":"Entered Light","floor":11,"damage_taken":0},{"event_name":"Masked Bandits","player_choice":"Fought over 329 gold","floor":20,"damage_taken":0}],"boss_relics":[{"not_picked":["Philosopher\u0027s Stone","Snecko Eye"],"picked":"Black Star"}],"items_purged_floors":[],"potions_floor_spawned":[3,10,14,16],"seed_played":"-8310192339990862506","killed_by":"Sentry and Sphere","ascension_level":0,"potions_obtained":[{"floor":3,"key":"Strength Potion"},{"floor":10,"key":"SpeedPotion"},{"floor":14,"key":"EssenceOfSteel"},{"floor":16,"key":"Dexterity Potion"}],"is_trial":false}