{"gold_per_floor":[117,117,117,117,137,169,119,119,142,142,158,169,182,197,197,296,296,316,347,347,366,16,16,30,47,47,2,2,14,14,31,31,31],"floor_reached":33,"playtime":2409,"items_purged":[],"score":249,"play_id":"21dd22d6-5af8-4685-9ddb-c0c9e269473e","local_time":"20190210153742","is_ascension_mode":false,"campfire_choices":[{"data":"Sunder","floor":8,"key":"SMITH"},{"data":"Chill","floor":10,"key":"SMITH"},{"floor":15,"key":"REST"},{"floor":23,"key":"REST"},{"floor":30,"key":"REST"},{"floor":32,"key":"REST"}],"neow_cost":"NONE","seed_source_timestamp":19010827773770,"circlet_count":0,"master_deck":["Strike_B","Strike_B+1","Strike_B","Defend_B+1","Defend_B+1","Defend_B","Defend_B","Zap","Dualcast","Chill+1","Conserve Battery","Sunder+1","Steam","Electrodynamics","Stack","Capacitor","Multi-Cast","Glacier","Glacier","Skim","Steam","Streamline","Hello World+1","Streamline","Leap+1","Static Discharge+1"],"relics":["Cracked Core","Lantern","Ancient Tea Set","Lizard Tail","Red Mask","Sling","War Paint","Frozen Egg 2"],"potions_floor_usage":[16,19,19,21],"damage_taken":[{"damage":1,"enemies":"2 Louse","floor":1,"turns":4},{"damage":1,"enemies":"Jaw Worm","floor":5,"turns":2},{"damage":6,"enemies":"Lagavulin","floor":6,"turns":6},{"damage":0,"enemies":"Small Slimes","floor":11,"turns":2},{"damage":0,"enemies":"Exordium Wildlife","floor":12,"turns":2},{"damage":1,"enemies":"Red Slaver","floor":13,"turns":3},{"damage":7,"enemies":"Large Slime","floor":14,"turns":5},{"damage":18,"enemies":"The Guardian","floor":16,"turns":15},{"damage":26,"enemies":"Spheric Guardian","floor":18,"turns":5},{"damage":28,"enemies":"Masked Bandits","floor":19,"turns":4},{"damage":11,"enemies":"Shell Parasite","floor":21,"turns":15},{"damage":10,"enemies":"Shelled Parasite and Fungi","floor":24,"turns":16},{"damage":10,"enemies":"Snake Plant","floor":25,"turns":8},{"damage":3,"enemies":"Centurion and Healer","floor":29,"turns":8},{"damage":0,"enemies":"Snecko","floor":31,"turns":11},{"damage":118,"enemies":"Automaton","floor":33,"turns":12}],"seed_played":"-6924831037822371750","potions_obtained":[{"floor":6,"key":"EssenceOfSteel"},{"floor":12,"key":"SpeedPotion"},{"floor":14,"key":"PowerPotion"},{"floor":18,"key":"SteroidPotion"},{"floor":24,"key":"EssenceOfSteel"},{"floor":25,"key":"SpeedPotion"},{"floor":31,"key":"Fire Potion"}],"is_trial":false,"path_per_floor":["M","?","$","?","M","E","?","R","T","R","M","M","M","M","R","B",null,"M","?","?","M","$","R","M","M","T","$","?","M","R","M","R","B"],"character_chosen":"DEFECT","items_purchased":["Sling","War Paint","Streamline"],"campfire_rested":4,"item_purchase_floors":[22,22,27],"current_hp_per_floor":[74,59,59,59,58,52,52,52,52,52,52,52,51,44,66,48,75,49,21,21,10,10,32,22,12,12,12,5,2,24,24,46,0],"gold":31,"neow_bonus":"ONE_RANDOM_RARE_CARD","is_prod":false,"is_daily":false,"chose_seed":false,"campfire_upgraded":2,"win_rate":0.0,"timestamp":1549834662,"path_taken":["M","?","$","?","M","E","?","R","T","R","M","M","M","M","R","BOSS","M","?","?","M","$","R","M","?","T","$","?","M","R","?","R","BOSS"],"build_version":"2019-01-23","purchased_purges":0,"victory":false,"max_hp_per_floor":[75,75,75,75,75,75,75,75,75,75,75,75,75,75,75,75,75,75,75,75,75,75,75,75,75,75,75,75,75,75,75,75,75],"card_choices":[{"not_picked":["Gash","Conserve Battery"],"picked":"Chill","floor":1},{"not_picked":["Rip and Tear","Aggregate"],"picked":"Conserve Battery","floor":5},{"not_picked":["Defragment","Rebound"],"picked":"Sunder","floor":6},{"not_picked":["Redo","Consume"],"picked":"Steam","floor":11},{"not_picked":["Coolheaded","Hologram"],"picked":"Electrodynamics","floor":12},{"not_picked":["Rip and Tear","Turbo"],"picked":"Stack","floor":13},{"not_picked":["Chill","Scrape"],"picked":"Capacitor","floor":14},{"not_picked":["Creative AI","Fission"],"picked":"Multi-Cast","floor":16},{"not_picked":["Rebound","Double Energy+1"],"picked":"Glacier","floor":18},{"not_picked":["Gash","Go for the Eyes"],"picked":"Glacier","floor":19},{"not_picked":["Sweeping Beam","Creative AI"],"picked":"Steam","floor":21},{"not_picked":["Static Discharge","Lockon"],"picked":"Streamline","floor":24},{"not_picked":["Rip and Tear","FTL"],"picked":"Hello World+1","floor":25},{"not_picked":["Scrape+1","Hologram"],"picked":"Leap+1","floor":29},{"not_picked":["Hologram","Chill+1"],"picked":"Static Discharge+1","floor":31}],"player_experience":26592,"relics_obtained":[{"floor":6,"key":"Lantern"},{"floor":9,"key":"Ancient Tea Set"},{"floor":19,"key":"Red Mask"},{"floor":26,"key":"Frozen Egg 2"}],"event_choices":[{"damage_healed":0,"gold_gain":0,"player_choice":"Entered Light","damage_taken":15,"max_hp_gain":0,"max_hp_loss":0,"event_name":"Shining Light","floor":2,"gold_loss":0,"cards_upgraded":["Biased Cognition","Strike_B"]},{"damage_healed":0,"gold_gain":0,"player_choice":"Ignored","damage_taken":0,"max_hp_gain":0,"max_hp_loss":0,"event_name":"Liars Game","floor":4,"gold_loss":0},{"cards_removed":["Strike_B"],"damage_healed":0,"gold_gain":0,"player_choice":"Card Removal","damage_taken":0,"max_hp_gain":0,"max_hp_loss":0,"event_name":"The Cleric","floor":7,"gold_loss":50},{"damage_healed":0,"gold_gain":0,"player_choice":"Fought Bandits","damage_taken":0,"max_hp_gain":0,"max_hp_loss":0,"event_name":"Masked Bandits","floor":19,"gold_loss":0},{"damage_healed":0,"gold_gain":0,"cards_transformed":["Biased Cognition"],"player_choice":"Transformed","damage_taken":0,"max_hp_gain":0,"max_hp_loss":0,"event_name":"Transmorgrifier","floor":20,"gold_loss":0,"cards_obtained":["Skim"]},{"damage_healed":0,"gold_gain":0,"player_choice":"Damaged","damage_taken":7,"max_hp_gain":0,"max_hp_loss":0,"event_name":"Wheel of Change","floor":28,"gold_loss":0}],"is_beta":false,"boss_relics":[{"not_picked":["Runic Pyramid","Snecko Eye"],"picked":"Lizard Tail"}],"items_purged_floors":[],"is_endless":false,"potions_floor_spawned":[6,12,14,18,24,25,31],"killed_by":"Automaton","ascension_level":0}