{"path_per_floor":["M","M","?","M","?","E","M","E","T","$","M","$","?","M","R","B",null,"M","T","$","?","M","E","M","M","T","E","$","E","M","M","R","B",null,"M","?","M","$","M","M","?","M","T","?","R","M","?","$","R"],"character_chosen":"IRONCLAD","items_purchased":["Unceasing Top","Flex","Swift Strike","Seeing Red","Panache","Seeing Red","Mind Blast","Bottled Tornado","Gremlin Horn"],"gold_per_floor":[144,189,189,234,234,324,369,459,459,61,106,6,6,51,51,351,351,396,396,168,168,213,303,348,393,393,483,90,180,225,270,270,570,570,615,615,660,303,348,393,468,513,513,513,513,558,558,58,58,58],"floor_reached":50,"campfire_rested":1,"playtime":1756,"current_hp_per_floor":[80,80,80,80,80,80,74,77,77,77,80,80,85,85,85,55,85,85,85,85,69,75,70,70,73,73,76,76,79,85,85,85,85,85,85,74,77,77,83,83,74,62,62,62,62,65,65,65,65,0],"items_purged":["Spot Weakness","Armaments","Uppercut","Cleave","Madness"],"gold":58,"score":791,"play_id":"85766189-38e9-4240-8999-2669d12ed19f","local_time":"20180418234948","daily_mods":["Draft","Midas","Lethality"],"is_prod":false,"is_daily":true,"chose_seed":false,"is_ascension_mode":false,"campfire_upgraded":0,"timestamp":1524109788,"path_taken":["M","M","?","?","?","E","M","E","T","$","?","?","?","M","R","BOSS","M","?","$","?","M","E","M","M","T","E","?","E","M","?","R","BOSS","M","?","M","$","M","M","?","M","T","?","R","M","?","$","R","BOSS"],"build_version":"2018-04-12","seed_source_timestamp":0,"purchased_purges":5,"victory":false,"master_deck":["Flex","Sword Boomerang","Warcry","Anger","Sword Boomerang","Hemokinesis","Thunderclap","Dropkick","Anger","Pummel+1","Anger","Bloodletting","Flex","Anger+1","Brutality","Flex","Swift Strike+1","Clash+1","Seeing Red","Panache","Clash+1","Clash+1","Clash+1","Flex+1","Madness","Anger+1","Seeing Red","Mind Blast+1","Flex+1","Finesse","Flex"],"max_hp_per_floor":[80,80,80,80,80,80,80,80,80,80,80,80,85,85,85,85,85,85,85,85,85,85,85,85,85,85,85,85,85,85,85,85,85,85,85,85,85,85,85,85,85,85,85,85,85,85,85,85,85,85],"relics":["Burning Blood","Ice Cream","Molten Egg 2","Paper Frog","Unceasing Top","Philosopher\u0027s Stone","Blue Candle","Enchiridion","Mummified Hand","Toolbox","Lantern","Girya","Sozu","Calipers","Shuriken","Bottled Tornado","Gremlin Horn"],"card_choices":[{"not_picked":["Warcry","Cleave"],"picked":"Flex","floor":0},{"not_picked":["Havoc","Clash"],"picked":"Sword Boomerang","floor":0},{"not_picked":["Headbutt","Intimidate"],"picked":"Warcry","floor":0},{"not_picked":["Havoc","True Grit"],"picked":"Anger","floor":0},{"not_picked":["Sword Boomerang","Armaments"],"picked":"Uppercut","floor":0},{"not_picked":["Uppercut","Cleave"],"picked":"Sword Boomerang","floor":0},{"not_picked":["Iron Wave","Evolve"],"picked":"Cleave","floor":0},{"not_picked":["Combust","Rupture"],"picked":"Hemokinesis","floor":0},{"not_picked":["Dual Wield","Inflame"],"picked":"Thunderclap","floor":0},{"not_picked":["Pommel Strike","Searing Blow"],"picked":"Dropkick","floor":0},{"not_picked":["Sever Soul","Body Slam"],"picked":"Spot Weakness","floor":0},{"not_picked":["Twin Strike","True Grit"],"picked":"Anger","floor":0},{"not_picked":["Iron Wave","Spot Weakness"],"picked":"Pummel","floor":0},{"not_picked":["Iron Wave","Body Slam"],"picked":"Armaments","floor":0},{"not_picked":["Havoc","Perfected Strike"],"picked":"Anger","floor":0},{"not_picked":["Headbutt","Carnage"],"picked":"Bloodletting","floor":1},{"not_picked":["Headbutt","Pommel Strike"],"picked":"Inflame","floor":6},{"not_picked":["Body Slam","Twin Strike"],"picked":"Anger","floor":11},{"not_picked":["Immolate","Fiend Fire"],"picked":"Brutality","floor":16},{"not_picked":["Sword Boomerang","Headbutt"],"picked":"Flex","floor":18},{"not_picked":["Burning Pact","Fire Breathing"],"picked":"Clash","floor":24},{"not_picked":["Perfected Strike","Thunderclap"],"picked":"Clash","floor":29},{"not_picked":["Perfected Strike","Barricade"],"picked":"Clash","floor":30},{"not_picked":["Dual Wield","Spot Weakness"],"picked":"Clash","floor":31},{"not_picked":["Headbutt","Heavy Blade"],"picked":"Flex","floor":35},{"not_picked":["Burning Pact","Battle Trance"],"picked":"Anger","floor":37},{"not_picked":["Infernal Blade","Uppercut"],"picked":"Flex","floor":39},{"not_picked":["Thinking Ahead","Good Instincts"],"picked":"Finesse","floor":44},{"not_picked":["Twin Strike","Warcry"],"picked":"Flex","floor":46}],"player_experience":200706,"potions_floor_usage":[23,50,50],"damage_taken":[{"damage":0,"enemies":"Jaw Worm","floor":1,"turns":1},{"damage":2,"enemies":"Cultist","floor":2,"turns":2},{"damage":0,"enemies":"Small Slimes","floor":4,"turns":1},{"damage":0,"enemies":"Gremlin Nob","floor":6,"turns":2},{"damage":12,"enemies":"Exordium Thugs","floor":7,"turns":2},{"damage":3,"enemies":"Lagavulin","floor":8,"turns":2},{"damage":3,"enemies":"2 Fungi Beasts","floor":11,"turns":1},{"damage":0,"enemies":"Red Slaver","floor":14,"turns":1},{"damage":36,"enemies":"The Guardian","floor":16,"turns":4},{"damage":3,"enemies":"Shell Parasite","floor":18,"turns":1},{"damage":0,"enemies":"3 Byrds","floor":22,"turns":1},{"damage":11,"enemies":"Slavers","floor":23,"turns":2},{"damage":6,"enemies":"Centurion and Healer","floor":24,"turns":1},{"damage":3,"enemies":"Snake Plant","floor":25,"turns":1},{"damage":3,"enemies":"Book of Stabbing","floor":27,"turns":1},{"damage":3,"enemies":"Slavers","floor":29,"turns":1},{"damage":0,"enemies":"Snecko","floor":30,"turns":1},{"damage":6,"enemies":"Centurion and Healer","floor":31,"turns":1},{"damage":6,"enemies":"Collector","floor":33,"turns":1},{"damage":0,"enemies":"3 Darklings","floor":35,"turns":1},{"damage":3,"enemies":"Orb Walker","floor":37,"turns":1},{"damage":0,"enemies":"Maw","floor":39,"turns":1},{"damage":6,"enemies":"3 Darklings","floor":40,"turns":1},{"damage":15,"enemies":"Mysterious Sphere","floor":41,"turns":1},{"damage":18,"enemies":"4 Shapes","floor":42,"turns":1},{"damage":3,"enemies":"Maw","floor":46,"turns":1},{"damage":73,"enemies":"Time Eater","floor":50,"turns":2}],"event_choices":[{"event_name":"Upgrade Shrine","player_choice":"Upgraded","floor":3,"damage_taken":0},{"event_name":"Accursed Blacksmith","player_choice":"Forge","floor":5,"damage_taken":0},{"event_name":"Big Fish","player_choice":"Donut","floor":13,"damage_taken":0},{"event_name":"Cursed Tome","player_choice":"Obtained Book","floor":21,"damage_taken":0},{"event_name":"Winding Halls","player_choice":"Embrace Madness","floor":36,"damage_taken":0},{"event_name":"Mysterious Sphere","player_choice":"Fight","floor":41,"damage_taken":0},{"event_name":"SensoryStone","player_choice":"Memory 1","floor":44,"damage_taken":0}],"boss_relics":[{"not_picked":["Black Star","Black Blood"],"picked":"Philosopher\u0027s Stone"},{"not_picked":["Snecko Eye","Mark of Pain"],"picked":"Sozu"}],"potions_floor_spawned":[6,14,16,22,23,25,27,33,41,46],"seed_played":"8716809714031627175","killed_by":"Time Eater","ascension_level":0,"is_trial":false}