{"path_per_floor":["M","?","M","M","M","R","?","R","T","R","E","$","R","E","R","B",null,"M","M","$","?","M","?","R","M","T","R","M","M","M","M","R","B",null,"M","M","?","?","$","E","R","?","T","?","M","$","R","M","R"],"character_chosen":"IRONCLAD","items_purchased":["Ancient Tea Set","Omamori","Meat on the Bone","Pen Nib","Dexterity Potion"],"gold_per_floor":[212,212,223,240,253,253,253,253,277,277,307,232,232,262,262,362,362,378,391,1,1,14,14,14,25,78,78,95,107,127,144,144,243,243,255,266,266,266,5,38,38,38,338,338,353,35,35,53,53],"floor_reached":50,"campfire_rested":4,"playtime":3492,"current_hp_per_floor":[80,73,79,79,65,65,53,53,53,53,55,55,55,50,50,31,87,73,55,55,55,49,78,78,69,69,69,61,66,43,26,55,11,99,85,52,52,52,52,26,56,56,56,56,41,41,71,77,103],"items_purged":["Strike_R","Strike_R","Berserk"],"gold":53,"play_id":"93922348-7c8d-47ed-aabc-6b7110e5e7b1","is_prod":false,"is_daily":false,"is_ascension_mode":false,"campfire_upgraded":7,"path_taken":["M","?","M","M","M","R","?","R","T","R","E","?","R","E","R","BOSS","M","M","$","?","M","?","R","M","T","R","M","M","?","M","R","BOSS","M","M","?","?","$","E","R","?","T","?","M","$","R","M","R","BOSS"],"build_version":"2018-02-01-PROD3","purchased_purges":3,"victory":false,"master_deck":["Bash+1","Twin Strike+1","Cleave","Armaments+1","Whirlwind+1","Rampage+1","Double Tap+1","Warcry+1","Clash+1","Feed+1","Bloodletting+1","Battle Trance","Warcry","Whirlwind","Pommel Strike","Clash","Clash+1","Anger+1"],"max_hp_per_floor":[80,80,80,80,80,80,80,80,80,80,87,87,87,87,87,87,87,87,87,87,87,87,87,87,87,87,87,91,95,99,99,99,99,99,99,103,103,103,103,103,103,103,103,103,103,103,103,103,103],"relics":["Burning Blood","Kunai","Prayer Wheel","Strawberry","Centennial Puzzle","Philosopher\u0027s Stone","Ancient Tea Set","Omamori","Tiny Chest","Pandora\u0027s Box","Meat on the Bone","Bottled Lightning","Old Coin","Pen Nib"],"card_choices":[{"not_picked":["Heavy Blade","Disarm"],"picked":"Twin Strike"},{"not_picked":["Thunderclap","Clothesline"],"picked":"Cleave"},{"not_picked":["Pommel Strike","Shrug It Off"],"picked":"Armaments"},{"not_picked":["Dark Embrace","Thunderclap"],"picked":"Whirlwind"},{"not_picked":["Iron Wave","Warcry"],"picked":"Rampage"},{"not_picked":["Dark Embrace","Immolate"],"picked":"Double Tap"},{"not_picked":["Pommel Strike","Uppercut"],"picked":"Warcry"},{"not_picked":["Fire Breathing","Dropkick"],"picked":"Clash"},{"not_picked":["Iron Wave","Flame Barrier"],"picked":"Feed"},{"not_picked":["Inflame","Cleave"],"picked":"Bloodletting"},{"not_picked":["Heavy Blade","Rage"],"picked":"Battle Trance"},{"not_picked":["Dark Embrace","Juggernaut"],"picked":"Berserk"},{"not_picked":["Clothesline","Heavy Blade"],"picked":"Clash"},{"not_picked":["Clothesline","Iron Wave"],"picked":"Anger"}],"player_experience":124137,"potions_floor_usage":[50,50,50],"damage_taken":[{"damage":0.0,"enemies":"2 Louse","floor":1.0,"turns":3.0},{"damage":0.0,"enemies":"Small Slimes","floor":3.0,"turns":2.0},{"damage":6.0,"enemies":"Jaw Worm","floor":4.0,"turns":3.0},{"damage":20.0,"enemies":"Large Slime","floor":5.0,"turns":4.0},{"damage":11.0,"enemies":"Gremlin Nob","floor":11.0,"turns":3.0},{"damage":11.0,"enemies":"3 Sentries","floor":14.0,"turns":4.0},{"damage":25.0,"enemies":"Slime Boss","floor":16.0,"turns":8.0},{"damage":20.0,"enemies":"3 Byrds","floor":18.0,"turns":3.0},{"damage":24.0,"enemies":"Spheric Guardian","floor":19.0,"turns":4.0},{"damage":12.0,"enemies":"Centurion and Healer","floor":22.0,"turns":2.0},{"damage":15.0,"enemies":"Snake Plant","floor":25.0,"turns":2.0},{"damage":18.0,"enemies":"Cultist and Chosen","floor":28.0,"turns":5.0},{"damage":20.0,"enemies":"Chosen and Byrds","floor":29.0,"turns":6.0},{"damage":33.0,"enemies":"3 Cultists","floor":30.0,"turns":4.0},{"damage":23.0,"enemies":"Snake Plant","floor":31.0,"turns":3.0},{"damage":50.0,"enemies":"Champ","floor":33.0,"turns":8.0},{"damage":20.0,"enemies":"Orb Walker","floor":35.0,"turns":2.0},{"damage":43.0,"enemies":"3 Shapes","floor":36.0,"turns":3.0},{"damage":44,"enemies":"2 Orb Walkers","floor":40,"turns":3},{"damage":33,"enemies":"Maw","floor":45,"turns":4},{"damage":0,"enemies":"3 Darklings","floor":48,"turns":1},{"damage":123,"enemies":"Awakened One","floor":50,"turns":6}],"event_choices":[{"event_name":"Golden Wing","player_choice":"Card Removal","floor":2.0,"damage_taken":0.0},{"event_name":"Scrap Ooze","player_choice":"success","floor":7.0,"damage_taken":12.0},{"event_name":"Beggar","player_choice":"Ignored","floor":21.0,"damage_taken":0.0},{"event_name":"The Library","player_choice":"Heal","floor":23.0,"damage_taken":0.0},{"event_name":"Mysterious Sphere","player_choice":"Ignore","floor":37.0,"damage_taken":0.0},{"event_name":"Purifier","player_choice":"One Purge","floor":42,"damage_taken":0},{"event_name":"Tomb of Lord Red Mask","player_choice":"Ignored","floor":44,"damage_taken":0}],"boss_relics":[],"potions_floor_spawned":[3,4,11,19,25,28,31,33,40,45],"seed_played":"-6338327661832674153","killed_by":"Awakened One","ascension_level":0,"is_trial":false}