{"gold_per_floor":[118,131,142,142,194,194,273,273,318,330,344,344,356,370,370,467,467,486,497,497,507,524,524,535,535,535,535,535,555,569,207,207,308,308,321,341,166,179,179,179,194,51,78,95,95,95,106,106,106,106],"floor_reached":50,"playtime":2752,"items_purged":["Clothesline","Strike_R"],"score":440,"play_id":"f22d41d3-f77a-4dd2-a2a6-8c9541c5aa87","local_time":"20190114142558","is_ascension_mode":false,"campfire_choices":[{"data":"Armaments","floor":6,"key":"SMITH"},{"data":"Pommel Strike","floor":12,"key":"SMITH"},{"data":"Evolve","floor":15,"key":"SMITH"},{"data":"True Grit","floor":23,"key":"SMITH"},{"data":"Shrug It Off","floor":25,"key":"SMITH"},{"data":"Juggernaut","floor":28,"key":"SMITH"},{"data":"Finesse","floor":32,"key":"SMITH"},{"data":"Body Slam","floor":40,"key":"SMITH"},{"data":"Power Through","floor":45,"key":"SMITH"},{"floor":49,"key":"REST"}],"neow_cost":"NONE","seed_source_timestamp":2137556590701,"circlet_count":0,"master_deck":["Strike_R","Strike_R","Defend_R","Defend_R+1","Bash","Pommel Strike+1","Wild Strike+1","Juggernaut+1","Shrug It Off+1","Evolve+1","True Grit+1","Shrug It Off+1","Entrench+1","Shrug It Off+1","Finesse+1","Impervious","Wild Strike","Body Slam+1","Power Through+1","Power Through+1","Body Slam+1"],"relics":["Burning Blood","Bronze Scales","Orichalcum","Lizard Tail","Boot","Lee\u0027s Waffle","Empty Cage","Kunai","Art of War","Anchor"],"potions_floor_usage":[14,16,21,21,22,24,35,41],"damage_taken":[{"damage":6,"enemies":"Cultist","floor":1,"turns":3},{"damage":4,"enemies":"Small Slimes","floor":2,"turns":3},{"damage":8,"enemies":"Jaw Worm","floor":3,"turns":5},{"damage":9,"enemies":"Blue Slaver","floor":10,"turns":3},{"damage":0,"enemies":"Large Slime","floor":11,"turns":3},{"damage":0,"enemies":"Gremlin Gang","floor":13,"turns":4},{"damage":4,"enemies":"Looter","floor":14,"turns":2},{"damage":14,"enemies":"Slime Boss","floor":16,"turns":8},{"damage":2,"enemies":"3 Byrds","floor":18,"turns":3},{"damage":9,"enemies":"Chosen","floor":19,"turns":5},{"damage":27,"enemies":"Snake Plant","floor":21,"turns":5},{"damage":28,"enemies":"Centurion and Healer","floor":22,"turns":11},{"damage":31,"enemies":"3 Cultists","floor":24,"turns":8},{"damage":19,"enemies":"Snake Plant","floor":29,"turns":4},{"damage":35,"enemies":"Sentry and Sphere","floor":30,"turns":6},{"damage":57,"enemies":"Champ","floor":33,"turns":18},{"damage":1,"enemies":"3 Shapes","floor":35,"turns":4},{"damage":21,"enemies":"3 Darklings","floor":36,"turns":6},{"damage":17,"enemies":"Sphere and 2 Shapes","floor":38,"turns":6},{"damage":7,"enemies":"Jaw Worm Horde","floor":41,"turns":7},{"damage":17,"enemies":"3 Darklings","floor":44,"turns":6},{"damage":19,"enemies":"Maw","floor":47,"turns":7},{"damage":67,"enemies":"Donu and Deca","floor":50,"turns":8}],"seed_played":"7968659148177005984","potions_obtained":[{"floor":2,"key":"LiquidBronze"},{"floor":3,"key":"Strength Potion"},{"floor":10,"key":"SpeedPotion"},{"floor":14,"key":"BloodPotion"},{"floor":18,"key":"Regen Potion"},{"floor":22,"key":"SpeedPotion"},{"floor":30,"key":"Fire Potion"},{"floor":35,"key":"Swift Potion"}],"is_trial":false,"path_per_floor":["M","M","M","?","T","R","?","?","T","M","M","R","M","M","R","B",null,"M","M","?","M","M","R","M","R","T","?","R","M","M","$","R","B",null,"M","M","$","M","T","R","M","$","T","M","R","$","M","?","R","B"],"character_chosen":"IRONCLAD","items_purchased":["Finesse","Lee\u0027s Waffle","Power Through","Art of War"],"campfire_rested":1,"item_purchase_floors":[31,31,37,42],"current_hp_per_floor":[80,80,78,83,83,83,83,66,66,63,69,69,75,77,77,69,85,85,82,85,76,62,62,37,37,37,37,37,24,37,92,92,41,92,92,77,77,66,66,66,65,65,65,54,54,54,41,41,67,0],"gold":106,"neow_bonus":"REMOVE_CARD","is_prod":false,"is_daily":false,"chose_seed":false,"campfire_upgraded":9,"win_rate":0,"timestamp":1547504758,"path_taken":["M","?","M","?","?","R","?","?","T","M","M","R","M","M","R","BOSS","M","M","?","?","M","R","M","R","T","?","R","M","?","$","R","BOSS","M","M","$","M","?","R","M","$","T","M","R","$","?","?","R","BOSS"],"build_version":"2019-01-10","purchased_purges":2,"victory":false,"max_hp_per_floor":[80,80,80,85,85,85,85,85,85,85,85,85,85,85,85,85,85,85,85,85,85,85,85,85,85,85,85,85,85,85,92,92,92,92,92,92,92,92,92,92,92,92,92,92,92,92,92,87,87,87],"card_choices":[{"not_picked":["Armaments","Searing Blow"],"picked":"Pommel Strike","floor":1},{"not_picked":["Warcry","Anger"],"picked":"Armaments","floor":2},{"not_picked":["Twin Strike","Power Through"],"picked":"Wild Strike","floor":3},{"not_picked":["Disarm","Heavy Blade"],"picked":"Juggernaut","floor":10},{"not_picked":["Flex","Twin Strike","Seeing Red"],"picked":"SKIP","floor":11},{"not_picked":["Clash","Perfected Strike"],"picked":"Shrug It Off","floor":13},{"not_picked":["Uppercut","Wild Strike"],"picked":"Evolve","floor":14},{"not_picked":["Sever Soul","Seeing Red+1","Sword Boomerang"],"picked":"SKIP","floor":18},{"not_picked":["Thunderclap","Headbutt"],"picked":"True Grit","floor":19},{"not_picked":["Twin Strike","Spot Weakness+1"],"picked":"Shrug It Off+1","floor":21},{"not_picked":["Perfected Strike+1","Sword Boomerang","Iron Wave"],"picked":"SKIP","floor":22},{"not_picked":["Heavy Blade","Infernal Blade"],"picked":"Entrench+1","floor":24},{"not_picked":["Impervious","Entrench","Heavy Blade"],"picked":"SKIP","floor":29},{"not_picked":["Wild Strike","Twin Strike"],"picked":"Shrug It Off+1","floor":30},{"not_picked":["Exhume","Immolate"],"picked":"Impervious","floor":33},{"not_picked":["Clash","Thunderclap"],"picked":"Wild Strike","floor":35},{"not_picked":["Cleave","Uppercut+1"],"picked":"Body Slam","floor":36},{"not_picked":["Reckless Charge","Heavy Blade"],"picked":"Power Through+1","floor":38},{"not_picked":["Armaments","Shrug It Off","Searing Blow+1"],"picked":"SKIP","floor":41},{"not_picked":["Pummel+1","Sword Boomerang+1"],"picked":"Body Slam+1","floor":44},{"not_picked":["Anger+1","Bloodletting","Heavy Blade+1"],"picked":"SKIP","floor":47}],"player_experience":253882,"relics_obtained":[{"floor":5,"key":"Bronze Scales"},{"floor":9,"key":"Orichalcum"},{"floor":26,"key":"Boot"},{"floor":39,"key":"Kunai"},{"floor":43,"key":"Anchor"}],"event_choices":[{"damage_healed":0,"gold_gain":0,"player_choice":"Donut","damage_taken":0,"max_hp_gain":5,"max_hp_loss":0,"event_name":"Big Fish","floor":4,"gold_loss":0},{"damage_healed":0,"gold_gain":79,"player_choice":"Gained Gold","damage_taken":0,"max_hp_gain":0,"max_hp_loss":0,"event_name":"Golden Wing","floor":7,"gold_loss":0},{"damage_healed":0,"gold_gain":0,"player_choice":"Entered Light","damage_taken":17,"max_hp_gain":0,"max_hp_loss":0,"event_name":"Shining Light","floor":8,"gold_loss":0,"cards_upgraded":["Defend_R","Wild Strike"]},{"cards_removed":["Armaments"],"damage_healed":5,"gold_gain":0,"player_choice":"Offered Common","damage_taken":0,"max_hp_gain":0,"max_hp_loss":0,"event_name":"Bonfire Elementals","floor":20,"gold_loss":0},{"cards_removed":["Armaments"],"damage_healed":5,"gold_gain":0,"player_choice":"Offered Special","damage_taken":0,"max_hp_gain":0,"max_hp_loss":0,"event_name":"Bonfire Elementals","floor":20,"gold_loss":0},{"damage_healed":0,"gold_gain":0,"cards_transformed":["Strike_R"],"player_choice":"Transformed","damage_taken":0,"max_hp_gain":0,"max_hp_loss":0,"event_name":"Transmorgrifier","floor":27,"gold_loss":0,"cards_obtained":["Clothesline"]},{"damage_healed":0,"gold_gain":0,"player_choice":"Max HP","damage_taken":0,"max_hp_gain":0,"max_hp_loss":5,"event_name":"Winding Halls","floor":48,"gold_loss":0}],"is_beta":false,"boss_relics":[{"not_picked":["Pandora\u0027s Box","Cursed Key"],"picked":"Lizard Tail"},{"not_picked":["Coffee Dripper","Black Blood"],"picked":"Empty Cage"}],"items_purged_floors":[31,37],"is_endless":false,"potions_floor_spawned":[2,3,10,14,18,22,30,35],"killed_by":"Donu and Deca","ascension_level":0}