{"gold_per_floor":[10,10,10,10,10,10,10,10,10,29,62,62,3,23,23,142,142,158,158,177,200,38,38,97,160,240,240,281,281,281,281,281,435,435,449,449,20,58,97,97,115,135,135,410,410,105,105,0,0,25],"floor_reached":51,"playtime":2279,"items_purged":["Defend_R","Defend_R"],"score":930,"play_id":"d6008e59-c24e-432d-a501-0e1d8a37d385","local_time":"20190105194635","is_ascension_mode":true,"campfire_choices":[{"data":"Shrug It Off","floor":6.0,"key":"SMITH"},{"data":"Bash","floor":8.0,"key":"SMITH"},{"data":"Flex","floor":12.0,"key":"SMITH"},{"data":"Uppercut","floor":15.0,"key":"SMITH"},{"data":"Fiend Fire","floor":23.0,"key":"SMITH"},{"data":"HandOfGreed","floor":27.0,"key":"SMITH"},{"data":"Blood for Blood","floor":29.0,"key":"SMITH"},{"data":"Pommel Strike","floor":32.0,"key":"SMITH"},{"data":"Juggernaut","floor":40.0,"key":"SMITH"},{"data":"Shockwave","floor":45.0,"key":"SMITH"},{"floor":49.0,"key":"REST"}],"neow_cost":"NO_GOLD","seed_source_timestamp":112002470063110,"circlet_count":0,"master_deck":["Strike_R","Bash+1","Shrug It Off+1","Flex+1","Pommel Strike+1","Uppercut+1","Fiend Fire+1","Pommel Strike+1","Blood for Blood+1","Dark Embrace","HandOfGreed+1","Shockwave+1","Writhe","Juggernaut+1","Mayhem","Sever Soul","Parasite","Impervious","Regret","Mayhem","Chrysalis"],"special_seed":0,"relics":["Burning Blood","Golden Idol","StoneCalendar","Smiling Mask","Blue Candle","Juzu Bracelet","Oddly Smooth Stone","Snecko Eye","MutagenicStrength","Bronze Scales","Bottled Lightning","Mummified Hand","Empty Cage","TheAbacus","Pear","ClockworkSouvenir","Red Mask"],"potions_floor_usage":[50],"damage_taken":[{"damage":2.0,"enemies":"Jaw Worm","floor":1.0,"turns":3.0},{"damage":4.0,"enemies":"2 Louse","floor":10.0,"turns":4.0},{"damage":41.0,"enemies":"3 Sentries","floor":11.0,"turns":7.0},{"damage":0.0,"enemies":"Cultist","floor":14.0,"turns":2.0},{"damage":42.0,"enemies":"The Guardian","floor":16.0,"turns":10.0},{"damage":13.0,"enemies":"3 Byrds","floor":18.0,"turns":6.0},{"damage":0.0,"enemies":"Shell Parasite","floor":20.0,"turns":1.0},{"damage":0.0,"enemies":"Snake Plant","floor":21.0,"turns":2.0},{"damage":0.0,"enemies":"Cultist and Chosen","floor":24.0,"turns":4.0},{"damage":24.0,"enemies":"Gremlin Leader","floor":25.0,"turns":3.0},{"damage":0.0,"enemies":"3 Cultists","floor":28.0,"turns":5.0},{"damage":14.0,"enemies":"Collector","floor":33.0,"turns":3.0},{"damage":10.0,"enemies":"3 Darklings","floor":35.0,"turns":4.0},{"damage":18.0,"enemies":"3 Shapes","floor":38.0,"turns":2.0},{"damage":9.0,"enemies":"3 Darklings","floor":39.0,"turns":3.0},{"damage":14.0,"enemies":"Spire Growth","floor":41.0,"turns":3.0},{"damage":6.0,"enemies":"Writhing Mass","floor":42.0,"turns":3.0},{"damage":23,"enemies":"Awakened One","floor":50,"turns":7}],"seed_played":"103655566791487451","potions_obtained":[{"floor":14.0,"key":"Regen Potion"},{"floor":16.0,"key":"Swift Potion"},{"floor":18.0,"key":"Fire Potion"},{"floor":20.0,"key":"PowerPotion"},{"floor":24.0,"key":"GamblersBrew"},{"floor":33.0,"key":"SpeedPotion"},{"floor":35.0,"key":"Poison Potion"},{"floor":42.0,"key":"Energy Potion"}],"is_trial":false,"path_per_floor":["M","?","?","?","T","R","?","R","T","M","E","R","?","M","R","B",null,"M","?","M","M","$","R","M","E","T","R","M","R","?","?","R","B",null,"M","?","$","M","M","R","M","M","T","?","R","$","?","?","R","B",null],"character_chosen":"IRONCLAD","items_purchased":["HandOfGreed","Mayhem","TheAbacus","ClockworkSouvenir","Block Potion"],"campfire_rested":1,"item_purchase_floors":[22,37,37,46,46],"current_hp_per_floor":[76,76,74,67,67,67,64,64,64,66,31,31,31,37,37,16,60,53,53,59,65,65,65,71,53,53,53,59,59,59,59,59,51,68,64,64,64,52,49,49,41,41,51,51,51,51,41,41,66,49],"gold":25,"neow_bonus":"REMOVE_TWO","is_prod":false,"is_daily":false,"chose_seed":false,"campfire_upgraded":10,"win_rate":0,"timestamp":1546735595,"path_taken":["M","?","?","?","?","R","?","R","T","M","E","R","?","M","R","BOSS","M","?","M","M","$","R","M","E","T","R","M","R","?","?","R","BOSS","M","?","$","M","M","R","M","M","T","?","R","$","?","?","R","BOSS"],"build_version":"2019-01-03v4","purchased_purges":2,"victory":true,"max_hp_per_floor":[80,80,74,74,74,74,74,74,74,74,74,74,74,74,74,74,74,74,74,74,74,74,74,74,74,74,74,74,74,74,74,74,74,74,74,74,74,74,74,74,74,74,84,84,84,84,84,84,84,84],"card_choices":[{"not_picked":["Heavy Blade","Warcry"],"picked":"Shrug It Off","floor":1.0},{"not_picked":["Heavy Blade","Fire Breathing"],"picked":"Flex","floor":10.0},{"not_picked":["Clothesline","Wild Strike"],"picked":"Pommel Strike","floor":11.0},{"not_picked":["Sword Boomerang","Pummel"],"picked":"Uppercut","floor":14.0},{"not_picked":["Impervious","Dark Embrace"],"picked":"Fiend Fire","floor":16.0},{"not_picked":["Clash","Shrug It Off"],"picked":"Pommel Strike+1","floor":18.0},{"not_picked":["Disarm+1","Feel No Pain+1"],"picked":"Blood for Blood","floor":20.0},{"not_picked":["Iron Wave","Sever Soul"],"picked":"Dark Embrace","floor":21.0},{"not_picked":["Metallicize","Rupture","Shrug It Off"],"picked":"SKIP","floor":24.0},{"not_picked":["Spot Weakness","Iron Wave","Limit Break"],"picked":"SKIP","floor":25.0},{"not_picked":["Sword Boomerang","Entrench"],"picked":"Shockwave","floor":28.0},{"not_picked":["Dark Embrace","Double Tap"],"picked":"Juggernaut","floor":33.0},{"not_picked":["Power Through","Twin Strike","Flame Barrier"],"picked":"SKIP","floor":35.0},{"not_picked":["True Grit","Clothesline+1"],"picked":"Sever Soul","floor":38.0},{"not_picked":["Warcry+1","Battle Trance+1","Seeing Red"],"picked":"SKIP","floor":39.0},{"not_picked":["Clothesline+1","Wild Strike","Body Slam"],"picked":"SKIP","floor":41.0},{"not_picked":["Armaments+1","Shrug It Off+1"],"picked":"Impervious","floor":42.0},{"not_picked":["Impatience","Panache"],"picked":"Mayhem","floor":47.0},{"not_picked":["Discovery","HandOfGreed"],"picked":"Chrysalis","floor":47.0}],"player_experience":451844,"relics_obtained":[{"floor":5.0,"key":"StoneCalendar"},{"floor":9.0,"key":"Blue Candle"},{"floor":11.0,"key":"Juzu Bracelet"},{"floor":25.0,"key":"Bronze Scales"},{"floor":26.0,"key":"Bottled Lightning"},{"floor":43.0,"key":"Pear"}],"event_choices":[{"damage_healed":0.0,"max_hp_gain":0.0,"max_hp_loss":0.0,"gold_gain":0.0,"event_name":"Liars Game","player_choice":"Ignored","floor":2.0,"gold_loss":0.0,"damage_taken":0.0},{"damage_healed":0.0,"max_hp_gain":0.0,"max_hp_loss":6.0,"gold_gain":0.0,"event_name":"Golden Idol","player_choice":"Lose Max HP","floor":3.0,"gold_loss":0.0,"damage_taken":0.0,"relics_obtained":["Golden Idol"]},{"cards_removed":["Strike_R"],"damage_healed":0.0,"max_hp_gain":0.0,"max_hp_loss":0.0,"gold_gain":0.0,"event_name":"Golden Wing","player_choice":"Card Removal","floor":4.0,"gold_loss":0.0,"damage_taken":7.0},{"damage_healed":0.0,"max_hp_gain":0.0,"max_hp_loss":0.0,"gold_gain":0.0,"event_name":"Scrap Ooze","player_choice":"Success","floor":7.0,"gold_loss":0.0,"damage_taken":3.0,"relics_obtained":["Smiling Mask"]},{"damage_healed":0.0,"max_hp_gain":0.0,"max_hp_loss":0.0,"gold_gain":0.0,"event_name":"WeMeetAgain","player_choice":"Paid Gold","floor":13.0,"gold_loss":59.0,"damage_taken":0.0,"relics_obtained":["Oddly Smooth Stone"]},{"damage_healed":0.0,"max_hp_gain":0.0,"max_hp_loss":0.0,"gold_gain":0.0,"event_name":"Drug Dealer","player_choice":"Inject Mutagens","floor":19.0,"gold_loss":0.0,"damage_taken":0.0,"relics_obtained":["MutagenicStrength"]},{"damage_healed":0.0,"max_hp_gain":0.0,"max_hp_loss":0.0,"gold_gain":0.0,"event_name":"The Mausoleum","player_choice":"Opened","floor":30.0,"gold_loss":0.0,"damage_taken":0.0,"relics_obtained":["Mummified Hand"],"cards_obtained":["Writhe"]},{"damage_healed":0.0,"max_hp_gain":0.0,"max_hp_loss":0.0,"gold_gain":0.0,"event_name":"Match and Keep!","player_choice":"0 cards matched","floor":31.0,"gold_loss":0.0,"damage_taken":0.0,"cards_obtained":[]},{"cards_removed":["Strike_R"],"damage_healed":0.0,"max_hp_gain":0.0,"max_hp_loss":0.0,"gold_gain":0.0,"event_name":"Falling","player_choice":"Removed Attack","floor":36.0,"gold_loss":0.0,"damage_taken":0.0},{"damage_healed":0.0,"max_hp_gain":0.0,"max_hp_loss":0.0,"gold_gain":275.0,"event_name":"Golden Shrine","player_choice":"Desecrate","floor":44.0,"gold_loss":0.0,"damage_taken":0.0,"cards_obtained":["Regret"]},{"damage_healed":0.0,"max_hp_gain":0.0,"max_hp_loss":0.0,"gold_gain":0.0,"event_name":"SensoryStone","player_choice":"Memory 3","floor":47.0,"gold_loss":0.0,"damage_taken":10.0},{"damage_healed":0.0,"max_hp_gain":0.0,"max_hp_loss":0.0,"gold_gain":0.0,"event_name":"Tomb of Lord Red Mask","player_choice":"Paid","floor":48.0,"gold_loss":105.0,"damage_taken":0.0,"relics_obtained":["Red Mask"]}],"is_beta":true,"boss_relics":[{"not_picked":["White Beast Statue","Fusion Hammer"],"picked":"Snecko Eye"},{"not_picked":["Calling Bell","Coffee Dripper"],"picked":"Empty Cage"}],"items_purged_floors":[37,46],"is_endless":false,"potions_floor_spawned":[14,16,18,20,24,33,35,42],"ascension_level":8}