{"gold_per_floor":[119,135,146,166,186,215,234,259,259,259,271,128,128,162,162,267,267,285,297,313,326,326,326],"floor_reached":23,"playtime":863,"items_purged":[],"score":290,"play_id":"70d66056-15ff-49cf-b763-3a1cbf971ce1","local_time":"20180627013026","is_ascension_mode":true,"campfire_choices":[{"floor":10,"key":"REST"},{"floor":13,"key":"REST"},{"data":"Force Field","floor":15,"key":"SMITH"}],"neow_cost":"NONE","seed_source_timestamp":349299223593221,"circlet_count":0,"master_deck":["Strike_B","Strike_B","Strike_B","Strike_B","Defend_B","Defend_B","Defend_B","Defend_B","Zap","Dualcast","Amplify","Force Field+1","Streamline","Electrodynamics","Static Discharge","BootSequence","Machine Learning","Thunder Strike","Reboot"],"relics":["Cracked Core","Art of War","Strawberry","Cables","Anchor","Bird Faced Urn"],"potions_floor_usage":[4,16,18,23,23],"damage_taken":[{"damage":1,"enemies":"Cultist","floor":1,"turns":3},{"damage":7,"enemies":"Small Slimes","floor":2,"turns":3},{"damage":1,"enemies":"2 Louse","floor":3,"turns":3},{"damage":21,"enemies":"Blue Slaver","floor":4,"turns":3},{"damage":10,"enemies":"Exordium Thugs","floor":5,"turns":5},{"damage":12,"enemies":"3 Sentries","floor":6,"turns":4},{"damage":4,"enemies":"2 Fungi Beasts","floor":7,"turns":4},{"damage":15,"enemies":"Lagavulin","floor":8,"turns":6},{"damage":0,"enemies":"Exordium Wildlife","floor":11,"turns":2},{"damage":0,"enemies":"3 Sentries","floor":14,"turns":2},{"damage":33,"enemies":"Slime Boss","floor":16,"turns":7},{"damage":7,"enemies":"Shell Parasite","floor":18,"turns":6},{"damage":2,"enemies":"3 Byrds","floor":19,"turns":2},{"damage":25,"enemies":"Cultist and Chosen","floor":20,"turns":5},{"damage":29,"enemies":"Snake Plant","floor":21,"turns":4},{"damage":49,"enemies":"Book of Stabbing","floor":23,"turns":4}],"seed_played":"2746322153873524628","potions_obtained":[{"floor":3,"key":"PowerPotion"},{"floor":4,"key":"Energy Potion"},{"floor":8,"key":"LiquidBronze"},{"floor":16,"key":"Block Potion"},{"floor":20,"key":"AttackPotion"}],"is_trial":false,"path_per_floor":["M","M","M","M","M","E","M","E","T","R","M","$","R","E","R","B",null,"M","M","M","M","?"],"character_chosen":"DEFECT","items_purchased":["Anchor"],"campfire_rested":2,"item_purchase_floors":[12],"current_hp_per_floor":[74,67,66,45,35,23,19,11,11,35,35,35,59,59,59,36,82,77,80,59,40,40,0],"gold":326,"neow_bonus":"ONE_RANDOM_RARE_CARD","is_prod":false,"is_daily":false,"chose_seed":false,"campfire_upgraded":1,"win_rate":0,"timestamp":1530055826,"path_taken":["M","?","M","M","M","E","M","E","T","R","M","$","R","E","R","BOSS","M","M","M","M","?","E"],"build_version":"2018-06-21v2","purchased_purges":0,"victory":false,"max_hp_per_floor":[75,75,75,75,75,75,75,82,82,82,82,82,82,82,82,82,82,82,82,82,82,82,82],"card_choices":[{"not_picked":["Hologram","Beam Cell"],"picked":"Force Field","floor":1},{"not_picked":["Stack","Sweeping Beam"],"picked":"Streamline","floor":2},{"not_picked":["Leap","Gash","Go for the Eyes"],"picked":"SKIP","floor":3},{"not_picked":["Leap","Turbo","Steam"],"picked":"SKIP","floor":4},{"not_picked":["Turbo","Sweeping Beam"],"picked":"Electrodynamics","floor":5},{"not_picked":["Electrodynamics","Auto Shields"],"picked":"Static Discharge","floor":6},{"not_picked":["Steam","Cold Snap"],"picked":"BootSequence","floor":7},{"not_picked":["Reboot","Redo"],"picked":"Machine Learning","floor":8},{"not_picked":["Sweeping Beam","Beam Cell","Coolheaded"],"picked":"SKIP","floor":11},{"not_picked":["Turbo","Go for the Eyes"],"picked":"Thunder Strike","floor":14},{"not_picked":["Electrodynamics","Thunder Strike"],"picked":"Reboot","floor":16},{"not_picked":["Beam Cell","Ball Lightning","Cold Snap"],"picked":"SKIP","floor":18},{"not_picked":["Redo","Scrape+1","Gash+1"],"picked":"SKIP","floor":19},{"not_picked":["Coolheaded","Rebound","Ball Lightning"],"picked":"SKIP","floor":20},{"not_picked":["Conserve Battery","Darkness+1","Steam"],"picked":"SKIP","floor":21}],"player_experience":433977,"relics_obtained":[{"floor":6,"key":"Art of War"},{"floor":8,"key":"Strawberry"},{"floor":9,"key":"Cables"},{"floor":14,"key":"Bird Faced Urn"}],"event_choices":[{"event_name":"The Woman in Blue","player_choice":"Bought 0 Potions","floor":22,"damage_taken":0}],"boss_relics":[{"not_picked":["Busted Crown","Runic Dome","Velvet Choker"]}],"items_purged_floors":[],"is_endless":false,"potions_floor_spawned":[3,4,8,16,20],"killed_by":"Book of Stabbing","ascension_level":4}