{"gold_per_floor":[116,136,146,146,158,185,185,185,185,185,215,215,230,249,249,345,345,363,41,56,76,92,92,92,104,104,19,31,31,31,31,31,133,133,152,152,170,189,189,189,189,189,189,200,9,9,9,25,25,25],"floor_reached":50,"playtime":1960,"items_purged":[],"score":506,"play_id":"e31e5924-bdd3-4b1e-bc8f-070706a59c35","local_time":"20190222151258","is_ascension_mode":false,"campfire_choices":[{"data":"Clothesline","floor":7,"key":"SMITH"},{"data":"Whirlwind","floor":10,"key":"SMITH"},{"floor":12,"key":"REST"},{"data":"Inflame","floor":15,"key":"SMITH"},{"data":"Shockwave","floor":23,"key":"SMITH"},{"floor":30,"key":"REST"},{"floor":32,"key":"REST"},{"floor":40,"key":"REST"},{"floor":42,"key":"REST"},{"floor":47,"key":"REST"},{"floor":49,"key":"REST"}],"neow_cost":"NONE","seed_source_timestamp":13016276756148,"circlet_count":0,"master_deck":["Strike_R","Strike_R","Strike_R","Strike_R","Strike_R","Defend_R","Defend_R","Defend_R","Defend_R","Bash+1","Shrug It Off","Disarm","Inflame+1","Whirlwind+1","Clothesline+1","Reaper","Pummel","Demon Form","Clash+1","Shockwave+1","Heavy Blade","Evolve","Pommel Strike+1","Feed","Headbutt+1","Corruption","Violence","Rampage+1"],"relics":["Burning Blood","Orichalcum","Ornamental Fan","Turnip","Philosopher\u0027s Stone","Strange Spoon","MutagenicStrength","Singing Bowl","Omamori","Orrery","Shuriken","Medical Kit","Gremlin Horn"],"potions_floor_usage":[6,21,28,35,41,50,50],"damage_taken":[{"damage":4,"enemies":"Small Slimes","floor":1,"turns":3},{"damage":2,"enemies":"Cultist","floor":2,"turns":4},{"damage":5,"enemies":"2 Louse","floor":3,"turns":3},{"damage":19,"enemies":"Lots of Slimes","floor":5,"turns":6},{"damage":39,"enemies":"3 Sentries","floor":6,"turns":7},{"damage":4,"enemies":"Gremlin Nob","floor":11,"turns":3},{"damage":1,"enemies":"3 Louse","floor":13,"turns":2},{"damage":4,"enemies":"Blue Slaver","floor":14,"turns":4},{"damage":26,"enemies":"Hexaghost","floor":16,"turns":11},{"damage":6,"enemies":"3 Byrds","floor":18,"turns":5},{"damage":17,"enemies":"Spheric Guardian","floor":20,"turns":4},{"damage":25,"enemies":"Snake Plant","floor":21,"turns":3},{"damage":3,"enemies":"Centurion and Healer","floor":22,"turns":5},{"damage":34,"enemies":"Cultist and Chosen","floor":25,"turns":6},{"damage":32,"enemies":"Snake Plant","floor":28,"turns":4},{"damage":13,"enemies":"Colosseum Slavers","floor":31,"turns":2},{"damage":57,"enemies":"Collector","floor":33,"turns":9},{"damage":9,"enemies":"3 Darklings","floor":35,"turns":3},{"damage":23,"enemies":"Orb Walker","floor":37,"turns":4},{"damage":65,"enemies":"Sphere and 2 Shapes","floor":38,"turns":6},{"damage":18,"enemies":"Writhing Mass","floor":41,"turns":4},{"damage":14,"enemies":"Maw","floor":44,"turns":6},{"damage":42,"enemies":"3 Darklings","floor":48,"turns":3},{"damage":113,"enemies":"Donu and Deca","floor":50,"turns":6}],"seed_played":"2588781673444532317","potions_obtained":[{"floor":2,"key":"Fire Potion"},{"floor":3,"key":"Regen Potion"},{"floor":11,"key":"FearPotion"},{"floor":21,"key":"SmokeBomb"},{"floor":25,"key":"LiquidBronze"},{"floor":38,"key":"Fire Potion"},{"floor":44,"key":"Fire Potion"},{"floor":48,"key":"Dexterity Potion"}],"is_trial":false,"path_per_floor":["M","M","M","?","M","E","R","$","T","R","E","R","M","M","R","B",null,"M","$","M","M","M","R","?","M","T","?","M","$","R","?","R","B",null,"M","?","M","M","?","R","M","R","T","M","$","?","R","M","R","B"],"character_chosen":"IRONCLAD","items_purchased":["Strange Spoon","Shockwave","Heavy Blade","Medical Kit"],"campfire_rested":7,"item_purchase_floors":[19,19,19,45],"current_hp_per_floor":[88,88,88,88,75,57,57,57,57,57,59,85,88,88,88,78,88,88,88,77,58,61,61,61,47,47,47,29,29,56,49,76,35,98,97,97,83,29,29,61,55,87,87,92,92,92,113,91,113,0],"gold":25,"neow_bonus":"TEN_PERCENT_HP_BONUS","is_prod":false,"is_daily":false,"chose_seed":false,"campfire_upgraded":4,"win_rate":0,"timestamp":1550869978,"path_taken":["M","M","M","?","M","E","R","$","T","R","E","R","M","M","R","BOSS","M","$","M","M","?","R","?","M","T","?","M","$","R","?","R","BOSS","M","?","M","?","?","R","M","R","T","M","$","?","R","?","R","BOSS"],"build_version":"2019-01-23","purchased_purges":0,"victory":false,"max_hp_per_floor":[88,88,88,88,88,88,88,88,88,88,88,88,88,88,88,88,88,88,88,88,88,88,88,88,88,88,88,90,90,90,90,90,90,98,100,100,103,108,108,108,108,108,108,113,113,113,113,113,113,113],"card_choices":[{"not_picked":["Sword Boomerang","Anger"],"picked":"Shrug It Off","floor":1},{"not_picked":["Flex","Burning Pact"],"picked":"Disarm","floor":2},{"not_picked":["Warcry","Bloodletting"],"picked":"Inflame","floor":3},{"not_picked":["Clash","Reckless Charge"],"picked":"Whirlwind","floor":5},{"not_picked":["Havoc","Perfected Strike"],"picked":"Clothesline","floor":6},{"not_picked":["Intimidate","Pommel Strike"],"picked":"Reaper","floor":11},{"not_picked":["Rage","Clothesline"],"picked":"Pummel","floor":13},{"not_picked":["Thunderclap","Anger","Body Slam"],"picked":"SKIP","floor":14},{"not_picked":["Offering","Immolate"],"picked":"Demon Form","floor":16},{"not_picked":["Entrench","Headbutt"],"picked":"Clash+1","floor":18},{"not_picked":["Wild Strike","Havoc","Thunderclap+1"],"picked":"SKIP","floor":20},{"not_picked":["Clash","Sword Boomerang","Headbutt"],"picked":"SKIP","floor":21},{"not_picked":["Twin Strike","Cleave"],"picked":"Evolve","floor":22},{"not_picked":["Clash+1","Twin Strike"],"picked":"Pommel Strike+1","floor":25},{"not_picked":["Wild Strike+1","Twin Strike","Clash"],"picked":"Singing Bowl","floor":28},{"not_picked":["Reaper","Impervious"],"picked":"Feed","floor":33},{"not_picked":["Flex","Heavy Blade","True Grit+1"],"picked":"Singing Bowl","floor":34},{"not_picked":["Thunderclap+1","Flex"],"picked":"Headbutt+1","floor":34},{"not_picked":["Warcry","Hemokinesis+1","Clothesline+1"],"picked":"Singing Bowl","floor":34},{"not_picked":["Clash+1","Flame Barrier","Sword Boomerang"],"picked":"Singing Bowl","floor":34},{"not_picked":["Thunderclap","Twin Strike+1","Heavy Blade"],"picked":"Singing Bowl","floor":34},{"not_picked":["Clothesline+1","Havoc+1","Thunderclap+1"],"picked":"Singing Bowl","floor":35},{"not_picked":["Sword Boomerang+1","True Grit"],"picked":"Corruption","floor":37},{"not_picked":["Perfected Strike","Rage+1","Metallicize+1"],"picked":"Singing Bowl","floor":38},{"not_picked":["Flash of Steel","Impatience"],"picked":"Violence","floor":39},{"not_picked":["Cleave+1","Wild Strike+1","Warcry"],"picked":"Singing Bowl","floor":44},{"not_picked":["Flex+1","Corruption"],"picked":"Rampage+1","floor":48}],"player_experience":305856,"relics_obtained":[{"floor":6,"key":"Orichalcum"},{"floor":9,"key":"Ornamental Fan"},{"floor":11,"key":"Turnip"},{"floor":26,"key":"Singing Bowl"},{"floor":43,"key":"Shuriken"}],"event_choices":[{"damage_healed":0,"gold_gain":0,"player_choice":"Forge","damage_taken":0,"max_hp_gain":0,"max_hp_loss":0,"event_name":"Accursed Blacksmith","floor":4,"gold_loss":0,"cards_upgraded":["Bash"]},{"damage_healed":0,"gold_gain":0,"player_choice":"Inject Mutagens","damage_taken":0,"relics_obtained":["MutagenicStrength"],"max_hp_gain":0,"max_hp_loss":0,"event_name":"Drug Dealer","floor":24,"gold_loss":0},{"damage_healed":0,"gold_gain":0,"player_choice":"Obtained Relic","damage_taken":0,"relics_obtained":["Omamori"],"max_hp_gain":0,"max_hp_loss":0,"event_name":"Addict","floor":27,"gold_loss":85},{"damage_healed":0,"gold_gain":0,"player_choice":"Fight","damage_taken":0,"max_hp_gain":0,"max_hp_loss":0,"event_name":"Colosseum","floor":31,"gold_loss":0},{"damage_healed":0,"gold_gain":0,"player_choice":"Fled From Nobs","damage_taken":0,"max_hp_gain":0,"max_hp_loss":0,"event_name":"Colosseum","floor":31,"gold_loss":0},{"damage_healed":0,"gold_gain":0,"player_choice":"Ignored","damage_taken":0,"max_hp_gain":0,"max_hp_loss":0,"event_name":"Purifier","floor":36,"gold_loss":0},{"damage_healed":0,"gold_gain":0,"player_choice":"Memory 1","damage_taken":0,"max_hp_gain":0,"max_hp_loss":0,"event_name":"SensoryStone","floor":39,"gold_loss":0},{"damage_healed":0,"gold_gain":0,"player_choice":"Gave Potion","damage_taken":0,"relics_obtained":["Gremlin Horn"],"max_hp_gain":0,"max_hp_loss":0,"event_name":"WeMeetAgain","floor":46,"gold_loss":0}],"is_beta":false,"boss_relics":[{"not_picked":["Tiny House","Eternal Feather"],"picked":"Philosopher\u0027s Stone"},{"not_picked":["Runic Dome","Runic Pyramid"],"picked":"Orrery"}],"items_purged_floors":[],"is_endless":false,"potions_floor_spawned":[2,3,11,21,25,31,38,44,48],"killed_by":"Donu and Deca","ascension_level":0}