{"path_per_floor":["M","M","M","?","?","E","R","E","T","?","M","R","$","E","R"],"character_chosen":"THE_SILENT","items_purchased":["Oddly Smooth Stone"],"gold_per_floor":[111,123,139,139,139,170,170,195,222,187,205,205,60,85,85,85],"floor_reached":16,"campfire_rested":0,"playtime":1338,"current_hp_per_floor":[69,69,69,57,57,35,35,3,3,20,20,20,20,20,20,0],"items_purged":[],"gold":85,"score":143,"play_id":"7cb0d6e4-830d-4781-8219-592283ce3dec","local_time":"20180427232542","is_prod":false,"is_daily":false,"chose_seed":false,"is_ascension_mode":false,"campfire_upgraded":3,"timestamp":1524864342,"path_taken":["M","M","M","?","?","E","R","E","T","?","M","R","$","E","R","BOSS"],"build_version":"2018-04-26","seed_source_timestamp":428354478558406,"purchased_purges":0,"victory":false,"master_deck":["Defend_G","Defend_G","Defend_G","Defend_G","Defend_G","Strike_G","Strike_G","Strike_G","Strike_G","Strike_G","Survivor","Neutralize","Flechettes","Setup","Footwork+1","Envenom","Good Instincts+1","Blur+1","Predator","Bouncing Flask","Catalyst"],"max_hp_per_floor":[70,70,70,70,70,70,70,70,70,70,70,70,70,70,70,70],"relics":["Ring of the Snake","Juzu Bracelet","Art of War","Centennial Puzzle","Prayer Wheel","Oddly Smooth Stone","The Courier"],"card_choices":[{"not_picked":["Acrobatics","Eviscerate"],"picked":"Flechettes","floor":1},{"not_picked":["Sucker Punch","Backflip"],"picked":"Setup","floor":2},{"not_picked":["Underhanded Strike","Skewer"],"picked":"Footwork","floor":3},{"not_picked":["PiercingWail","Flying Knee"],"picked":"Blur","floor":6},{"not_picked":["Sucker Punch","Deadly Poison"],"picked":"Predator","floor":8},{"not_picked":["Choke","Skewer"],"picked":"Bouncing Flask","floor":11},{"not_picked":["Deflect","Backflip"],"picked":"Catalyst","floor":14}],"player_experience":217299,"potions_floor_usage":[6,8,16,16],"damage_taken":[{"damage":1,"enemies":"Jaw Worm","floor":1,"turns":5},{"damage":0,"enemies":"2 Louse","floor":2,"turns":3},{"damage":0,"enemies":"Cultist","floor":3,"turns":4},{"damage":22,"enemies":"Lagavulin","floor":6,"turns":8},{"damage":32,"enemies":"Gremlin Nob","floor":8,"turns":7},{"damage":0,"enemies":"3 Louse","floor":11,"turns":3},{"damage":0,"enemies":"Lagavulin","floor":14,"turns":7},{"damage":26,"enemies":"Slime Boss","floor":16,"turns":15}],"event_choices":[{"event_name":"Scrap Ooze","player_choice":"success","floor":4,"damage_taken":12},{"event_name":"Match and Keep!","player_choice":"2 cards matched","floor":5,"damage_taken":0},{"event_name":"The Cleric","player_choice":"Healed","floor":10,"damage_taken":0}],"boss_relics":[],"potions_floor_spawned":[2,6,8,14],"seed_played":"4979756153613978178","killed_by":"Slime Boss","ascension_level":0,"is_trial":false}