{"gold_per_floor":[111,111,123,155,187,199,242,254,321,333,355,385,424,456,468,480],"floor_reached":16,"playtime":988,"items_purged":[],"score":123,"play_id":"0c6c0dac-e6d1-4043-a5db-ccee16394d3d","local_time":"20180923171907","is_ascension_mode":true,"campfire_choices":[{"data":"Armaments","floor":6,"key":"SMITH"},{"data":"Disarm","floor":8,"key":"SMITH"},{"data":"Fire Breathing","floor":15,"key":"SMITH"}],"neow_cost":"CURSE","seed_source_timestamp":710064739334168,"circlet_count":0,"master_deck":["Strike_R","Strike_R","Strike_R","Strike_R","Strike_R","Defend_R","Defend_R","Defend_R","Defend_R","Bash","Normality","Impervious","Armaments+1","Iron Wave","Pummel","Disarm+1","Bloodletting","Reaper","Armaments","Fire Breathing+1"],"relics":["Burning Blood","MawBank","Happy Flower","Oddly Smooth Stone","Pen Nib"],"potions_floor_usage":[13],"damage_taken":[{"damage":8,"enemies":"Jaw Worm","floor":1,"turns":5},{"damage":4,"enemies":"Small Slimes","floor":4,"turns":5},{"damage":1,"enemies":"Cultist","floor":5,"turns":3},{"damage":27,"enemies":"3 Sentries","floor":7,"turns":13},{"damage":7,"enemies":"Blue Slaver","floor":11,"turns":4},{"damage":0,"enemies":"2 Fungi Beasts","floor":12,"turns":5},{"damage":17,"enemies":"Gremlin Nob","floor":13,"turns":6},{"damage":29,"enemies":"Gremlin Gang","floor":14,"turns":7},{"damage":47,"enemies":"Slime Boss","floor":16,"turns":7}],"seed_played":"8815966447097603296","potions_obtained":[{"floor":1,"key":"LiquidBronze"},{"floor":7,"key":"Energy Potion"},{"floor":14,"key":"Dexterity Potion"}],"is_trial":false,"path_per_floor":["M","?","$","M","M","R","E","R","T","?","M","M","E","M","R"],"character_chosen":"IRONCLAD","items_purchased":[],"campfire_rested":0,"item_purchase_floors":[],"current_hp_per_floor":[78,71,71,73,78,78,57,57,57,57,56,62,57,43,43,0],"gold":480,"neow_bonus":"THREE_RARE_CARDS","is_prod":false,"is_daily":false,"chose_seed":false,"campfire_upgraded":3,"win_rate":0,"timestamp":1537737547,"path_taken":["M","?","$","?","M","R","E","R","T","?","?","M","E","M","R","BOSS"],"build_version":"2018-09-20","purchased_purges":0,"victory":false,"max_hp_per_floor":[80,80,80,80,80,80,80,80,80,80,80,80,80,80,80,80],"card_choices":[{"not_picked":["Exhume","Demon Form"],"picked":"Impervious","floor":0},{"not_picked":["Wild Strike","Pummel"],"picked":"Armaments","floor":1},{"not_picked":["Pummel","Anger"],"picked":"Iron Wave","floor":4},{"not_picked":["Feel No Pain","Perfected Strike"],"picked":"Pummel","floor":5},{"not_picked":["Clothesline","True Grit"],"picked":"Disarm","floor":7},{"not_picked":["Thunderclap","Burning Pact"],"picked":"Bloodletting","floor":11},{"not_picked":["Seeing Red","Clothesline"],"picked":"Reaper","floor":12},{"not_picked":["Demon Form","Twin Strike"],"picked":"Armaments","floor":13},{"not_picked":["Havoc","Searing Blow"],"picked":"Fire Breathing","floor":14}],"player_experience":318390,"relics_obtained":[{"floor":7,"key":"Happy Flower"},{"floor":9,"key":"Oddly Smooth Stone"},{"floor":13,"key":"Pen Nib"}],"event_choices":[{"event_name":"Scrap Ooze","player_choice":"success","floor":2,"damage_taken":7},{"event_name":"Liars Game","player_choice":"disagreed","floor":10,"damage_taken":0}],"is_beta":true,"boss_relics":[],"items_purged_floors":[],"is_endless":false,"potions_floor_spawned":[1,7,14],"killed_by":"Slime Boss","ascension_level":2}