{"path_per_floor":["M","M","?","M","M","R","E","R","T","?","M","M","M"],"character_chosen":"DEFECT","items_purchased":[],"gold_per_floor":[112,128,128,146,160,160,195,195,195,370,388,402,427,427],"floor_reached":14,"campfire_rested":1,"playtime":403,"item_purchase_floors":[],"current_hp_per_floor":[75,69,51,51,41,41,5,27,27,27,17,9,4,0],"items_purged":[],"gold":427,"score":94,"play_id":"d949b7d4-a976-4048-9169-3391c928bd91","local_time":"20180605145000","is_prod":false,"is_daily":false,"chose_seed":false,"is_ascension_mode":false,"campfire_upgraded":1,"win_rate":0.0,"timestamp":1528203000,"campfire_choices":[{"data":"Darkness","floor":6,"key":"SMITH"},{"floor":8,"key":"REST"}],"path_taken":["M","M","?","M","M","R","E","R","T","?","M","M","M","E"],"build_version":"2018-05-31","seed_source_timestamp":309970413527380,"purchased_purges":0,"victory":false,"master_deck":["Strike_B","Strike_B","Strike_B","Strike_B","Defend_B","Defend_B","Defend_B","Defend_B","Zap","Dualcast","Rip and Tear","Streamline","Darkness+1","Capacitor","Doubt","Loop","Chill","Doom and Gloom"],"max_hp_per_floor":[75,75,75,75,75,75,75,75,75,75,75,75,75,75],"relics":["Cracked Core","Golden Idol","Du-Vu Doll","Ginger"],"card_choices":[{"not_picked":["Sweeping Beam","Steam"],"picked":"Rip and Tear","floor":1},{"not_picked":["Hologram","Steam Power","Compile Driver"],"picked":"SKIP","floor":2},{"not_picked":["Stack","Turbo"],"picked":"Streamline","floor":4},{"not_picked":["Genetic Algorithm","Sweeping Beam"],"picked":"Darkness","floor":5},{"not_picked":["Thunder Strike","Ball Lightning"],"picked":"Capacitor","floor":7},{"not_picked":["FTL","Coolheaded"],"picked":"Loop","floor":11},{"not_picked":["Hello World","Turbo"],"picked":"Chill","floor":12},{"not_picked":["Beam Cell","Scrape"],"picked":"Doom and Gloom","floor":13}],"player_experience":315574,"potions_floor_usage":[14],"damage_taken":[{"damage":0,"enemies":"Small Slimes","floor":1,"turns":4},{"damage":6,"enemies":"Jaw Worm","floor":2,"turns":3},{"damage":0,"enemies":"2 Louse","floor":4,"turns":1},{"damage":10,"enemies":"2 Fungi Beasts","floor":5,"turns":3},{"damage":36,"enemies":"Lagavulin","floor":7,"turns":6},{"damage":10,"enemies":"Exordium Thugs","floor":11,"turns":3},{"damage":8,"enemies":"Red Slaver","floor":12,"turns":3},{"damage":5,"enemies":"Blue Slaver","floor":13,"turns":3},{"damage":6,"enemies":"3 Sentries","floor":14,"turns":1}],"relics_obtained":[{"floor":7,"key":"Du-Vu Doll"},{"floor":9,"key":"Ginger"}],"event_choices":[{"event_name":"Golden Idol","player_choice":"Take Damage","floor":3,"damage_taken":0},{"event_name":"Liars Game","player_choice":"agreed","floor":10,"damage_taken":0}],"boss_relics":[],"items_purged_floors":[],"potions_floor_spawned":[1,2,4,13],"seed_played":"45642420857815834","killed_by":"3 Sentries","ascension_level":0,"potions_obtained":[{"floor":1,"key":"Weak Potion"},{"floor":2,"key":"SpeedPotion"},{"floor":4,"key":"FearPotion"},{"floor":13,"key":"AttackPotion"}],"is_trial":false}