{"gold_per_floor":[113,113,123,73,86,86,112,112,112,37,72,72,72,147,147,250,250,264,179,179,6,18,18,18,35,58,58,76,76,76],"floor_reached":30,"playtime":713,"items_purged":["Strike_R","Strike_R"],"score":234,"play_id":"eadcbdf6-2b41-42e7-86c4-02933f1be6e3","local_time":"20190304171647","is_ascension_mode":false,"campfire_choices":[{"data":"Swift Strike","floor":6,"key":"SMITH"},{"data":"Whirlwind","floor":8,"key":"SMITH"},{"floor":13,"key":"REST"},{"floor":15,"key":"REST"},{"data":"Metallicize","floor":23,"key":"SMITH"},{"data":"Limit Break","floor":29,"key":"SMITH"}],"neow_cost":"TEN_PERCENT_HP_LOSS","seed_source_timestamp":26979618739512,"circlet_count":0,"master_deck":["Defend_R","Defend_R","Defend_R","Defend_R","Bash+1","Swift Strike+1","Trip","Whirlwind+1","Limit Break+1","Metallicize+1","Shame"],"relics":["Burning Blood","Letter Opener","Blue Candle","Kunai","Cursed Key","Orichalcum","Nilry\u0027s Codex","Whetstone","Darkstone Periapt"],"potions_floor_usage":[7,16,30],"damage_taken":[{"damage":6,"enemies":"Jaw Worm","floor":1,"turns":2},{"damage":1,"enemies":"Cultist","floor":3,"turns":4},{"damage":3,"enemies":"2 Louse","floor":5,"turns":2},{"damage":24,"enemies":"Gremlin Nob","floor":7,"turns":5},{"damage":21,"enemies":"3 Sentries","floor":11,"turns":5},{"damage":62,"enemies":"The Guardian","floor":16,"turns":10},{"damage":20,"enemies":"2 Thieves","floor":18,"turns":3},{"damage":5,"enemies":"Shell Parasite","floor":22,"turns":5},{"damage":12,"enemies":"Centurion and Healer","floor":25,"turns":5},{"damage":11,"enemies":"Sentry and Sphere","floor":28,"turns":4},{"damage":42,"enemies":"Book of Stabbing","floor":30,"turns":4}],"seed_played":"8667352567490326733","potions_obtained":[{"floor":1,"key":"Weak Potion"},{"floor":16,"key":"Fruit Juice"},{"floor":18,"key":"LiquidBronze"}],"is_trial":false,"path_per_floor":["M","?","M","?","M","R","E","R","T","$","E","?","R","?","R","B",null,"M","?","?","$","M","R","?","M","T","?","M","R","E"],"character_chosen":"IRONCLAD","items_purchased":["Metallicize"],"campfire_rested":2,"item_purchase_floors":[21],"current_hp_per_floor":[72,72,72,72,72,72,54,54,54,54,39,39,60,49,70,19,77,63,63,47,47,48,48,48,42,42,42,37,37,0],"gold":76,"neow_bonus":"RANDOM_COLORLESS_2","is_prod":false,"is_daily":false,"chose_seed":false,"campfire_upgraded":4,"win_rate":0,"timestamp":1551741407,"path_taken":["M","?","?","?","M","R","E","R","T","$","E","?","R","?","R","BOSS","M","?","?","?","?","R","?","M","T","?","M","R","E"],"build_version":"2019-01-23","purchased_purges":2,"victory":false,"max_hp_per_floor":[72,72,72,72,72,72,72,72,72,72,72,72,72,72,72,77,77,77,77,77,77,77,77,77,77,77,77,77,77,77],"card_choices":[{"not_picked":["True Grit","Anger","Warcry"],"picked":"SKIP","floor":1},{"not_picked":["Havoc","Twin Strike","Sword Boomerang"],"picked":"SKIP","floor":3},{"not_picked":["Headbutt","Thunderclap","Warcry"],"picked":"SKIP","floor":5},{"not_picked":["Rage","Berserk"],"picked":"Whirlwind","floor":7},{"not_picked":["Twin Strike","Anger","Perfected Strike"],"picked":"SKIP","floor":11},{"not_picked":["Brutality","Offering"],"picked":"Limit Break","floor":16},{"not_picked":["Havoc+1","Thunderclap","Cleave"],"picked":"SKIP","floor":18},{"not_picked":["Iron Wave","Armaments","Twin Strike"],"picked":"SKIP","floor":22},{"not_picked":["Body Slam","Carnage+1","Armaments"],"picked":"SKIP","floor":25},{"not_picked":["Burning Pact","Armaments","Headbutt+1"],"picked":"SKIP","floor":28}],"player_experience":521769,"relics_obtained":[{"floor":7,"key":"Letter Opener"},{"floor":9,"key":"Blue Candle"},{"floor":11,"key":"Kunai"},{"floor":20,"key":"Nilry\u0027s Codex"},{"floor":26,"key":"Whetstone"}],"event_choices":[{"cards_removed":["Strike_R"],"damage_healed":0,"gold_gain":0,"player_choice":"Purged","damage_taken":0,"max_hp_gain":0,"max_hp_loss":0,"event_name":"Purifier","floor":2,"gold_loss":0},{"cards_removed":["Strike_R"],"damage_healed":0,"gold_gain":0,"player_choice":"Card Removal","damage_taken":0,"max_hp_gain":0,"max_hp_loss":0,"event_name":"The Cleric","floor":4,"gold_loss":50},{"cards_removed":["Strike_R"],"damage_healed":0,"gold_gain":0,"player_choice":"Forget","damage_taken":0,"max_hp_gain":0,"max_hp_loss":0,"event_name":"Living Wall","floor":12,"gold_loss":0},{"damage_healed":0,"gold_gain":75,"player_choice":"Gather Gold","damage_taken":11,"max_hp_gain":0,"max_hp_loss":0,"event_name":"World of Goop","floor":14,"gold_loss":0},{"damage_healed":0,"gold_gain":0,"player_choice":"Obtained Relic","damage_taken":0,"relics_obtained":["Orichalcum"],"max_hp_gain":0,"max_hp_loss":0,"event_name":"Addict","floor":19,"gold_loss":85},{"damage_healed":0,"gold_gain":0,"player_choice":"Obtained Book","damage_taken":16,"max_hp_gain":0,"max_hp_loss":0,"event_name":"Cursed Tome","floor":20,"gold_loss":0},{"damage_healed":0,"gold_gain":0,"player_choice":"Ignored","damage_taken":0,"max_hp_gain":0,"max_hp_loss":0,"event_name":"Vampires","floor":24,"gold_loss":0},{"damage_healed":0,"gold_gain":0,"player_choice":"Opened","damage_taken":0,"relics_obtained":["Darkstone Periapt"],"max_hp_gain":0,"max_hp_loss":0,"event_name":"The Mausoleum","floor":27,"gold_loss":0}],"is_beta":false,"boss_relics":[{"not_picked":["Mark of Pain","Pandora\u0027s Box"],"picked":"Cursed Key"}],"items_purged_floors":[10,21],"is_endless":false,"potions_floor_spawned":[1,16,18],"killed_by":"Book of Stabbing","ascension_level":0}