{"gold_per_floor":[109,122,138,155,172,172,191,216,240,260,260,290,290,303,303,398,398,415,415,434,434,21,52,77,89,101,113,125,137,163,175],"floor_reached":31,"playtime":1502,"items_purged":[],"score":294,"play_id":"efcf1f63-1468-43c3-a967-47731b18cb74","local_time":"20190211000059","is_ascension_mode":false,"campfire_choices":[{"floor":6,"key":"REST"},{"floor":11,"key":"REST"},{"floor":15,"key":"REST"},{"floor":27,"key":"REST"},{"floor":29,"key":"REST"}],"neow_cost":"TEN_PERCENT_HP_LOSS","seed_source_timestamp":50115407997870,"circlet_count":0,"master_deck":["Strike_B","Strike_B","Defend_B","Defend_B","Defend_B","Defend_B","Zap","Dualcast","Go for the Eyes+1","Rip and Tear+1","Streamline+1","Compile Driver","Streamline","Hello World","Streamline","Redo","Redo","Streamline","Defragment","Echo Form","Electrodynamics","Redo","Tempest","Decay","Loop","Buffer","Sweeping Beam","Genetic Algorithm+1"],"relics":["Cracked Core","Cables","Potion Belt","Bottled Flame","Lizard Tail","Whetstone","Toy Ornithopter","MawBank","NlothsMask"],"potions_floor_usage":[8,12,20,23,23,24],"damage_taken":[{"damage":0,"enemies":"Cultist","floor":1,"turns":3},{"damage":0,"enemies":"Small Slimes","floor":2,"turns":2},{"damage":0,"enemies":"2 Louse","floor":3,"turns":2},{"damage":18,"enemies":"Exordium Thugs","floor":4,"turns":4},{"damage":12,"enemies":"Blue Slaver","floor":5,"turns":3},{"damage":12,"enemies":"Exordium Wildlife","floor":7,"turns":3},{"damage":19,"enemies":"3 Sentries","floor":8,"turns":6},{"damage":13,"enemies":"Gremlin Gang","floor":10,"turns":4},{"damage":10,"enemies":"Lagavulin","floor":12,"turns":5},{"damage":3,"enemies":"Large Slime","floor":14,"turns":4},{"damage":14,"enemies":"Slime Boss","floor":16,"turns":6},{"damage":30,"enemies":"2 Thieves","floor":18,"turns":3},{"damage":25,"enemies":"Shell Parasite","floor":20,"turns":6},{"damage":51,"enemies":"Gremlin Leader","floor":23,"turns":8},{"damage":4,"enemies":"Centurion and Healer","floor":24,"turns":6},{"damage":32,"enemies":"Sentry and Sphere","floor":30,"turns":4},{"damage":24,"enemies":"Snecko","floor":31,"turns":4}],"seed_played":"2090010888289497534","potions_obtained":[{"floor":3,"key":"SpeedPotion"},{"floor":5,"key":"Strength Potion"},{"floor":7,"key":"Weak Potion"},{"floor":12,"key":"Poison Potion"},{"floor":14,"key":"Dexterity Potion"},{"floor":20,"key":"FearPotion"},{"floor":23,"key":"Block Potion"}],"is_trial":false,"path_per_floor":["M","M","M","M","M","R","M","E","T","M","R","E","?","M","R","B",null,"M","?","M","?","$","E","M","?","T","R","$","R","M","M"],"character_chosen":"DEFECT","items_purchased":["Whetstone","Toy Ornithopter","Loop"],"campfire_rested":5,"item_purchase_floors":[22,22,22],"current_hp_per_floor":[68,68,68,50,38,58,46,27,27,14,34,24,24,21,41,27,68,38,38,13,13,13,7,8,8,8,28,28,48,16,0],"gold":175,"neow_bonus":"TRANSFORM_TWO_CARDS","is_prod":false,"is_daily":false,"chose_seed":false,"campfire_upgraded":0,"win_rate":0.0,"timestamp":1549864859,"path_taken":["M","M","M","M","M","R","M","E","T","?","R","E","?","M","R","BOSS","M","?","M","?","$","E","?","?","T","R","?","R","M","M"],"build_version":"2019-01-23","purchased_purges":0,"victory":false,"max_hp_per_floor":[68,68,68,68,68,68,68,68,68,68,68,68,68,68,68,68,68,68,68,68,68,68,68,68,68,68,68,68,68,68,68],"card_choices":[{"not_picked":["Scrape","Barrage"],"picked":"Streamline","floor":1},{"not_picked":["Storm","Fusion"],"picked":"Compile Driver","floor":2},{"not_picked":["Gash","Redo"],"picked":"Streamline","floor":3},{"not_picked":["Hyperbeam","Chaos"],"picked":"Hello World","floor":4},{"not_picked":["Rebound","Gash"],"picked":"Streamline","floor":5},{"not_picked":["Leap","Gash"],"picked":"Redo","floor":7},{"not_picked":["Thunder Strike","Leap"],"picked":"Redo","floor":8},{"not_picked":["Leap","Turbo"],"picked":"Streamline","floor":10},{"not_picked":["Streamline","Sweeping Beam"],"picked":"Defragment","floor":12},{"not_picked":["Steam","Coolheaded"],"picked":"Echo Form","floor":14},{"not_picked":["Meteor Strike","Seek"],"picked":"Electrodynamics","floor":16},{"not_picked":["Beam Cell","Rebound"],"picked":"Redo","floor":18},{"not_picked":["Stack","Barrage"],"picked":"Tempest","floor":20},{"not_picked":["Barrage+1","Sweeping Beam"],"picked":"Buffer","floor":23},{"not_picked":["Blizzard","Compile Driver"],"picked":"Sweeping Beam","floor":24},{"not_picked":["Doom and Gloom","Force Field"],"picked":"Genetic Algorithm+1","floor":30}],"player_experience":37339,"relics_obtained":[{"floor":8,"key":"Cables"},{"floor":9,"key":"Potion Belt"},{"floor":12,"key":"Bottled Flame"},{"floor":23,"key":"MawBank"}],"event_choices":[{"damage_healed":0,"gold_gain":0,"player_choice":"Grow","damage_taken":0,"max_hp_gain":0,"max_hp_loss":0,"event_name":"Living Wall","floor":13,"gold_loss":0,"cards_upgraded":["Streamline"]},{"damage_healed":0,"gold_gain":0,"player_choice":"Ignored","damage_taken":0,"max_hp_gain":0,"max_hp_loss":0,"event_name":"Beggar","floor":19,"gold_loss":0},{"damage_healed":0,"gold_gain":0,"player_choice":"Smashed Altar","damage_taken":0,"max_hp_gain":0,"max_hp_loss":0,"event_name":"Forgotten Altar","floor":21,"gold_loss":0,"cards_obtained":["Decay"]},{"damage_healed":0,"gold_gain":0,"player_choice":"Trade","damage_taken":0,"relics_obtained":["NlothsMask"],"max_hp_gain":0,"max_hp_loss":0,"event_name":"FaceTrader","floor":25,"gold_loss":0}],"is_beta":false,"boss_relics":[{"not_picked":["Orrery","Fusion Hammer"],"picked":"Lizard Tail"}],"items_purged_floors":[],"is_endless":false,"potions_floor_spawned":[3,5,7,12,14,20,23],"killed_by":"Snecko","ascension_level":0}