{"gold_per_floor":[113,113,132,142,160,189,189,215,215,247,247],"floor_reached":11,"playtime":316,"items_purged":[],"score":135,"play_id":"b007bc6e-8f70-448e-a2a0-9f098f658af2","local_time":"20190115103334","is_ascension_mode":true,"campfire_choices":[{"floor":7,"key":"REST"}],"neow_cost":"NONE","seed_source_timestamp":539419462139891,"circlet_count":0,"master_deck":["Strike_B","Strike_B","Strike_B","Defend_B","Defend_B","Defend_B","Defend_B","Zap","Dualcast","Dramatic Entrance","Steam","Hello World","Conserve Battery","Barrage","Coolheaded"],"relics":["Cracked Core","Cables","Singing Bowl","Frozen Egg 2","Dodecahedron"],"potions_floor_usage":[6,10,11],"damage_taken":[{"damage":0,"enemies":"Cultist","floor":1,"turns":3},{"damage":3,"enemies":"2 Louse","floor":3,"turns":2},{"damage":0,"enemies":"Small Slimes","floor":4,"turns":2},{"damage":0,"enemies":"Red Slaver","floor":5,"turns":4},{"damage":50,"enemies":"Gremlin Nob","floor":6,"turns":5},{"damage":14,"enemies":"Lagavulin","floor":8,"turns":6},{"damage":21,"enemies":"Gremlin Nob","floor":10,"turns":4},{"damage":11,"enemies":"Large Slime","floor":11,"turns":1}],"seed_played":"5241039719336942021","potions_obtained":[{"floor":1,"key":"AttackPotion"},{"floor":6,"key":"Strength Potion"},{"floor":10,"key":"Poison Potion"}],"is_trial":false,"path_per_floor":["M","?","M","M","M","E","R","E","T","E","M"],"character_chosen":"DEFECT","items_purchased":[],"campfire_rested":1,"item_purchase_floors":[],"current_hp_per_floor":[68,68,65,65,65,15,37,23,23,4,0],"gold":247,"neow_bonus":"RANDOM_COLORLESS","is_prod":false,"is_daily":false,"chose_seed":false,"campfire_upgraded":0,"win_rate":0,"timestamp":1547544814,"path_taken":["M","?","M","M","?","E","R","E","T","E","M"],"build_version":"2019-01-10","purchased_purges":0,"victory":false,"max_hp_per_floor":[75,75,75,75,75,75,75,75,75,77,77],"card_choices":[{"not_picked":["Gash","Compile Driver"],"picked":"Steam","floor":1},{"not_picked":["Steam","Rebound"],"picked":"Conserve Battery","floor":3},{"not_picked":["Auto Shields","Melter"],"picked":"Barrage","floor":4},{"not_picked":["Ball Lightning","Hologram","Doom and Gloom"],"picked":"SKIP","floor":5},{"not_picked":["Leap","Hello World","Double Energy"],"picked":"SKIP","floor":6},{"not_picked":["Stack","Conserve Battery"],"picked":"Coolheaded","floor":8},{"not_picked":["Scrape","Consume","Coolheaded"],"picked":"Singing Bowl","floor":10}],"player_experience":681045,"relics_obtained":[{"floor":6,"key":"Cables"},{"floor":8,"key":"Singing Bowl"},{"floor":9,"key":"Frozen Egg 2"},{"floor":10,"key":"Dodecahedron"}],"event_choices":[{"damage_healed":0,"gold_gain":0,"cards_transformed":["Strike_B"],"player_choice":"Transformed","damage_taken":0,"max_hp_gain":0,"max_hp_loss":0,"event_name":"Transmorgrifier","floor":2,"gold_loss":0,"cards_obtained":["Hello World"]}],"is_beta":false,"boss_relics":[],"items_purged_floors":[],"is_endless":false,"potions_floor_spawned":[1,6,10],"killed_by":"Large Slime","ascension_level":9}