{"gold_per_floor":[112,124,141,141,160,160,193,160,160,160,172,187,187,152,152,255,255,269,49,60,60,75,105,121,121,195,20,35,35,35,53,53,158,158,172,29,44,64,64,64,0,0,0,0,0,34,34,34,34,34],"floor_reached":50,"playtime":2613,"items_purged":["Strike_R"],"score":613,"play_id":"332bd33e-d1cd-4d1c-b737-e20d34875b5f","local_time":"20190224233829","is_ascension_mode":true,"campfire_choices":[{"data":"Rampage","floor":6,"key":"SMITH"},{"floor":10,"key":"REST"},{"floor":13,"key":"REST"},{"data":"Uppercut","floor":15,"key":"SMITH"},{"floor":25,"key":"REST"},{"data":"Shrug It Off","floor":30,"key":"SMITH"},{"floor":32,"key":"REST"},{"floor":40,"key":"REST"},{"floor":42,"key":"REST"},{"data":"Apotheosis","floor":45,"key":"SMITH"},{"data":"Shrug It Off","floor":49,"key":"SMITH"}],"neow_cost":"NONE","seed_source_timestamp":53718355520865,"circlet_count":0,"master_deck":["Strike_R+1","Strike_R+1","Strike_R+1","Strike_R+1","Defend_R+1","Defend_R+1","Defend_R+1","Defend_R+1","Bash+1","Headbutt","Rampage+1","Twin Strike","Uppercut+1","Battle Trance","Shrug It Off+1","Fiend Fire","Armaments+1","Sentinel","Sword Boomerang+1","Metallicize","Shrug It Off+1","Body Slam","Metallicize","Body Slam+1","Feed","Pommel Strike+1","True Grit+1","Iron Wave+1","Sword Boomerang+1","Apotheosis+1","Sword Boomerang+1","Disarm+1","Anger+1"],"relics":["Burning Blood","Letter Opener","Matryoshka","Velvet Choker","Ancient Tea Set","Mummified Hand","Dream Catcher","Centennial Puzzle","Orrery","Pen Nib","Red Mask","Potion Belt","Mercury Hourglass","Pocketwatch"],"potions_floor_usage":[7,16,16,16,22,28,33,35,46,50],"damage_taken":[{"damage":9,"enemies":"Jaw Worm","floor":1,"turns":3},{"damage":15,"enemies":"Small Slimes","floor":2,"turns":3},{"damage":0,"enemies":"Cultist","floor":3,"turns":2},{"damage":13,"enemies":"Blue Slaver","floor":5,"turns":4},{"damage":40,"enemies":"Lagavulin","floor":7,"turns":4},{"damage":0,"enemies":"Large Slime","floor":11,"turns":4},{"damage":12,"enemies":"3 Louse","floor":12,"turns":4},{"damage":10,"enemies":"Slime Boss","floor":16,"turns":7},{"damage":18,"enemies":"3 Byrds","floor":18,"turns":5},{"damage":0,"enemies":"Spheric Guardian","floor":20,"turns":3},{"damage":0,"enemies":"Snake Plant","floor":22,"turns":2},{"damage":31,"enemies":"Slavers","floor":23,"turns":6},{"damage":8,"enemies":"Centurion and Healer","floor":24,"turns":5},{"damage":3,"enemies":"3 Cultists","floor":28,"turns":7},{"damage":13,"enemies":"Chosen and Byrds","floor":31,"turns":5},{"damage":61,"enemies":"Champ","floor":33,"turns":11},{"damage":12,"enemies":"3 Darklings","floor":35,"turns":11},{"damage":7,"enemies":"Orb Walker","floor":37,"turns":3},{"damage":29,"enemies":"Jaw Worm Horde","floor":38,"turns":6},{"damage":67,"enemies":"Reptomancer","floor":46,"turns":6},{"damage":88,"enemies":"Donu and Deca","floor":50,"turns":7}],"seed_played":"-4910110323246208367","potions_obtained":[{"floor":1,"key":"PowerPotion"},{"floor":2,"key":"LiquidBronze"},{"floor":7,"key":"SteroidPotion"},{"floor":12,"key":"SteroidPotion"},{"floor":20,"key":"AttackPotion"},{"floor":24,"key":"Block Potion"},{"floor":28,"key":"Regen Potion"},{"floor":33,"key":"Fire Potion"},{"floor":37,"key":"Ancient Potion"},{"floor":38,"key":"PowerPotion"}],"is_trial":false,"path_per_floor":["M","M","M","?","M","R","E","?","T","R","M","M","R","?","R","B",null,"M","$","M","?","M","E","M","R","T","$","M","$","R","M","R","B",null,"M","$","M","M","?","R","?","R","T","?","R","E","$","?","R","B"],"character_chosen":"IRONCLAD","items_purchased":["Ancient Tea Set","Centennial Puzzle","Body Slam","Pen Nib"],"campfire_rested":6,"item_purchase_floors":[19,27,27,36],"current_hp_per_floor":[77,68,74,58,51,51,17,17,17,41,47,41,65,80,80,76,79,67,67,73,73,79,54,52,76,76,76,79,79,79,72,80,34,69,63,63,62,42,42,66,66,83,83,83,83,22,22,73,73,0],"gold":34,"neow_bonus":"UPGRADE_CARD","is_prod":false,"is_daily":false,"chose_seed":false,"campfire_upgraded":5,"win_rate":0,"timestamp":1551073109,"path_taken":["M","M","M","?","M","R","E","?","T","R","M","M","R","?","R","BOSS","M","$","M","?","M","E","M","R","T","$","M","?","R","M","R","BOSS","M","$","M","M","?","R","?","R","T","?","R","E","$","?","R","BOSS"],"build_version":"2019-01-23","purchased_purges":1,"victory":false,"max_hp_per_floor":[80,80,80,80,80,80,80,80,80,80,80,80,80,80,80,80,80,80,80,80,80,80,80,80,80,80,80,80,80,80,80,80,80,80,80,80,80,83,83,83,83,83,83,83,83,83,83,73,73,73],"card_choices":[{"not_picked":["Seeing Red","Perfected Strike"],"picked":"Headbutt","floor":1},{"not_picked":["Armaments","Sentinel"],"picked":"Rampage","floor":2},{"not_picked":["Perfected Strike","Havoc"],"picked":"Wild Strike","floor":3},{"not_picked":["Rupture","Searing Blow"],"picked":"Twin Strike","floor":5},{"not_picked":["Spot Weakness","Burning Pact"],"picked":"Uppercut","floor":7},{"not_picked":["Heavy Blade","Flex"],"picked":"Battle Trance","floor":11},{"not_picked":["Sword Boomerang","Bludgeon"],"picked":"Shrug It Off","floor":12},{"not_picked":["Double Tap","Dark Embrace"],"picked":"Fiend Fire","floor":16},{"not_picked":["Wild Strike","Clash"],"picked":"Armaments+1","floor":18},{"not_picked":["Burning Pact+1","Evolve"],"picked":"Sentinel","floor":20},{"not_picked":["Flame Barrier","Clash"],"picked":"Sword Boomerang+1","floor":22},{"not_picked":["Demon Form","Uppercut"],"picked":"Metallicize","floor":23},{"not_picked":["Cleave","Shockwave"],"picked":"Shrug It Off","floor":24},{"not_picked":["Infernal Blade","Thunderclap"],"picked":"Metallicize","floor":28},{"not_picked":["Reckless Charge","Thunderclap+1","Second Wind"],"picked":"SKIP","floor":31},{"not_picked":["Clash","Searing Blow+1"],"picked":"Body Slam+1","floor":32},{"not_picked":["Bludgeon","Dark Embrace"],"picked":"Feed","floor":33},{"not_picked":["Iron Wave","Sword Boomerang"],"picked":"Pommel Strike+1","floor":34},{"not_picked":["Perfected Strike+1","Anger"],"picked":"True Grit+1","floor":34},{"not_picked":["Reckless Charge","Heavy Blade"],"picked":"Iron Wave+1","floor":35},{"not_picked":["Shockwave+1","Thunderclap+1","Limit Break"],"picked":"SKIP","floor":37},{"not_picked":["Cleave+1","Armaments"],"picked":"Sword Boomerang+1","floor":38},{"not_picked":["Transmutation","Blind"],"picked":"Apotheosis","floor":39},{"not_picked":["Inflame+1","Twin Strike"],"picked":"Sword Boomerang+1","floor":40},{"not_picked":["Armaments+1","True Grit"],"picked":"Disarm+1","floor":42},{"not_picked":["Rampage","Perfected Strike+1"],"picked":"Anger+1","floor":46}],"player_experience":376630,"relics_obtained":[{"floor":7,"key":"Letter Opener"},{"floor":9,"key":"Matryoshka"},{"floor":23,"key":"Mummified Hand"},{"floor":26,"key":"Dream Catcher"},{"floor":43,"key":"Potion Belt"},{"floor":43,"key":"Mercury Hourglass"},{"floor":46,"key":"Pocketwatch"}],"event_choices":[{"damage_healed":0,"gold_gain":0,"player_choice":"Entered Light","damage_taken":16,"max_hp_gain":0,"max_hp_loss":0,"event_name":"Shining Light","floor":4,"gold_loss":0,"cards_upgraded":["Strike_R","Defend_R"]},{"damage_healed":0,"gold_gain":0,"player_choice":"Left Gold","damage_taken":0,"max_hp_gain":0,"max_hp_loss":0,"event_name":"World of Goop","floor":8,"gold_loss":33},{"damage_healed":20,"gold_gain":0,"player_choice":"Healed","damage_taken":0,"max_hp_gain":0,"max_hp_loss":0,"event_name":"The Cleric","floor":14,"gold_loss":35},{"damage_healed":0,"gold_gain":0,"player_choice":"Simplicity","damage_taken":0,"max_hp_gain":0,"max_hp_loss":0,"event_name":"Back to Basics","floor":21,"gold_loss":0,"cards_upgraded":["Strike_R","Strike_R","Strike_R","Defend_R","Defend_R","Defend_R"]},{"damage_healed":0,"gold_gain":0,"player_choice":"Memory 1","damage_taken":0,"max_hp_gain":0,"max_hp_loss":0,"event_name":"SensoryStone","floor":39,"gold_loss":0},{"damage_healed":0,"gold_gain":0,"player_choice":"Paid","damage_taken":0,"relics_obtained":["Red Mask"],"max_hp_gain":0,"max_hp_loss":0,"event_name":"Tomb of Lord Red Mask","floor":41,"gold_loss":64},{"cards_removed":["Wild Strike"],"damage_healed":0,"gold_gain":0,"player_choice":"Removed Attack","damage_taken":0,"max_hp_gain":0,"max_hp_loss":0,"event_name":"Falling","floor":44,"gold_loss":0},{"damage_healed":73,"gold_gain":0,"player_choice":"Heal","damage_taken":0,"max_hp_gain":0,"max_hp_loss":10,"event_name":"The Moai Head","floor":48,"gold_loss":0}],"is_beta":false,"boss_relics":[{"not_picked":["Fusion Hammer","Black Blood"],"picked":"Velvet Choker"},{"not_picked":["Busted Crown","Sozu"],"picked":"Orrery"}],"items_purged_floors":[19],"is_endless":false,"potions_floor_spawned":[1,2,7,12,20,24,28,33,37,38],"killed_by":"Donu and Deca","ascension_level":5}