{"gold_per_floor":[117,129,149,53,80,109,124,140,140,173,185,185,185,205,205,309,309,284,300,318,329,329,329],"floor_reached":23,"playtime":1463,"items_purged":[],"score":207,"play_id":"7e041309-4128-4a52-8fa9-2450bc23e507","local_time":"20190225223154","is_ascension_mode":false,"campfire_choices":[{"data":"Armaments","floor":12,"key":"SMITH"},{"data":"Whirlwind","floor":15,"key":"SMITH"}],"neow_cost":"TEN_PERCENT_HP_LOSS","seed_source_timestamp":43880929036838,"circlet_count":0,"master_deck":["Strike_R+1","Strike_R+1","Strike_R+1","Strike_R+1","Strike_R+1","Defend_R+1","Defend_R+1","Defend_R+1","Defend_R+1","Bash+1","Cleave","Twin Strike","Armaments+1","Iron Wave","Spot Weakness","Shrug It Off","Shrug It Off","Disarm","Whirlwind+1","Dark Embrace","Shrug It Off","Iron Wave+1","Dropkick"],"relics":["Burning Blood","Champion Belt","Orichalcum","Dream Catcher","Bag of Preparation","Mango","White Beast Statue"],"potions_floor_usage":[10,10,21,21,23,23],"damage_taken":[{"damage":6,"enemies":"Cultist","floor":1,"turns":3},{"damage":1,"enemies":"Jaw Worm","floor":2,"turns":3},{"damage":8,"enemies":"2 Louse","floor":3,"turns":2},{"damage":29,"enemies":"Lagavulin","floor":6,"turns":7},{"damage":6,"enemies":"Red Slaver","floor":7,"turns":4},{"damage":0,"enemies":"2 Fungi Beasts","floor":8,"turns":2},{"damage":4,"enemies":"3 Sentries","floor":10,"turns":6},{"damage":13,"enemies":"Exordium Thugs","floor":11,"turns":5},{"damage":0,"enemies":"3 Louse","floor":14,"turns":3},{"damage":27,"enemies":"The Guardian","floor":16,"turns":12},{"damage":30,"enemies":"2 Thieves","floor":18,"turns":5},{"damage":0,"enemies":"3 Byrds","floor":19,"turns":4},{"damage":45,"enemies":"Sentry and Sphere","floor":20,"turns":8},{"damage":30,"enemies":"3 Cultists","floor":21,"turns":5},{"damage":18,"enemies":"Slavers","floor":23,"turns":3}],"seed_played":"-4804491535440520244","potions_obtained":[{"floor":6,"key":"AttackPotion"},{"floor":8,"key":"Weak Potion"},{"floor":11,"key":"BloodPotion"},{"floor":18,"key":"Ancient Potion"},{"floor":19,"key":"Explosive Potion"},{"floor":21,"key":"SkillPotion"}],"is_trial":false,"path_per_floor":["M","M","M","$","T","E","M","M","T","E","M","R","?","M","R","B",null,"M","M","M","M","?","E"],"character_chosen":"IRONCLAD","items_purchased":["Iron Wave","Spot Weakness"],"campfire_rested":0,"item_purchase_floors":[4,4],"current_hp_per_floor":[72,72,70,70,70,47,47,53,53,69,62,62,62,68,68,47,86,62,68,29,13,13,0],"gold":329,"neow_bonus":"ONE_RARE_RELIC","is_prod":false,"is_daily":false,"chose_seed":false,"campfire_upgraded":2,"win_rate":0,"timestamp":1551155514,"path_taken":["M","M","M","$","?","E","M","M","T","E","?","R","?","M","R","BOSS","M","M","M","M","?","E"],"build_version":"2019-01-23","purchased_purges":0,"victory":false,"max_hp_per_floor":[72,72,72,72,72,72,72,72,72,86,86,86,86,86,86,86,86,86,86,86,86,86,86],"card_choices":[{"not_picked":["Headbutt","Inflame"],"picked":"Cleave","floor":1},{"not_picked":["Heavy Blade","Fire Breathing"],"picked":"Twin Strike","floor":2},{"not_picked":["Heavy Blade","Warcry"],"picked":"Armaments","floor":3},{"not_picked":["Clash","Pummel"],"picked":"Shrug It Off","floor":6},{"not_picked":["Cleave","Immolate"],"picked":"Shrug It Off","floor":7},{"not_picked":["Rage","Clothesline","Infernal Blade"],"picked":"SKIP","floor":8},{"not_picked":["Dual Wield","Wild Strike"],"picked":"Disarm","floor":10},{"not_picked":["Thunderclap","Cleave","Perfected Strike"],"picked":"SKIP","floor":11},{"not_picked":["Wild Strike","Seeing Red"],"picked":"Whirlwind","floor":14},{"not_picked":["Bludgeon","Barricade"],"picked":"Dark Embrace","floor":16},{"not_picked":["Flex+1","Wild Strike"],"picked":"Shrug It Off","floor":18},{"not_picked":["Sword Boomerang","Searing Blow+1"],"picked":"Iron Wave+1","floor":19},{"not_picked":["Clash","Wild Strike","Sword Boomerang"],"picked":"SKIP","floor":20},{"not_picked":["Battle Trance","Heavy Blade"],"picked":"Dropkick","floor":21}],"player_experience":412668,"relics_obtained":[{"floor":5,"key":"Orichalcum"},{"floor":6,"key":"Dream Catcher"},{"floor":9,"key":"Bag of Preparation"},{"floor":10,"key":"Mango"}],"event_choices":[{"damage_healed":0,"gold_gain":0,"player_choice":"Grow","damage_taken":0,"max_hp_gain":0,"max_hp_loss":0,"event_name":"Living Wall","floor":13,"gold_loss":0,"cards_upgraded":["Bash"]},{"damage_healed":0,"gold_gain":0,"player_choice":"Simplicity","damage_taken":0,"max_hp_gain":0,"max_hp_loss":0,"event_name":"Back to Basics","floor":22,"gold_loss":0,"cards_upgraded":["Strike_R","Strike_R","Strike_R","Strike_R","Strike_R","Defend_R","Defend_R","Defend_R","Defend_R"]}],"is_beta":false,"boss_relics":[{"not_picked":["Eternal Feather","Busted Crown"],"picked":"White Beast Statue"}],"items_purged_floors":[],"is_endless":false,"potions_floor_spawned":[6,8,11,18,19,20,21],"killed_by":"Slavers","ascension_level":0}