{"path_per_floor":["M","M","M","M","$","?","E","R","T","E","M","R","M"],"character_chosen":"DEFECT","items_purchased":["Capacitor"],"gold_per_floor":[112,124,134,154,83,83,110,110,110,140,155,155,171,171],"floor_reached":14,"campfire_rested":2,"playtime":626,"item_purchase_floors":[5],"current_hp_per_floor":[68,68,65,42,42,42,3,25,25,8,1,23,15,0],"items_purged":[],"gold":171,"score":112,"play_id":"8166e01e-5c07-40ac-931b-8873f4891546","local_time":"20180622021551","is_prod":false,"is_daily":false,"chose_seed":false,"is_ascension_mode":true,"campfire_upgraded":0,"win_rate":0,"timestamp":1529626551,"campfire_choices":[{"floor":8,"key":"REST"},{"floor":12,"key":"REST"}],"path_taken":["M","M","M","M","$","?","E","R","T","E","?","R","M","M"],"build_version":"2018-06-14v2","seed_source_timestamp":45486250554265,"purchased_purges":0,"victory":false,"master_deck":["Strike_B","Strike_B","Strike_B","Defend_B","Defend_B","Defend_B","Defend_B","Zap","Dualcast","Echo Form","Storm","Rip and Tear","Capacitor","Capacitor","Thunder Strike","Defragment","Glacier","Self Repair"],"max_hp_per_floor":[75,75,75,75,75,75,75,75,75,75,75,75,75,75],"relics":["Cracked Core","Ornamental Fan","The Courier","Shuriken"],"card_choices":[{"not_picked":["Barrage","Ball Lightning"],"picked":"Storm","floor":1},{"not_picked":["Beam Cell","Lockon"],"picked":"Rip and Tear","floor":2},{"not_picked":["Coolheaded","Steam","Redo"],"picked":"SKIP","floor":3},{"not_picked":["Conserve Battery","Double Energy"],"picked":"Capacitor","floor":4},{"not_picked":["Recycle","Fission"],"picked":"Defragment","floor":7},{"not_picked":["Rebound","Beam Cell"],"picked":"Glacier","floor":10},{"not_picked":["Beam Cell","Gash","Steam"],"picked":"SKIP","floor":11},{"not_picked":["Steam","Conserve Battery"],"picked":"Self Repair","floor":13}],"player_experience":385632,"potions_floor_usage":[4,10,11],"damage_taken":[{"damage":7,"enemies":"Jaw Worm","floor":1,"turns":5},{"damage":0,"enemies":"Cultist","floor":2,"turns":4},{"damage":3,"enemies":"Small Slimes","floor":3,"turns":4},{"damage":23,"enemies":"Exordium Thugs","floor":4,"turns":4},{"damage":39,"enemies":"3 Sentries","floor":7,"turns":10},{"damage":17,"enemies":"Gremlin Nob","floor":10,"turns":4},{"damage":7,"enemies":"Exordium Wildlife","floor":11,"turns":7},{"damage":8,"enemies":"Blue Slaver","floor":13,"turns":6},{"damage":17,"enemies":"Lots of Slimes","floor":14,"turns":2}],"relics_obtained":[{"floor":7,"key":"Ornamental Fan"},{"floor":9,"key":"The Courier"},{"floor":10,"key":"Shuriken"}],"event_choices":[{"event_name":"Transmorgrifier","player_choice":"Transform","floor":6,"damage_taken":0}],"boss_relics":[],"items_purged_floors":[],"is_endless":false,"potions_floor_spawned":[3,7,10],"seed_played":"2035080937313049079","killed_by":"Lots of Slimes","ascension_level":2,"potions_obtained":[{"floor":3,"key":"EssenceOfSteel"},{"floor":7,"key":"EssenceOfSteel"},{"floor":10,"key":"Energy Potion"}],"is_trial":false}