{"gold_per_floor":[112,125,125,5,5,5,21,21,75,75,106,106,125,125,125,249,249,262,262],"floor_reached":19,"playtime":1204,"items_purged":["Strike_G"],"score":331,"play_id":"3c6a3ca6-6f8c-45b1-87d6-2659ea74a9e7","local_time":"20190302092855","is_ascension_mode":true,"campfire_choices":[{"floor":6,"key":"REST"},{"data":"Neutralize","floor":10,"key":"SMITH"},{"floor":12,"key":"REST"},{"floor":15,"key":"REST"}],"neow_cost":"NONE","seed_source_timestamp":392991489028700,"circlet_count":0,"master_deck":["Defend_G","Defend_G","Defend_G","Defend_G","Strike_G","Strike_G","Strike_G","Strike_G","Survivor","Neutralize+1","Tactician","Underhanded Strike+1","Injury","Quick Slash","Parasite","Choke","Skewer+1","Malaise","Parasite","Writhe","Writhe","Well Laid Plans+1"],"special_seed":0,"relics":["HoveringKite","Golden Idol","Smiling Mask","Blue Candle","Calling Bell","Strawberry","Matryoshka","Shovel"],"potions_floor_usage":[11],"damage_taken":[{"damage":14,"enemies":"Cultist","floor":1,"turns":5},{"damage":5,"enemies":"Small Slimes","floor":2,"turns":4},{"damage":1,"enemies":"Jaw Worm","floor":7,"turns":5},{"damage":38,"enemies":"Lagavulin","floor":11,"turns":10},{"damage":3,"enemies":"Looter","floor":13,"turns":3},{"damage":49,"enemies":"Slime Boss","floor":16,"turns":11},{"damage":16,"enemies":"Shell Parasite","floor":18,"turns":8},{"damage":50,"enemies":"Colosseum Slavers","floor":19,"turns":4}],"seed_played":"177830742108271195","potions_obtained":[{"floor":1,"key":"GhostInAJar"}],"is_trial":false,"path_per_floor":["M","M","?","$","?","R","M","?","T","R","E","R","M","?","R","B",null,"M","?"],"character_chosen":"THE_SILENT","items_purchased":["Underhanded Strike"],"campfire_rested":3,"item_purchase_floors":[4],"current_hp_per_floor":[49,44,37,37,37,58,57,70,70,70,32,53,50,36,57,8,62,46,0],"gold":262,"neow_bonus":"BOSS_RELIC","is_prod":false,"is_daily":false,"chose_seed":false,"campfire_upgraded":1,"win_rate":0,"timestamp":1551544135,"path_taken":["M","?","?","$","?","R","M","?","T","R","E","R","M","?","R","BOSS","M","?"],"build_version":"2019-01-23","purchased_purges":1,"victory":false,"max_hp_per_floor":[70,70,70,70,70,70,70,70,70,70,70,70,70,70,70,70,77,77,77],"card_choices":[{"not_picked":["Distraction","Endless Agony"],"picked":"Tactician","floor":1},{"not_picked":["Dagger Throw","Tactician","Dodge and Roll"],"picked":"SKIP","floor":2},{"not_picked":["Dodge and Roll","Catalyst"],"picked":"Quick Slash","floor":7},{"not_picked":["Cloak And Dagger","Backstab"],"picked":"Choke","floor":11},{"not_picked":["Underhanded Strike","Cloak And Dagger"],"picked":"Skewer","floor":13},{"not_picked":["Envenom","Die Die Die"],"picked":"Malaise","floor":16},{"not_picked":["Sucker Punch","PiercingWail"],"picked":"Well Laid Plans+1","floor":18}],"player_experience":422905,"relics_obtained":[{"floor":9,"key":"Smiling Mask"},{"floor":11,"key":"Blue Candle"},{"floor":17,"key":"Strawberry"},{"floor":17,"key":"Matryoshka"},{"floor":17,"key":"Shovel"}],"event_choices":[{"cards_removed":["Defend_G"],"damage_healed":0,"gold_gain":0,"player_choice":"Card Removal","damage_taken":7,"max_hp_gain":0,"max_hp_loss":0,"event_name":"Golden Wing","floor":3,"gold_loss":0},{"damage_healed":0,"gold_gain":0,"player_choice":"Take Wound","damage_taken":0,"relics_obtained":["Golden Idol"],"max_hp_gain":0,"max_hp_loss":0,"event_name":"Golden Idol","floor":5,"gold_loss":0,"cards_obtained":["Injury"]},{"damage_healed":17,"gold_gain":0,"player_choice":"Healed and dodged fight","damage_taken":0,"max_hp_gain":0,"max_hp_loss":0,"event_name":"Mushrooms","floor":8,"gold_loss":0,"cards_obtained":["Parasite"]},{"damage_healed":0,"gold_gain":0,"player_choice":"Entered Light","damage_taken":14,"max_hp_gain":0,"max_hp_loss":0,"event_name":"Shining Light","floor":14,"gold_loss":0,"cards_upgraded":["Underhanded Strike","Skewer"]},{"damage_healed":0,"gold_gain":0,"player_choice":"Fight","damage_taken":0,"max_hp_gain":0,"max_hp_loss":0,"event_name":"Colosseum","floor":19,"gold_loss":0}],"is_beta":false,"boss_relics":[{"not_picked":["WristBlade","Lizard Tail"],"picked":"Calling Bell"}],"items_purged_floors":[4],"is_endless":false,"potions_floor_spawned":[1],"killed_by":"Colosseum Slavers","ascension_level":8}