{"gold_per_floor":[109,119,130,130,58,58,78,411,411,411,411,430,444,462,462,462],"floor_reached":16,"playtime":583,"items_purged":[],"score":104,"play_id":"4d15c724-1745-4c00-8400-f2f112249076","local_time":"20181108234614","is_ascension_mode":false,"campfire_choices":[{"data":"Dualcast","floor":6,"key":"SMITH"},{"floor":11,"key":"REST"},{"floor":15,"key":"REST"}],"neow_cost":"NONE","seed_source_timestamp":366278282731517,"circlet_count":0,"master_deck":["Strike_B","Strike_B","Strike_B","Strike_B","Defend_B","Defend_B","Defend_B","Defend_B+1","Zap+1","Dualcast+1","Gash","White Noise","Creative AI","White Noise","Go for the Eyes","Redo","Cold Snap","Cold Snap"],"relics":["Cracked Core","NeowsBlessing","Old Coin","StoneCalendar","NlothsMask"],"potions_floor_usage":[7,14],"damage_taken":[{"damage":0,"enemies":"Jaw Worm","floor":1,"turns":1},{"damage":0,"enemies":"Small Slimes","floor":2,"turns":1},{"damage":0,"enemies":"Cultist","floor":3,"turns":1},{"damage":7,"enemies":"Large Slime","floor":7,"turns":6},{"damage":45,"enemies":"3 Sentries","floor":8,"turns":9},{"damage":19,"enemies":"Exordium Wildlife","floor":12,"turns":5},{"damage":0,"enemies":"2 Fungi Beasts","floor":13,"turns":3},{"damage":6,"enemies":"Lots of Slimes","floor":14,"turns":3},{"damage":27,"enemies":"Hexaghost","floor":16,"turns":4}],"seed_played":"5408831049368667419","potions_obtained":[{"floor":2,"key":"Poison Potion"},{"floor":12,"key":"AttackPotion"},{"floor":13,"key":"SteroidPotion"}],"is_trial":false,"path_per_floor":["M","M","M","?","$","R","M","E","T","?","R","M","M","M","R","B"],"character_chosen":"DEFECT","items_purchased":["Creative AI"],"campfire_rested":2,"item_purchase_floors":[5],"current_hp_per_floor":[75,75,75,60,60,60,53,8,8,8,30,11,11,5,27,0],"gold":462,"neow_bonus":"THREE_ENEMY_KILL","is_prod":false,"is_daily":false,"chose_seed":false,"campfire_upgraded":1,"win_rate":0,"timestamp":1541738774,"path_taken":["M","M","M","?","$","R","M","E","T","?","R","M","M","?","R","BOSS"],"build_version":"2018-11-07","purchased_purges":0,"victory":false,"max_hp_per_floor":[75,75,75,75,75,75,75,75,75,75,75,75,75,75,75,75],"card_choices":[{"not_picked":["Compile Driver","Recycle","Rebound"],"picked":"SKIP","floor":1},{"not_picked":["Skim","Hello World"],"picked":"Gash","floor":2},{"not_picked":["BootSequence","Cold Snap"],"picked":"White Noise","floor":3},{"not_picked":["Rainbow","Darkness"],"picked":"White Noise","floor":7},{"not_picked":["Compile Driver","Aggregate"],"picked":"Go for the Eyes","floor":8},{"not_picked":["Steam","Sweeping Beam"],"picked":"Redo","floor":12},{"not_picked":["Ball Lightning","FTL"],"picked":"Cold Snap","floor":13},{"not_picked":["Steam Power","Barrage"],"picked":"Cold Snap","floor":14}],"player_experience":331028,"relics_obtained":[{"floor":8,"key":"Old Coin"},{"floor":9,"key":"StoneCalendar"}],"event_choices":[{"damage_healed":0,"gold_gain":0,"player_choice":"Entered Light","damage_taken":15,"max_hp_gain":0,"max_hp_loss":0,"event_name":"Shining Light","floor":4,"gold_loss":0,"cards_upgraded":["Defend_B","Zap"]},{"damage_healed":0,"gold_gain":0,"player_choice":"Trade","damage_taken":0,"relics_obtained":["NlothsMask"],"max_hp_gain":0,"max_hp_loss":0,"event_name":"FaceTrader","floor":10,"gold_loss":0}],"is_beta":true,"boss_relics":[],"items_purged_floors":[],"is_endless":false,"potions_floor_spawned":[2,12,13],"killed_by":"Hexaghost","ascension_level":0}