{"gold_per_floor":[368,382,401,417,429,456,456,467,467,467,22,35,35,35,35,133,133,143,143,143,162,174,174,224,237,291,303,337,349,274,289,289,387,387,401,419,27,37,50,50,63,63,63,63,82,96,111,111,111,111],"floor_reached":50,"playtime":3953,"items_purged":["Strike_R","Clash"],"score":524,"play_id":"96dbd494-9436-45fc-a37a-d1bfb7aeb60e","local_time":"20181008215259","is_ascension_mode":false,"campfire_choices":[{"data":"Armaments","floor":7,"key":"SMITH"},{"floor":13,"key":"REST"},{"floor":15,"key":"REST"},{"data":"Heavy Blade","floor":23,"key":"SMITH"},{"data":"Shrug It Off","floor":32,"key":"SMITH"},{"data":"Flex","floor":40,"key":"SMITH"},{"floor":42,"key":"REST"},{"floor":49,"key":"REST"}],"neow_cost":"TEN_PERCENT_HP_LOSS","seed_source_timestamp":45140233648200,"circlet_count":0,"master_deck":["Defend_R","Defend_R","Defend_R","Bash","Twin Strike","Thunderclap","Armaments+1","Inflame","Whirlwind","Ghostly Armor","Offering","Headbutt","Bite","Bite","Bite","Bite","Bite","Heavy Blade+1","Cleave+1","Flame Barrier","Exhume","Shrug It Off+1","Demon Form+1","Pummel","Flex+1","Pommel Strike+1","Armaments+1","Barricade+1","Fire Breathing+1","Seeing Red+1"],"relics":["Burning Blood","Omamori","StoneCalendar","Incense Burner","Bronze Scales","Velvet Choker","Enchiridion","Tiny Chest","Frozen Egg 2","Cursed Key","Kunai"],"potions_floor_usage":[12,12,27,28,29,39,47,50],"damage_taken":[{"damage":4,"enemies":"2 Louse","floor":1,"turns":4},{"damage":11,"enemies":"Jaw Worm","floor":2,"turns":3},{"damage":0,"enemies":"Small Slimes","floor":3,"turns":4},{"damage":13,"enemies":"Gremlin Gang","floor":4,"turns":5},{"damage":10,"enemies":"Looter","floor":5,"turns":3},{"damage":41,"enemies":"3 Sentries","floor":6,"turns":11},{"damage":10,"enemies":"Exordium Thugs","floor":8,"turns":4},{"damage":6,"enemies":"3 Louse","floor":12,"turns":4},{"damage":13,"enemies":"The Guardian","floor":16,"turns":9},{"damage":6,"enemies":"2 Thieves","floor":18,"turns":2},{"damage":0,"enemies":"3 Byrds","floor":21,"turns":3},{"damage":6,"enemies":"Centurion and Healer","floor":22,"turns":4},{"damage":1,"enemies":"3 Cultists","floor":25,"turns":4},{"damage":16,"enemies":"Sentry and Sphere","floor":27,"turns":4},{"damage":24,"enemies":"Slavers","floor":28,"turns":4},{"damage":16,"enemies":"Cultist and Chosen","floor":29,"turns":5},{"damage":6,"enemies":"Snecko","floor":31,"turns":4},{"damage":37,"enemies":"Collector","floor":33,"turns":9},{"damage":23,"enemies":"3 Darklings","floor":35,"turns":4},{"damage":7,"enemies":"3 Shapes","floor":36,"turns":4},{"damage":32,"enemies":"Spire Growth","floor":38,"turns":4},{"damage":26,"enemies":"4 Shapes","floor":39,"turns":7},{"damage":14,"enemies":"Transient","floor":41,"turns":5},{"damage":24,"enemies":"Sphere and 2 Shapes","floor":45,"turns":6},{"damage":2,"enemies":"Reptomancer","floor":46,"turns":4},{"damage":18,"enemies":"Spire Growth","floor":47,"turns":4},{"damage":65,"enemies":"Donu and Deca","floor":50,"turns":5}],"seed_played":"5840853803407991200","potions_obtained":[{"floor":5,"key":"FearPotion"},{"floor":6,"key":"FairyPotion"},{"floor":12,"key":"SpeedPotion"},{"floor":16,"key":"Energy Potion"},{"floor":18,"key":"Regen Potion"},{"floor":28,"key":"SkillPotion"},{"floor":38,"key":"AttackPotion"},{"floor":39,"key":"Poison Potion"},{"floor":46,"key":"Weak Potion"}],"is_trial":false,"path_per_floor":["M","M","M","M","M","E","R","M","T","?","$","M","R","?","R","B",null,"M","?","?","M","M","R","?","M","T","M","E","M","?","M","R","B",null,"M","M","$","M","M","R","M","R","T","$","M","M","M","?","R"],"character_chosen":"IRONCLAD","items_purchased":["Regen Potion","Inflame","Bronze Scales","Whirlwind","Kunai","Flex"],"campfire_rested":4,"item_purchase_floors":[11,11,11,11,37,37],"current_hp_per_floor":[72,67,72,65,61,26,26,22,22,10,10,24,45,45,66,59,72,72,56,50,50,50,50,50,50,50,45,35,34,34,41,41,25,50,37,42,42,26,16,16,16,31,31,31,16,28,20,20,35,0],"gold":111,"neow_bonus":"TWO_FIFTY_GOLD","is_prod":false,"is_daily":false,"chose_seed":false,"campfire_upgraded":4,"win_rate":0,"timestamp":1539028379,"path_taken":["M","M","M","M","M","E","R","M","T","?","$","M","R","?","R","BOSS","M","?","?","M","M","R","?","M","T","M","E","?","?","M","R","BOSS","M","M","$","M","M","R","M","R","T","$","M","M","M","?","R","BOSS"],"build_version":"2018-10-04v2","purchased_purges":2,"victory":false,"max_hp_per_floor":[72,72,72,72,72,72,72,72,72,72,72,72,72,72,72,72,72,72,72,50,50,50,50,50,50,50,50,50,50,50,50,50,50,50,50,50,50,50,50,50,50,50,50,50,50,50,50,50,50,50],"card_choices":[{"not_picked":["Clash","Pummel"],"picked":"Twin Strike","floor":1},{"not_picked":["Entrench","True Grit"],"picked":"Thunderclap","floor":2},{"not_picked":["Anger","Evolve","Bloodletting"],"picked":"SKIP","floor":3},{"not_picked":["Twin Strike","Perfected Strike"],"picked":"Clash","floor":4},{"not_picked":["Infernal Blade","Ghostly Armor","Anger"],"picked":"SKIP","floor":5},{"not_picked":["Feel No Pain","Iron Wave"],"picked":"Armaments","floor":6},{"not_picked":["Sword Boomerang","Clothesline","Combust"],"picked":"SKIP","floor":8},{"not_picked":["Heavy Blade","Clash","Armaments"],"picked":"SKIP","floor":12},{"not_picked":["Barricade","Fiend Fire"],"picked":"Offering","floor":16},{"not_picked":["Shrug It Off","Body Slam"],"picked":"Headbutt","floor":18},{"not_picked":["Shrug It Off","Perfected Strike+1"],"picked":"Heavy Blade","floor":21},{"not_picked":["Perfected Strike+1","Anger+1"],"picked":"Cleave+1","floor":22},{"not_picked":["Body Slam","Havoc+1","Anger+1"],"picked":"SKIP","floor":25},{"not_picked":["Combust","Iron Wave"],"picked":"Flame Barrier","floor":27},{"not_picked":["Whirlwind","Pummel"],"picked":"Exhume","floor":28},{"not_picked":["Disarm","Sword Boomerang+1","Warcry"],"picked":"SKIP","floor":29},{"not_picked":["Sever Soul","Rampage"],"picked":"Shrug It Off","floor":31},{"not_picked":["Immolate","Impervious"],"picked":"Demon Form+1","floor":33},{"not_picked":["Perfected Strike","Cleave","Sword Boomerang+1"],"picked":"SKIP","floor":35},{"not_picked":["Perfected Strike","Intimidate+1"],"picked":"Pummel","floor":36},{"not_picked":["Whirlwind","Clothesline+1"],"picked":"Pommel Strike+1","floor":38},{"not_picked":["Sever Soul+1","Reckless Charge+1"],"picked":"Armaments+1","floor":39},{"not_picked":["Evolve+1","Entrench+1"],"picked":"Barricade+1","floor":41},{"not_picked":["Havoc","Ghostly Armor","Sentinel+1"],"picked":"SKIP","floor":45},{"not_picked":["Wild Strike","Rupture+1"],"picked":"Fire Breathing+1","floor":46},{"not_picked":["Wild Strike+1","Dropkick+1"],"picked":"Seeing Red+1","floor":47}],"player_experience":89283,"relics_obtained":[{"floor":6,"key":"Omamori"},{"floor":9,"key":"StoneCalendar"},{"floor":19,"key":"Enchiridion"},{"floor":26,"key":"Tiny Chest"},{"floor":28,"key":"Frozen Egg 2"}],"event_choices":[{"event_name":"Scrap Ooze","player_choice":"success","floor":10,"damage_taken":12},{"event_name":"Transmorgrifier","player_choice":"Transform","floor":14,"damage_taken":0},{"event_name":"Cursed Tome","player_choice":"Obtained Book","floor":19,"damage_taken":0},{"event_name":"Vampires","player_choice":"Became a vampire","floor":20,"damage_taken":0},{"event_name":"The Joust","player_choice":"Bet on Murderer","floor":24,"damage_taken":0},{"event_name":"Beggar","player_choice":"Gave Gold","floor":30,"damage_taken":0},{"event_name":"Mysterious Sphere","player_choice":"Ignore","floor":48,"damage_taken":0}],"is_beta":false,"boss_relics":[{"not_picked":["Philosopher\u0027s Stone","White Beast Statue"],"picked":"Velvet Choker"},{"not_picked":["Calling Bell","Runic Dome"],"picked":"Cursed Key"}],"items_purged_floors":[11,37],"is_endless":false,"potions_floor_spawned":[5,6,12,16,18,22,25,28,38,39,46],"killed_by":"Donu and Deca","ascension_level":0}