{"gold_per_floor":[362,375,18,93,15,15,49,62,112,112,112,112,122,222,222,327,327,341,341,341,360,370,370,399,399],"floor_reached":25,"playtime":912,"items_purged":[],"score":219,"play_id":"27ed1a09-ffb0-42df-9383-71a94346d9ac","local_time":"20190303212101","is_ascension_mode":false,"campfire_choices":[{"data":"Skewer","floor":6,"key":"SMITH"},{"floor":10,"key":"REST"},{"floor":12,"key":"REST"},{"floor":15,"key":"REST"},{"floor":23,"key":"REST"}],"neow_cost":"TEN_PERCENT_HP_LOSS","seed_source_timestamp":5382527196461,"circlet_count":0,"master_deck":["Defend_G","Defend_G","Defend_G","Defend_G","Defend_G","Strike_G","Strike_G","Strike_G","Strike_G","Strike_G","Survivor","Neutralize","Blade Dance","PiercingWail","Accuracy+1","Blade Dance","Madness","Skewer+1","Caltrops","Flying Knee","Blade Dance","Footwork","Infinite Blades","Deflect","Bullet Time","Infinite Blades","Cloak And Dagger","Masterful Stab","Writhe","Dagger Throw","Calculated Gamble","Bullet Time","Noxious Fumes+1","Poisoned Stab"],"relics":["Ring of the Snake","Orichalcum","Dream Catcher","Bag of Preparation","Orrery","Pen Nib","Strawberry"],"potions_floor_usage":[16,16,16,21,24],"damage_taken":[{"damage":2,"enemies":"2 Louse","floor":1,"turns":3},{"damage":0,"enemies":"Cultist","floor":2,"turns":3},{"damage":20,"enemies":"Gremlin Nob","floor":7,"turns":5},{"damage":0,"enemies":"Jaw Worm","floor":8,"turns":3},{"damage":14,"enemies":"Exordium Thugs","floor":13,"turns":4},{"damage":29,"enemies":"Slime Boss","floor":16,"turns":6},{"damage":10,"enemies":"Shell Parasite","floor":18,"turns":7},{"damage":25,"enemies":"2 Thieves","floor":21,"turns":5},{"damage":21,"enemies":"Chosen and Byrds","floor":22,"turns":6},{"damage":9,"enemies":"Gremlin Leader","floor":24,"turns":5},{"damage":24,"enemies":"Snake Plant","floor":25,"turns":5}],"seed_played":"-5113688236099674236","potions_obtained":[{"floor":7,"key":"Explosive Potion"},{"floor":8,"key":"SteroidPotion"},{"floor":13,"key":"FearPotion"},{"floor":18,"key":"SkillPotion"},{"floor":22,"key":"Block Potion"}],"is_trial":false,"path_per_floor":["M","M","$","?","$","R","E","M","T","R","?","R","M","?","R","B",null,"M","T","?","M","M","R","E","M"],"character_chosen":"THE_SILENT","items_purchased":["Accuracy","Blade Dance","Orichalcum","Madness","Skewer"],"campfire_rested":4,"item_purchase_floors":[3,3,3,3,5],"current_hp_per_floor":[61,61,61,50,50,50,30,30,30,48,48,63,49,49,63,34,63,53,53,53,28,7,25,23,0],"gold":399,"neow_bonus":"TWO_FIFTY_GOLD","is_prod":false,"is_daily":false,"chose_seed":false,"campfire_upgraded":1,"win_rate":0,"timestamp":1551669661,"path_taken":["M","M","$","?","$","R","E","M","T","R","?","R","M","?","R","BOSS","M","?","?","M","M","R","E","M"],"build_version":"2019-01-23","purchased_purges":0,"victory":false,"max_hp_per_floor":[63,63,63,63,63,63,63,63,63,63,63,63,63,63,63,63,63,63,63,63,63,63,63,70,70],"card_choices":[{"not_picked":["Acrobatics","Slice"],"picked":"Blade Dance","floor":1},{"not_picked":["Heel Hook","Deflect"],"picked":"PiercingWail","floor":2},{"not_picked":["Die Die Die","Footwork"],"picked":"Caltrops","floor":7},{"not_picked":["Slice","Choke"],"picked":"Flying Knee","floor":8},{"not_picked":["Slice","Quick Slash"],"picked":"Blade Dance","floor":10},{"not_picked":["Acrobatics","After Image"],"picked":"Footwork","floor":12},{"not_picked":["Dagger Throw","Poisoned Stab"],"picked":"Infinite Blades","floor":13},{"not_picked":["Flying Knee","Deadly Poison"],"picked":"Deflect","floor":15},{"not_picked":["Tools of the Trade","Grand Finale"],"picked":"Bullet Time","floor":16},{"not_picked":["Poisoned Stab","Bouncing Flask"],"picked":"Infinite Blades","floor":17},{"not_picked":["Prepared","Poisoned Stab"],"picked":"Cloak And Dagger","floor":17},{"not_picked":["Slice","Reflex"],"picked":"Masterful Stab","floor":17},{"not_picked":["Skewer","Quick Slash","Dagger Throw+1"],"picked":"SKIP","floor":18},{"not_picked":["Dagger Throw","Masterful Stab","Doppelganger"],"picked":"SKIP","floor":21},{"not_picked":["Setup+1","Quick Slash"],"picked":"Noxious Fumes+1","floor":22},{"not_picked":["PiercingWail","Sucker Punch+1"],"picked":"Poisoned Stab","floor":23},{"not_picked":["Underhanded Strike","Acrobatics","Masterful Stab"],"picked":"SKIP","floor":24}],"player_experience":488553,"relics_obtained":[{"floor":7,"key":"Dream Catcher"},{"floor":9,"key":"Bag of Preparation"},{"floor":19,"key":"Pen Nib"},{"floor":24,"key":"Strawberry"}],"event_choices":[{"damage_healed":0,"gold_gain":75,"player_choice":"Gather Gold","damage_taken":11,"max_hp_gain":0,"max_hp_loss":0,"event_name":"World of Goop","floor":4,"gold_loss":0},{"damage_healed":0,"gold_gain":0,"player_choice":"Grow","damage_taken":0,"max_hp_gain":0,"max_hp_loss":0,"event_name":"Living Wall","floor":11,"gold_loss":0,"cards_upgraded":["Accuracy"]},{"damage_healed":0,"gold_gain":100,"player_choice":"Pray","damage_taken":0,"max_hp_gain":0,"max_hp_loss":0,"event_name":"Golden Shrine","floor":14,"gold_loss":0},{"damage_healed":0,"gold_gain":0,"player_choice":"4 cards matched","damage_taken":0,"max_hp_gain":0,"max_hp_loss":0,"event_name":"Match and Keep!","floor":20,"gold_loss":0,"cards_obtained":["Writhe","Dagger Throw","Calculated Gamble","Bullet Time"]}],"is_beta":false,"boss_relics":[{"not_picked":["Pandora\u0027s Box","Runic Dome"],"picked":"Orrery"}],"items_purged_floors":[],"is_endless":false,"potions_floor_spawned":[7,8,13,18,22],"killed_by":"Snake Plant","ascension_level":0}