{"gold_per_floor":[109,129,129,141,158,192,192,192,192,211,222,187,187,204,204,305,305,324,23,23,47,74,86,98],"floor_reached":24,"playtime":992,"items_purged":[],"score":208,"play_id":"cfaae2cd-2441-4dce-b85a-dc30d2001e0a","local_time":"20190215122750","is_ascension_mode":true,"campfire_choices":[{"floor":7,"key":"REST"},{"data":"Buffer","floor":15,"key":"SMITH"},{"floor":23,"key":"REST"}],"neow_cost":"CURSE","seed_source_timestamp":939000705916,"circlet_count":0,"master_deck":["Strike_B","Strike_B","Strike_B","Defend_B","Defend_B","Defend_B","Defend_B","Zap","Dualcast","Regret","Stack","Ball Lightning+1","Reinforced Body","Leap","Rebound","Creative AI","Streamline","Streamline","Buffer+1","Multi-Cast","Ball Lightning+1","Sunder","Rebound"],"relics":["Cracked Core","WingedGreaves","Bottled Flame","Incense Burner","Black Star","Membership Card","Strawberry","MawBank"],"potions_floor_usage":[6,14,16,16,16,22],"damage_taken":[{"damage":4,"enemies":"2 Louse","floor":1,"turns":3},{"damage":4,"enemies":"Cultist","floor":2,"turns":4},{"damage":1,"enemies":"Jaw Worm","floor":4,"turns":3},{"damage":12,"enemies":"Large Slime","floor":5,"turns":7},{"damage":28,"enemies":"Lagavulin","floor":6,"turns":8},{"damage":2,"enemies":"Exordium Thugs","floor":10,"turns":6},{"damage":4,"enemies":"2 Fungi Beasts","floor":11,"turns":3},{"damage":2,"enemies":"Blue Slaver","floor":14,"turns":3},{"damage":24,"enemies":"Slime Boss","floor":16,"turns":13},{"damage":15,"enemies":"Spheric Guardian","floor":18,"turns":6},{"damage":25,"enemies":"2 Thieves","floor":22,"turns":3},{"damage":52,"enemies":"Book of Stabbing","floor":24,"turns":5}],"seed_played":"-8026049058572435836","potions_obtained":[{"floor":1,"key":"GamblersBrew"},{"floor":5,"key":"PowerPotion"},{"floor":6,"key":"Weak Potion"},{"floor":11,"key":"FearPotion"},{"floor":14,"key":"Energy Potion"},{"floor":18,"key":"Explosive Potion"}],"is_trial":false,"path_per_floor":["M","M","?","M","M","E","R","?","T","M","M","?","?","M","R","B",null,"M","$","?","T","M","R","E"],"character_chosen":"DEFECT","items_purchased":["Membership Card","Strawberry","Sunder"],"campfire_rested":2,"item_purchase_floors":[19,19,19],"current_hp_per_floor":[71,67,67,66,54,26,48,48,48,46,42,60,75,73,73,49,75,60,67,51,51,26,52,0],"gold":98,"neow_bonus":"ONE_RARE_RELIC","is_prod":false,"is_daily":false,"chose_seed":false,"campfire_upgraded":1,"win_rate":0,"timestamp":1550255270,"path_taken":["M","M","?","M","M","E","R","?","T","?","M","?","?","M","R","BOSS","M","$","?","?","M","R","E"],"build_version":"2019-01-23","purchased_purges":0,"victory":false,"max_hp_per_floor":[75,75,75,75,75,75,75,75,75,75,75,75,75,75,75,75,75,75,82,87,87,87,87,87],"card_choices":[{"not_picked":["Sunder","Coolheaded"],"picked":"Stack","floor":1},{"not_picked":["Heatsinks","Rebound"],"picked":"Ball Lightning","floor":2},{"not_picked":["Undo","Cold Snap"],"picked":"Reinforced Body","floor":4},{"not_picked":["Barrage","Stack"],"picked":"Leap","floor":5},{"not_picked":["Cold Snap","Sweeping Beam"],"picked":"Rebound","floor":6},{"not_picked":["FTL","Stack"],"picked":"Streamline","floor":10},{"not_picked":["Go for the Eyes","Recycle"],"picked":"Streamline","floor":11},{"not_picked":["Genetic Algorithm","Steam"],"picked":"Buffer","floor":14},{"not_picked":["Seek","Amplify"],"picked":"Multi-Cast","floor":16},{"not_picked":["Rebound","Hologram+1"],"picked":"Ball Lightning+1","floor":18},{"not_picked":["Beam Cell+1","Go for the Eyes"],"picked":"Rebound","floor":22}],"player_experience":128117,"relics_obtained":[{"floor":6,"key":"Bottled Flame"},{"floor":9,"key":"Incense Burner"},{"floor":21,"key":"MawBank"}],"event_choices":[{"damage_healed":0,"gold_gain":0,"player_choice":"Grow","damage_taken":0,"max_hp_gain":0,"max_hp_loss":0,"event_name":"Living Wall","floor":3,"gold_loss":0,"cards_upgraded":["Ball Lightning"]},{"damage_healed":0,"gold_gain":0,"cards_transformed":["Strike_B"],"player_choice":"Transformed","damage_taken":0,"max_hp_gain":0,"max_hp_loss":0,"event_name":"Transmorgrifier","floor":8,"gold_loss":0,"cards_obtained":["Creative AI"]},{"damage_healed":18,"gold_gain":0,"player_choice":"Healed","damage_taken":0,"max_hp_gain":0,"max_hp_loss":0,"event_name":"The Cleric","floor":12,"gold_loss":35},{"damage_healed":25,"gold_gain":0,"player_choice":"Banana","damage_taken":0,"max_hp_gain":0,"max_hp_loss":0,"event_name":"Big Fish","floor":13,"gold_loss":0},{"damage_healed":0,"gold_gain":0,"player_choice":"Shed Blood","damage_taken":21,"max_hp_gain":5,"max_hp_loss":0,"event_name":"Forgotten Altar","floor":20,"gold_loss":0}],"is_beta":false,"boss_relics":[{"not_picked":["Coffee Dripper","Astrolabe"],"picked":"Black Star"}],"items_purged_floors":[],"is_endless":false,"potions_floor_spawned":[1,5,6,11,14,18],"killed_by":"Book of Stabbing","ascension_level":1}