{"gold_per_floor":[111,130,149,161,174,174,204,223,223,223],"floor_reached":10,"playtime":366,"items_purged":[],"score":108,"play_id":"1070708d-eda2-4ca9-a017-20c472647a71","local_time":"20190201152658","is_ascension_mode":true,"campfire_choices":[{"data":"Barrage","floor":6,"key":"SMITH"}],"neow_cost":"NONE","seed_source_timestamp":0,"circlet_count":0,"master_deck":["AscendersBane","Strike_B","Strike_B","Strike_B","Strike_B","Defend_B","Defend_B","Defend_B","Defend_B","Zap","Dualcast","Barrage+1","Blizzard","FTL","Core Surge","Redo","Defragment"],"special_seed":0,"relics":["Cracked Core","Mercury Hourglass","Turnip"],"potions_floor_usage":[7,10],"damage_taken":[{"damage":0,"enemies":"2 Louse","floor":1,"turns":1},{"damage":0,"enemies":"Cultist","floor":2,"turns":4},{"damage":0,"enemies":"Small Slimes","floor":3,"turns":3},{"damage":30,"enemies":"Exordium Wildlife","floor":4,"turns":7},{"damage":4,"enemies":"Large Slime","floor":5,"turns":5},{"damage":16,"enemies":"Gremlin Nob","floor":7,"turns":3},{"damage":11,"enemies":"Lots of Slimes","floor":8,"turns":3},{"damage":25,"enemies":"Lagavulin","floor":10,"turns":5}],"seed_played":"3183353594954028691","potions_obtained":[{"floor":1,"key":"Poison Potion"},{"floor":5,"key":"Energy Potion"}],"is_trial":false,"path_per_floor":["M","M","M","M","M","R","E","M","T","E"],"character_chosen":"DEFECT","items_purchased":[],"campfire_rested":0,"item_purchase_floors":[],"current_hp_per_floor":[75,75,75,45,41,41,25,14,14,0],"gold":223,"neow_bonus":"TEN_PERCENT_HP_BONUS","is_prod":false,"is_daily":false,"chose_seed":false,"campfire_upgraded":1,"win_rate":0,"timestamp":1549031218,"path_taken":["M","M","M","M","M","R","E","M","T","E"],"build_version":"2019-01-23","purchased_purges":0,"victory":false,"max_hp_per_floor":[82,82,82,82,82,82,82,82,82,82],"card_choices":[{"not_picked":["Rip and Tear","Fusion"],"picked":"Barrage","floor":1},{"not_picked":["Rebound","Hologram"],"picked":"Blizzard","floor":2},{"not_picked":["Conserve Battery","Redo"],"picked":"FTL","floor":3},{"not_picked":["Skim","Beam Cell"],"picked":"Core Surge","floor":4},{"not_picked":["Sweeping Beam","Recycle"],"picked":"Redo","floor":5},{"not_picked":["Stack","Seek"],"picked":"Defragment","floor":7},{"not_picked":["Rip and Tear","Ball Lightning","Stack"],"picked":"SKIP","floor":8}],"player_experience":703107,"relics_obtained":[{"floor":7,"key":"Mercury Hourglass"},{"floor":9,"key":"Turnip"}],"event_choices":[],"is_beta":false,"boss_relics":[],"items_purged_floors":[],"is_endless":false,"potions_floor_spawned":[1,5],"killed_by":"Lagavulin","ascension_level":10}