{"path_per_floor":["M","M","M","?","M","R","E","R","T","R","M","R","M","?","R","B",null,"M","?","T","$","M"],"character_chosen":"THE_SILENT","items_purchased":["Accuracy","Frozen Egg 2","Peace Pipe"],"gold_per_floor":[118,130,148,148,173,173,213,213,283,283,302,302,317,317,317,446,446,462,712,712,39,58,58],"floor_reached":23,"campfire_rested":0,"playtime":2022,"current_hp_per_floor":[70,70,69,52,48,48,29,29,29,29,13,13,22,22,22,3,70,39,39,39,39,31,0],"items_purged":["Regret"],"gold":58,"score":191,"play_id":"404980b6-a0be-4bd8-801c-140c5664e873","local_time":"20180428213003","is_prod":false,"is_daily":false,"chose_seed":false,"is_ascension_mode":false,"campfire_upgraded":2,"timestamp":1524943803,"path_taken":["M","M","?","?","?","R","E","R","T","R","M","R","M","?","R","BOSS","M","?","?","$","M","E"],"build_version":"2018-04-26","seed_source_timestamp":507128088837731,"purchased_purges":1,"victory":false,"master_deck":["Defend_G","Defend_G","Defend_G","Defend_G","Defend_G","Strike_G","Strike_G","Strike_G","Strike_G","Strike_G","Survivor","Neutralize+1","Accuracy","Cloak And Dagger","Unload+1","Acrobatics","Caltrops+1","Envenom","Cloak And Dagger","Accuracy","Backstab+1"],"max_hp_per_floor":[70,70,70,70,70,70,70,70,70,70,70,70,70,70,70,70,70,70,70,70,70,70,70],"relics":["Ring of the Snake","Golden Idol","Shovel","Dream Catcher","Mummified Hand","Molten Egg 2","Happy Flower","Philosopher\u0027s Stone","Letter Opener","Frozen Egg 2","Peace Pipe"],"card_choices":[{"not_picked":["Cloak And Dagger","Underhanded Strike"],"picked":"Accuracy","floor":1},{"not_picked":["Reflex","Deadly Poison"],"picked":"Cloak And Dagger","floor":2},{"not_picked":["Endless Agony","Distraction"],"picked":"Unload","floor":5},{"not_picked":["Backflip","Prepared"],"picked":"Acrobatics","floor":11},{"not_picked":["Predator","Poisoned Stab"],"picked":"Caltrops","floor":13},{"not_picked":["Die Die Die","Unload"],"picked":"Envenom","floor":16},{"not_picked":["Quick Slash","Poisoned Stab"],"picked":"Cloak And Dagger","floor":18},{"not_picked":["Endless Agony","Flechettes"],"picked":"Backstab","floor":22}],"player_experience":218713,"potions_floor_usage":[13,13,16,23],"damage_taken":[{"damage":0,"enemies":"Cultist","floor":1,"turns":3},{"damage":0,"enemies":"Small Slimes","floor":2,"turns":7},{"damage":1,"enemies":"2 Louse","floor":3,"turns":3},{"damage":4,"enemies":"Blue Slaver","floor":5,"turns":6},{"damage":19,"enemies":"3 Sentries","floor":7,"turns":12},{"damage":16,"enemies":"Gremlin Gang","floor":11,"turns":9},{"damage":6,"enemies":"3 Louse","floor":13,"turns":6},{"damage":19,"enemies":"The Guardian","floor":16,"turns":17},{"damage":31,"enemies":"Spheric Guardian","floor":18,"turns":6},{"damage":8,"enemies":"Shell Parasite","floor":22,"turns":4},{"damage":34,"enemies":"Slavers","floor":23,"turns":3}],"event_choices":[{"event_name":"Golden Idol","player_choice":"Take Damage","floor":4,"damage_taken":0},{"event_name":"Living Wall","player_choice":"Grow","floor":14,"damage_taken":0},{"event_name":"Golden Shrine","player_choice":"Desecrate","floor":19,"damage_taken":0}],"boss_relics":[{"not_picked":["Runic Dome","White Beast Statue"],"picked":"Philosopher\u0027s Stone"}],"potions_floor_spawned":[3,11,13,18],"seed_played":"-2827107456306963030","killed_by":"Slavers","ascension_level":0,"is_trial":false}