{"gold_per_floor":[119,119,119,131,81,112,112,132,209,209,134,151,181,198,198,296,296,308,298,298,298,107,127,142,142,192,192,219,57,67,82,82,182,182,193,207,6,23,23,23,33,33,33,44,44,60,60,60,60,60],"floor_reached":51,"playtime":2671,"items_purged":["Strike_G"],"score":704,"play_id":"3dc868ee-5540-4853-9d69-1d6bceebb785","local_time":"20190213133009","is_ascension_mode":false,"campfire_choices":[{"data":"Skewer","floor":7.0,"key":"SMITH"},{"data":"Footwork","floor":10,"key":"SMITH"},{"data":"Terror","floor":15,"key":"SMITH"},{"data":"Cloak And Dagger","floor":25,"key":"SMITH"},{"floor":32,"key":"REST"},{"data":"Backstab","floor":40,"key":"SMITH"},{"data":"Leg Sweep","floor":45,"key":"SMITH"},{"data":"Finisher","floor":47,"key":"SMITH"},{"floor":49,"key":"REST"}],"neow_cost":"NONE","seed_source_timestamp":0,"circlet_count":0,"master_deck":["Defend_G","Defend_G","Defend_G","Defend_G","Strike_G","Survivor","Neutralize","Flying Knee","Poisoned Stab","Skewer+1","Footwork+1","Cloak And Dagger+1","Backstab+1","Grand Finale","Cloak And Dagger","Finisher+1","Deflect+1","Leg Sweep+1","Slice+1","Thinking Ahead","Cloak And Dagger+1","Corpse Explosion","Distraction+1","Dash+1","Footwork+1","Terror+1"],"special_seed":0,"relics":["Ring of the Snake","NeowsBlessing","Bag of Marbles","Shuriken","Question Card","Snake Skull","Empty Cage","Lee\u0027s Waffle","Potion Belt","Happy Flower","Cursed Key","Omamori","Toxic Egg 2"],"potions_floor_usage":[13,24,31,33,33,46,50,50,50],"damage_taken":[{"damage":0.0,"enemies":"Jaw Worm","floor":1.0,"turns":1.0},{"damage":0.0,"enemies":"Small Slimes","floor":4.0,"turns":1.0},{"damage":0.0,"enemies":"3 Sentries","floor":6.0,"turns":1.0},{"damage":0.0,"enemies":"2 Louse","floor":8.0,"turns":2.0},{"damage":0,"enemies":"Blue Slaver","floor":12,"turns":4},{"damage":4,"enemies":"Gremlin Nob","floor":13,"turns":4},{"damage":1,"enemies":"Exordium Wildlife","floor":14,"turns":6},{"damage":16,"enemies":"Slime Boss","floor":16,"turns":12},{"damage":16,"enemies":"Spheric Guardian","floor":18,"turns":6},{"damage":5,"enemies":"2 Thieves","floor":19,"turns":4},{"damage":12,"enemies":"Colosseum Slavers","floor":21,"turns":5},{"damage":2,"enemies":"Sentry and Sphere","floor":23,"turns":3},{"damage":15,"enemies":"Shelled Parasite and Fungi","floor":24,"turns":6},{"damage":6,"enemies":"Gremlin Leader","floor":28,"turns":7},{"damage":4,"enemies":"Centurion and Healer","floor":30,"turns":6},{"damage":0,"enemies":"Snecko","floor":31,"turns":7},{"damage":53,"enemies":"Champ","floor":33,"turns":14},{"damage":0,"enemies":"Orb Walker","floor":35,"turns":5},{"damage":0,"enemies":"3 Shapes","floor":36,"turns":3},{"damage":0,"enemies":"3 Darklings","floor":38,"turns":1},{"damage":7,"enemies":"Spire Growth","floor":41,"turns":5},{"damage":2,"enemies":"Sphere and 2 Shapes","floor":44,"turns":3},{"damage":0,"enemies":"Transient","floor":46,"turns":5},{"damage":11,"enemies":"Awakened One","floor":50,"turns":14}],"seed_played":"-8643131524865110321","potions_obtained":[{"floor":6.0,"key":"SteroidPotion"},{"floor":12,"key":"EssenceOfSteel"},{"floor":14,"key":"Ancient Potion"},{"floor":18,"key":"Swift Potion"},{"floor":23,"key":"AttackPotion"},{"floor":24,"key":"Ancient Potion"},{"floor":28,"key":"GhostInAJar"},{"floor":35,"key":"SteroidPotion"},{"floor":41,"key":"SpeedPotion"}],"is_trial":false,"path_per_floor":["M","?","?","M","?","E","R","M","T","R","$","M","E","M","R","B",null,"M","M","?","?","$","M","M","R","T","?","E","$","M","M","R","B",null,"M","M","$","M","?","R","M","$","T","M","R","M","R","?","R","B",null],"character_chosen":"THE_SILENT","items_purchased":["Lee\u0027s Waffle","Thinking Ahead","Omamori","Fire Potion"],"campfire_rested":2,"item_purchase_floors":[22,29,37,37],"current_hp_per_floor":[70,67,60,60,60,60,60,60,60,60,60,60,56,55,55,39,70,54,49,49,37,77,75,60,60,60,60,54,54,50,50,73,20,77,77,77,77,77,77,77,70,70,70,68,68,68,68,68,77,66],"gold":60,"neow_bonus":"THREE_ENEMY_KILL","is_prod":false,"is_daily":false,"chose_seed":false,"campfire_upgraded":7,"win_rate":0.0,"timestamp":1550086209,"path_taken":["M","?","?","M","?","E","R","M","T","R","?","M","E","M","R","BOSS","M","M","?","?","$","M","M","R","T","?","E","$","M","M","R","BOSS","M","M","$","M","?","R","M","?","T","M","R","M","R","?","R","BOSS"],"build_version":"2019-01-23","purchased_purges":1,"victory":true,"max_hp_per_floor":[70,70,70,70,70,70,70,70,70,70,70,70,70,70,70,70,70,70,70,70,70,77,77,77,77,77,77,77,77,77,77,77,77,77,77,77,77,77,77,77,77,77,77,77,77,77,77,77,77,77],"card_choices":[{"not_picked":["Predator","Cloak And Dagger"],"picked":"Flying Knee","floor":1.0},{"not_picked":["Acrobatics","Riddle With Holes"],"picked":"Poisoned Stab","floor":4.0},{"not_picked":["Underhanded Strike","Cloak And Dagger"],"picked":"Skewer","floor":6.0},{"not_picked":["Catalyst","Slice"],"picked":"Footwork","floor":8.0},{"not_picked":["Catalyst","Dash","Sucker Punch"],"picked":"Cloak And Dagger","floor":12},{"not_picked":["Dagger Spray","Phantasmal Killer","Outmaneuver"],"picked":"Terror","floor":13},{"not_picked":["Bouncing Flask","Tactician","Infinite Blades"],"picked":"Backstab","floor":14},{"not_picked":["Envenom","Night Terror","Die Die Die"],"picked":"Grand Finale","floor":16},{"not_picked":["Infinite Blades","Dodge and Roll","Acrobatics"],"picked":"Cloak And Dagger","floor":18},{"not_picked":["Cloak And Dagger","Slice","Quick Slash"],"picked":"Finisher","floor":19},{"not_picked":["Dash","Prepared","Backflip"],"picked":"Deflect+1","floor":23},{"not_picked":["Dagger Throw+1","A Thousand Cuts","Slice"],"picked":"Leg Sweep","floor":24},{"not_picked":["Poisoned Stab","Backflip","Blade Dance"],"picked":"Slice+1","floor":28},{"not_picked":["Deflect","Concentrate","Well Laid Plans","Blade Dance"],"picked":"SKIP","floor":30},{"not_picked":["Quick Slash","Terror+1","Poisoned Stab"],"picked":"Cloak And Dagger+1","floor":31},{"not_picked":["Die Die Die","Bullet Time","Grand Finale"],"picked":"Corpse Explosion","floor":33},{"not_picked":["Underhanded Strike+1","Deadly Poison","Blade Dance+1"],"picked":"Distraction+1","floor":35},{"not_picked":["Calculated Gamble+1","Slice","PiercingWail"],"picked":"Dash+1","floor":36},{"not_picked":["Deadly Poison","Slice+1","Infinite Blades"],"picked":"Footwork","floor":38},{"not_picked":["Leg Sweep+1","Sucker Punch","Acrobatics","Dagger Spray"],"picked":"SKIP","floor":41},{"not_picked":["Dodge and Roll+1","Acrobatics+1","Underhanded Strike"],"picked":"Terror+1","floor":44},{"not_picked":["Predator","PiercingWail+1","Poisoned Stab","Choke"],"picked":"SKIP","floor":46}],"player_experience":95404,"relics_obtained":[{"floor":6.0,"key":"Shuriken"},{"floor":9.0,"key":"Question Card"},{"floor":13,"key":"Snake Skull"},{"floor":26,"key":"Potion Belt"},{"floor":28,"key":"Happy Flower"},{"floor":43,"key":"Toxic Egg 2"}],"event_choices":[{"damage_healed":0.0,"max_hp_gain":0.0,"max_hp_loss":0.0,"gold_gain":0.0,"event_name":"Scrap Ooze","player_choice":"Success","floor":2.0,"gold_loss":0.0,"damage_taken":3.0,"relics_obtained":["Bag of Marbles"]},{"cards_removed":["Strike_G"],"damage_healed":0.0,"max_hp_gain":0.0,"max_hp_loss":0.0,"gold_gain":0.0,"event_name":"Golden Wing","player_choice":"Card Removal","floor":3.0,"gold_loss":0.0,"damage_taken":7.0},{"cards_removed":["Strike_G"],"damage_healed":0.0,"max_hp_gain":0.0,"max_hp_loss":0.0,"gold_gain":0.0,"event_name":"The Cleric","player_choice":"Card Removal","floor":5.0,"gold_loss":50.0,"damage_taken":0.0},{"damage_healed":0,"gold_gain":0,"player_choice":"Ignored","damage_taken":0,"max_hp_gain":0,"max_hp_loss":0,"event_name":"Ghosts","floor":20,"gold_loss":0},{"damage_healed":0,"gold_gain":0,"player_choice":"Fight","damage_taken":0,"max_hp_gain":0,"max_hp_loss":0,"event_name":"Colosseum","floor":21,"gold_loss":0},{"damage_healed":0,"gold_gain":0,"player_choice":"Fled From Nobs","damage_taken":0,"max_hp_gain":0,"max_hp_loss":0,"event_name":"Colosseum","floor":21,"gold_loss":0},{"damage_healed":0,"gold_gain":0,"player_choice":"Leave","damage_taken":0,"max_hp_gain":0,"max_hp_loss":0,"event_name":"FaceTrader","floor":27,"gold_loss":0},{"damage_healed":0,"gold_gain":0,"player_choice":"Upgraded","damage_taken":0,"max_hp_gain":0,"max_hp_loss":0,"event_name":"Upgrade Shrine","floor":39,"gold_loss":0,"cards_upgraded":["Footwork"]},{"cards_removed":["Terror"],"damage_healed":0,"gold_gain":0,"player_choice":"Removed Skill","damage_taken":0,"max_hp_gain":0,"max_hp_loss":0,"event_name":"Falling","floor":48,"gold_loss":0}],"is_beta":false,"boss_relics":[{"not_picked":["Pandora\u0027s Box","Sozu"],"picked":"Empty Cage"},{"not_picked":["White Beast Statue","Runic Dome"],"picked":"Cursed Key"}],"items_purged_floors":[11],"is_endless":false,"potions_floor_spawned":[6,12,14,18,23,24,28,35,41],"ascension_level":0}