{"gold_per_floor":[113,127,127,146,161,161,171,171,171,271,271,306,325,325,325,423,423,406,406,406,422,521,521,104,204,283,85,85,135,135,135],"floor_reached":31,"playtime":1262,"items_purged":[],"score":303,"play_id":"1e3b643e-75b0-42a5-b5d9-e40c9d48856d","local_time":"20190212132847","is_ascension_mode":false,"campfire_choices":[{"floor":6,"key":"REST"},{"floor":8,"key":"REST"},{"data":"Barrage","floor":11,"key":"SMITH"},{"floor":15,"key":"REST"},{"floor":23,"key":"REST"}],"neow_cost":"PERCENT_DAMAGE","seed_source_timestamp":6702432890655,"circlet_count":0,"master_deck":["Strike_B","Strike_B","Strike_B","Strike_B","Defend_B","Defend_B+1","Defend_B","Defend_B","Zap+1","Dualcast","Echo Form","Conserve Battery+1","Barrage+1","Scrape","Rainbow","Gash","Go for the Eyes","Self Repair","All For One","Redo","Gash","Hello World","Secret Technique+1","Stack+1"],"relics":["Cracked Core","Bottled Flame","Meat on the Bone","Eternal Feather","Incense Burner","Peace Pipe","Cables","Toxic Egg 2","Lantern"],"potions_floor_usage":[18,21,25,28,30],"damage_taken":[{"damage":2,"enemies":"2 Louse","floor":1,"turns":3},{"damage":11,"enemies":"Small Slimes","floor":2,"turns":5},{"damage":0,"enemies":"Cultist","floor":4,"turns":3},{"damage":2,"enemies":"Blue Slaver","floor":5,"turns":4},{"damage":3,"enemies":"Looter","floor":7,"turns":3},{"damage":16,"enemies":"Lagavulin","floor":12,"turns":5},{"damage":6,"enemies":"3 Louse","floor":13,"turns":4},{"damage":1,"enemies":"The Guardian","floor":16,"turns":11},{"damage":24,"enemies":"2 Thieves","floor":18,"turns":4},{"damage":18,"enemies":"Spheric Guardian","floor":21,"turns":5},{"damage":35,"enemies":"Colosseum Slavers","floor":25,"turns":5},{"damage":36,"enemies":"Colosseum Nobs","floor":25,"turns":5},{"damage":0,"enemies":"Snake Plant","floor":28,"turns":1},{"damage":0,"enemies":"Slavers","floor":30,"turns":1},{"damage":41,"enemies":"Cultist and Chosen","floor":31,"turns":5}],"seed_played":"-616908709124779530","potions_obtained":[{"floor":12,"key":"Poison Potion"},{"floor":13,"key":"LiquidBronze"},{"floor":16,"key":"SmokeBomb"},{"floor":18,"key":"Poison Potion"}],"is_trial":false,"path_per_floor":["M","M","?","M","M","R","M","R","T","?","R","E","M","?","R","B",null,"M","?","?","M","?","R","$","?","T","$","M","T","E","M"],"character_chosen":"DEFECT","items_purchased":["Incense Burner","SmokeBomb","Secret Technique+1","Stack+1"],"campfire_rested":4,"item_purchase_floors":[24,24,27,27],"current_hp_per_floor":[52,41,26,26,24,46,43,65,65,65,65,49,43,43,65,71,75,58,58,58,40,40,74,74,22,22,22,41,41,41,0],"gold":135,"neow_bonus":"THREE_RARE_CARDS","is_prod":false,"is_daily":false,"chose_seed":false,"campfire_upgraded":1,"win_rate":0.0,"timestamp":1549999727,"path_taken":["M","M","?","M","M","R","M","R","T","?","R","E","?","?","R","BOSS","M","?","?","M","?","R","$","?","T","?","M","?","E","M"],"build_version":"2019-01-23","purchased_purges":0,"victory":false,"max_hp_per_floor":[75,75,75,75,75,75,75,75,75,75,75,75,75,75,75,75,75,75,75,75,75,75,75,75,75,75,75,75,75,75,75],"card_choices":[{"not_picked":["Biased Cognition","Fission"],"picked":"Echo Form","floor":0},{"not_picked":["Rebound","Steam"],"picked":"Conserve Battery","floor":1},{"not_picked":["Compile Driver","Cold Snap"],"picked":"Barrage","floor":2},{"not_picked":["Capacitor","Chaos"],"picked":"Scrape","floor":4},{"not_picked":["FTL","Storm"],"picked":"Rainbow","floor":5},{"not_picked":["Beam Cell","Doom and Gloom"],"picked":"Gash","floor":7},{"not_picked":["BootSequence","Streamline"],"picked":"Go for the Eyes","floor":12},{"not_picked":["Compile Driver","Go for the Eyes"],"picked":"Self Repair","floor":13},{"not_picked":["Biased Cognition","Reboot"],"picked":"All For One","floor":16},{"not_picked":["Beam Cell","Ball Lightning"],"picked":"Redo","floor":18},{"not_picked":["Barrage","Tempest"],"picked":"Hello World","floor":21}],"player_experience":76747,"relics_obtained":[{"floor":9,"key":"Bottled Flame"},{"floor":12,"key":"Meat on the Bone"},{"floor":25,"key":"Peace Pipe"},{"floor":25,"key":"Cables"},{"floor":26,"key":"Toxic Egg 2"},{"floor":29,"key":"Lantern"}],"event_choices":[{"damage_healed":0,"gold_gain":0,"player_choice":"Entered Light","damage_taken":15,"max_hp_gain":0,"max_hp_loss":0,"event_name":"Shining Light","floor":3,"gold_loss":0,"cards_upgraded":["Defend_B","Conserve Battery"]},{"damage_healed":0,"gold_gain":100,"player_choice":"Pray","damage_taken":0,"max_hp_gain":0,"max_hp_loss":0,"event_name":"Golden Shrine","floor":10,"gold_loss":0},{"damage_healed":0,"gold_gain":0,"player_choice":"Grow","damage_taken":0,"max_hp_gain":0,"max_hp_loss":0,"event_name":"Living Wall","floor":14,"gold_loss":0,"cards_upgraded":["Zap"]},{"damage_healed":0,"gold_gain":0,"player_choice":"Ignored","damage_taken":0,"max_hp_gain":0,"max_hp_loss":0,"event_name":"Vampires","floor":19,"gold_loss":0},{"damage_healed":0,"gold_gain":0,"player_choice":"Read","damage_taken":0,"max_hp_gain":0,"max_hp_loss":0,"event_name":"The Library","floor":20,"gold_loss":0,"cards_obtained":["Gash"]},{"damage_healed":0,"gold_gain":99,"player_choice":"Stole From Cult","damage_taken":0,"max_hp_gain":0,"max_hp_loss":0,"event_name":"Nest","floor":22,"gold_loss":0},{"damage_healed":0,"gold_gain":0,"player_choice":"Fight","damage_taken":0,"max_hp_gain":0,"max_hp_loss":0,"event_name":"Colosseum","floor":25,"gold_loss":0},{"damage_healed":0,"gold_gain":0,"player_choice":"Fought Nobs","damage_taken":0,"max_hp_gain":0,"max_hp_loss":0,"event_name":"Colosseum","floor":25,"gold_loss":0}],"is_beta":false,"boss_relics":[{"not_picked":["Inserter","Fusion Hammer"],"picked":"Eternal Feather"}],"items_purged_floors":[],"is_endless":false,"potions_floor_spawned":[12,13,16,18],"killed_by":"Cultist and Chosen","ascension_level":0}