{"gold_per_floor":[114,129,129,129,57,87,117,147,147,147,177,192,192,207,207,307,307,322,322,36,51,66,66,96,96,96,111,111,38,38,38,38,138,138,153,168,168,168,228,258,106,136,136,166,181,181,196,211,211,211],"floor_reached":51,"playtime":1985,"items_purged":["Strike_R+1"],"score":1011,"play_id":"10232334-5f56-4393-8839-ae57aefef0a4","local_time":"20181226175645","daily_mods":["Chimera","Vintage","DeadlyEvents"],"is_ascension_mode":false,"campfire_choices":[{"data":"Defragment","floor":10,"key":"SMITH"},{"data":"Zap","floor":15,"key":"SMITH"},{"data":"Defragment","floor":23,"key":"SMITH"},{"floor":25,"key":"REST"},{"floor":28,"key":"REST"},{"data":"Conserve Battery","floor":30,"key":"SMITH"},{"data":"Hologram","floor":32,"key":"SMITH"},{"floor":49,"key":"REST"}],"neow_cost":"","seed_source_timestamp":535476766731645,"circlet_count":0,"master_deck":["Bash","Survivor","Zap+1","Strike_G+1","Defend_R","Defend_G","Defend_B","Defragment+1","Conserve Battery+1","BootSequence","Hologram+1","Echo Form","Defragment+1","Cold Snap+1","Echo Form+1","Defragment+1","Amplify+1","Consume+1","Capacitor+1","White Noise+1"],"special_seed":17891,"relics":["Cracked Core","Bottled Lightning","Bag of Preparation","Question Card","Singing Bowl","Girya","Pear","Shuriken","Vajra","Dream Catcher","Pen Nib","Mercury Hourglass","Black Star","Nunchaku","MutagenicStrength","Gremlin Horn","Whetstone","Bronze Scales","Toxic Egg 2","Mummified Hand","Frozen Egg 2","Letter Opener","Boot","Inserter","Dodecahedron","Sundial","Anchor","Tiny Chest","Blood Vial","Orichalcum","Omamori","Strawberry","Symbiotic Virus","Bottled Flame","Cables","Art of War","Unceasing Top","Oddly Smooth Stone","Prayer Wheel"],"potions_floor_usage":[8,16,40,50,50,50],"damage_taken":[{"damage":0,"enemies":"Cultist","floor":1,"turns":3},{"damage":12,"enemies":"Jaw Worm","floor":2,"turns":4},{"damage":27,"enemies":"3 Sentries","floor":6,"turns":7},{"damage":6,"enemies":"Lagavulin","floor":7,"turns":7},{"damage":7,"enemies":"3 Sentries","floor":8,"turns":11},{"damage":8,"enemies":"Gremlin Nob","floor":11,"turns":4},{"damage":0,"enemies":"Small Slimes","floor":12,"turns":3},{"damage":2,"enemies":"3 Louse","floor":14,"turns":3},{"damage":0,"enemies":"Slime Boss","floor":16,"turns":5},{"damage":4,"enemies":"Shell Parasite","floor":18,"turns":5},{"damage":9,"enemies":"3 Byrds","floor":21,"turns":4},{"damage":10,"enemies":"Snecko","floor":22,"turns":5},{"damage":54,"enemies":"Slavers","floor":24,"turns":5},{"damage":0,"enemies":"Sentry and Sphere","floor":27,"turns":4},{"damage":6,"enemies":"Champ","floor":33,"turns":7},{"damage":0,"enemies":"3 Darklings","floor":35,"turns":5},{"damage":0,"enemies":"3 Shapes","floor":36,"turns":3},{"damage":27,"enemies":"Nemesis","floor":39,"turns":6},{"damage":0,"enemies":"Reptomancer","floor":40,"turns":4},{"damage":0,"enemies":"Giant Head","floor":42,"turns":6},{"damage":8,"enemies":"Nemesis","floor":44,"turns":3},{"damage":0,"enemies":"Sphere and 2 Shapes","floor":45,"turns":3},{"damage":15,"enemies":"Transient","floor":47,"turns":5},{"damage":0,"enemies":"Writhing Mass","floor":48,"turns":3},{"damage":33,"enemies":"Awakened One","floor":50,"turns":9}],"seed_played":"4795555821384986317","potions_obtained":[{"floor":7,"key":"SkillPotion"},{"floor":12,"key":"PowerPotion"},{"floor":24,"key":"Strength Potion"},{"floor":27,"key":"Explosive Potion"},{"floor":33,"key":"Dexterity Potion"},{"floor":39,"key":"Dexterity Potion"},{"floor":40,"key":"SkillPotion"},{"floor":42,"key":"Dexterity Potion"}],"is_trial":false,"path_per_floor":["M","M","?","T","$","E","E","E","T","R","E","M","?","M","R","B",null,"M","?","$","M","M","R","E","R","T","M","R","$","R","T","R","B",null,"M","M","?","?","E","E","$","E","T","E","M","T","M","M","R","B",null],"character_chosen":"DEFECT","items_purchased":["Defragment","Defragment","Gremlin Horn","Defragment+1","Capacitor+1"],"campfire_rested":3,"item_purchase_floors":[5,20,20,29,41],"current_hp_per_floor":[75,63,60,60,60,33,37,32,32,32,24,24,53,51,51,51,87,83,83,83,74,64,64,12,38,38,38,64,64,64,64,64,58,89,89,89,85,85,60,60,60,69,69,65,67,67,54,56,86,55],"gold":211,"neow_bonus":"","is_prod":false,"is_daily":true,"chose_seed":false,"campfire_upgraded":5,"win_rate":0,"timestamp":1545865005,"path_taken":["M","?","?","?","$","E","?","E","T","R","E","?","?","M","R","BOSS","M","?","$","M","M","R","E","R","T","M","R","$","R","?","R","BOSS","M","M","?","?","?","E","?","?","T","E","M","?","M","M","R","BOSS"],"build_version":"2018-12-25","purchased_purges":1,"victory":true,"max_hp_per_floor":[75,75,75,75,75,75,85,87,87,87,87,87,87,87,87,87,87,87,87,87,87,87,87,89,89,89,89,89,89,89,89,89,89,89,89,89,85,85,87,87,87,94,94,96,96,96,96,96,98,98],"card_choices":[{"not_picked":["Loop","Leap","Melter"],"picked":"Conserve Battery","floor":6},{"not_picked":["Reprogram","Hologram","Fission"],"picked":"BootSequence","floor":7},{"not_picked":["Streamline","Redo","Sweeping Beam","Heatsinks"],"picked":"Singing Bowl","floor":8},{"not_picked":["Darkness","Streamline","Recycle"],"picked":"Hologram","floor":11},{"not_picked":["Hyperbeam","Multi-Cast","Core Surge"],"picked":"Echo Form","floor":16},{"not_picked":["Rebound","Barrage","Beam Cell","Compile Driver"],"picked":"Singing Bowl","floor":24},{"not_picked":["Turbo+1","Consume+1","Gash"],"picked":"Cold Snap+1","floor":25},{"not_picked":["Gash","Chill+1","Barrage"],"picked":"Echo Form+1","floor":28},{"not_picked":["Creative AI+1","Hyperbeam","Machine Learning+1"],"picked":"Amplify+1","floor":33},{"not_picked":["Rebound","Hello World+1","Beam Cell+1","Recycle+1"],"picked":"Singing Bowl","floor":39},{"not_picked":["Reboot+1","Gash+1","Auto Shields+1"],"picked":"Consume+1","floor":40},{"not_picked":["Chaos+1","BootSequence+1","Undo+1"],"picked":"White Noise+1","floor":42},{"not_picked":["Rainbow+1","Leap+1","Redo+1","Hello World+1"],"picked":"Singing Bowl","floor":44},{"not_picked":["Conserve Battery+1","Steam+1","Gash+1","Cold Snap"],"picked":"Singing Bowl","floor":49}],"player_experience":429389,"relics_obtained":[{"floor":1,"key":"Bottled Lightning"},{"floor":2,"key":"Bag of Preparation"},{"floor":4,"key":"Singing Bowl"},{"floor":6,"key":"Girya"},{"floor":7,"key":"Pear"},{"floor":8,"key":"Shuriken"},{"floor":9,"key":"Vajra"},{"floor":11,"key":"Dream Catcher"},{"floor":12,"key":"Pen Nib"},{"floor":14,"key":"Mercury Hourglass"},{"floor":18,"key":"Nunchaku"},{"floor":21,"key":"Whetstone"},{"floor":22,"key":"Bronze Scales"},{"floor":24,"key":"Toxic Egg 2"},{"floor":24,"key":"Mummified Hand"},{"floor":26,"key":"Frozen Egg 2"},{"floor":27,"key":"Letter Opener"},{"floor":31,"key":"Boot"},{"floor":35,"key":"Dodecahedron"},{"floor":36,"key":"Sundial"},{"floor":39,"key":"Anchor"},{"floor":39,"key":"Tiny Chest"},{"floor":40,"key":"Blood Vial"},{"floor":40,"key":"Orichalcum"},{"floor":42,"key":"Omamori"},{"floor":42,"key":"Strawberry"},{"floor":43,"key":"Symbiotic Virus"},{"floor":44,"key":"Bottled Flame"},{"floor":44,"key":"Cables"},{"floor":45,"key":"Art of War"},{"floor":46,"key":"Unceasing Top"},{"floor":47,"key":"Oddly Smooth Stone"},{"floor":48,"key":"Prayer Wheel"}],"event_choices":[{"damage_healed":0,"gold_gain":0,"player_choice":"Success","damage_taken":3,"relics_obtained":["Question Card"],"max_hp_gain":0,"max_hp_loss":0,"event_name":"Scrap Ooze","floor":3,"gold_loss":0},{"damage_healed":29,"gold_gain":0,"player_choice":"Banana","damage_taken":0,"max_hp_gain":0,"max_hp_loss":0,"event_name":"Big Fish","floor":13,"gold_loss":0},{"damage_healed":0,"gold_gain":0,"player_choice":"Inject Mutagens","damage_taken":0,"relics_obtained":["MutagenicStrength"],"max_hp_gain":0,"max_hp_loss":0,"event_name":"Drug Dealer","floor":19,"gold_loss":0},{"damage_healed":0,"gold_gain":0,"player_choice":"Max HP","damage_taken":0,"max_hp_gain":0,"max_hp_loss":4,"event_name":"Winding Halls","floor":37,"gold_loss":0},{"cards_removed":["Strike_B"],"damage_healed":0,"gold_gain":0,"player_choice":"Purged","damage_taken":0,"max_hp_gain":0,"max_hp_loss":0,"event_name":"Purifier","floor":38,"gold_loss":0}],"is_beta":true,"boss_relics":[{"not_picked":["Tiny House","Runic Pyramid"],"picked":"Black Star"},{"not_picked":["Philosopher\u0027s Stone","Snecko Eye"],"picked":"Inserter"}],"items_purged_floors":[41],"is_endless":false,"potions_floor_spawned":[7,12,24,27,33,39,40,42,44,45,47],"ascension_level":0}