{"gold_per_floor":[111,121,71,86,86,86,11,11,11,43,65,41,41,55,55,157,157,172,192,202,149,159,159,159],"floor_reached":24,"playtime":776,"items_purged":["Strike_B"],"score":196,"play_id":"60d6834d-94e6-4d7a-b3c3-b713457b4493","local_time":"20190304200732","is_ascension_mode":false,"campfire_choices":[{"data":"Echo Form","floor":6,"key":"SMITH"},{"data":"Sweeping Beam","floor":8,"key":"SMITH"},{"floor":13,"key":"REST"},{"floor":15,"key":"RECALL"},{"floor":23,"key":"REST"}],"neow_cost":"NONE","seed_source_timestamp":37161454868740,"circlet_count":0,"master_deck":["Defend_B","Defend_B","Defend_B","Defend_B","Zap","Dualcast","Sweeping Beam+1","Ball Lightning","Echo Form+1","Gash","Ball Lightning","Leap","Gash","Electrodynamics","Reinforced Body","Stack","Rebound","Genetic Algorithm+1"],"relics":["Cracked Core","Ancient Tea Set","Odd Mushroom","Empty Cage","Dodecahedron"],"potions_floor_usage":[10,10,10,11,19,19],"damage_taken":[{"damage":0,"enemies":"Small Slimes","floor":1,"turns":3},{"damage":1,"enemies":"2 Louse","floor":2,"turns":2},{"damage":0,"enemies":"Cultist","floor":4,"turns":3},{"damage":14,"enemies":"Gremlin Nob","floor":10,"turns":3},{"damage":12,"enemies":"The Mushroom Lair","floor":11,"turns":3},{"damage":0,"enemies":"Lots of Slimes","floor":14,"turns":2},{"damage":16,"enemies":"Slime Boss","floor":16,"turns":6},{"damage":16,"enemies":"2 Thieves","floor":18,"turns":3},{"damage":0,"enemies":"3 Byrds","floor":19,"turns":3},{"damage":17,"enemies":"Cultist and Chosen","floor":20,"turns":6},{"damage":14,"enemies":"Centurion and Healer","floor":22,"turns":7},{"damage":53,"enemies":"Book of Stabbing","floor":24,"turns":8}],"seed_played":"5009747347647929965","potions_obtained":[{"floor":0,"key":"SkillPotion"},{"floor":0,"key":"PowerPotion"},{"floor":0,"key":"SteroidPotion"},{"floor":10,"key":"SteroidPotion"},{"floor":11,"key":"Weak Potion"},{"floor":14,"key":"LiquidBronze"}],"is_trial":false,"path_per_floor":["M","M","?","M","$","R","$","R","T","E","?","$","R","M","R","B",null,"M","M","M","?","M","R","E"],"character_chosen":"DEFECT","items_purchased":["Leap"],"campfire_rested":2,"item_purchase_floors":[12],"current_hp_per_floor":[75,74,74,74,74,74,74,74,74,60,48,48,70,70,70,54,75,59,59,42,42,28,50,0],"gold":159,"neow_bonus":"THREE_SMALL_POTIONS","is_prod":false,"is_daily":false,"chose_seed":false,"campfire_upgraded":2,"win_rate":0,"timestamp":1551751652,"path_taken":["M","M","?","M","$","R","$","R","T","E","?","$","R","M","R","BOSS","M","M","M","?","?","R","E"],"build_version":"2019-01-23","purchased_purges":1,"victory":false,"max_hp_per_floor":[75,75,75,75,75,75,75,75,75,75,75,75,75,75,75,75,75,75,75,75,75,75,75,75],"card_choices":[{"not_picked":["Defragment","Static Discharge"],"picked":"Sweeping Beam","floor":1},{"not_picked":["Stack","White Noise"],"picked":"Ball Lightning","floor":2},{"not_picked":["Barrage","Cold Snap"],"picked":"Echo Form","floor":4},{"not_picked":["Coolheaded","Compile Driver"],"picked":"Gash","floor":10},{"not_picked":["Streamline","Blizzard"],"picked":"Ball Lightning","floor":11},{"not_picked":["FTL","Ball Lightning"],"picked":"Gash","floor":14},{"not_picked":["Seek","Machine Learning"],"picked":"Electrodynamics","floor":16},{"not_picked":["Stack","Compile Driver"],"picked":"Reinforced Body","floor":18},{"not_picked":["Rebound","Cold Snap"],"picked":"Stack","floor":19},{"not_picked":["Doom and Gloom","Cold Snap"],"picked":"Rebound","floor":20},{"not_picked":["Loop","Streamline"],"picked":"Genetic Algorithm+1","floor":22}],"player_experience":531155,"relics_obtained":[{"floor":10,"key":"Ancient Tea Set"},{"floor":11,"key":"Odd Mushroom"}],"event_choices":[{"cards_removed":["Strike_B"],"damage_healed":0,"gold_gain":0,"player_choice":"Card Removal","damage_taken":0,"max_hp_gain":0,"max_hp_loss":0,"event_name":"The Cleric","floor":3,"gold_loss":50},{"damage_healed":0,"gold_gain":0,"player_choice":"Fought Mushrooms","damage_taken":0,"max_hp_gain":0,"max_hp_loss":0,"event_name":"Mushrooms","floor":11,"gold_loss":0},{"damage_healed":0,"gold_gain":0,"player_choice":"Paid Gold","damage_taken":0,"relics_obtained":["Dodecahedron"],"max_hp_gain":0,"max_hp_loss":0,"event_name":"WeMeetAgain","floor":21,"gold_loss":53}],"is_beta":false,"boss_relics":[{"not_picked":["Pandora\u0027s Box","White Beast Statue"],"picked":"Empty Cage"}],"items_purged_floors":[7],"is_endless":false,"potions_floor_spawned":[4,10,11,14],"killed_by":"Book of Stabbing","ascension_level":0}