{"path_per_floor":["M","M","M","?","M","E","R","E","T","R","M","M","$","M","R"],"character_chosen":"DEFECT","items_purchased":[],"gold_per_floor":[109,125,139,139,153,181,181,206,206,206,216,234,159,171,171,171],"floor_reached":16,"campfire_rested":3,"playtime":593,"item_purchase_floors":[],"current_hp_per_floor":[75,75,75,75,62,13,37,13,13,37,18,25,25,26,50,0],"items_purged":["Regret"],"gold":171,"score":125,"play_id":"4702275b-587a-4e20-8c19-bd918b4b21ad","local_time":"20180622170544","is_prod":false,"is_daily":false,"chose_seed":false,"is_ascension_mode":true,"campfire_upgraded":0,"win_rate":0,"timestamp":1529679944,"campfire_choices":[{"floor":7,"key":"REST"},{"floor":10,"key":"REST"},{"floor":15,"key":"REST"}],"path_taken":["M","M","M","?","M","E","R","E","T","R","M","M","$","M","R","BOSS"],"build_version":"2018-06-21","seed_source_timestamp":48595647827352,"purchased_purges":1,"circlet_count":0,"victory":false,"master_deck":["Strike_B","Strike_B","Strike_B","Strike_B","Defend_B","Defend_B","Defend_B","Defend_B","Zap","Dualcast","Double Energy","White Noise","Heatsinks+1","Heatsinks+1","Tempest"],"max_hp_per_floor":[82,82,82,82,82,82,82,82,82,82,82,82,82,82,82,82],"relics":["Cracked Core","Frozen Egg 2","Question Card","Meat on the Bone","Bottled Flame"],"card_choices":[{"not_picked":["Blizzard","Gash","Coolheaded"],"picked":"SKIP","floor":1},{"not_picked":["Doom and Gloom","Barrage"],"picked":"Double Energy","floor":2},{"not_picked":["Redo","Turbo"],"picked":"White Noise","floor":3},{"not_picked":["Conserve Battery","Gash","Go for the Eyes"],"picked":"SKIP","floor":5},{"not_picked":["Seek","Steam"],"picked":"Heatsinks+1","floor":6},{"not_picked":["Melter","Sunder","Sweeping Beam"],"picked":"Heatsinks+1","floor":8},{"not_picked":["Conserve Battery","Redo","Steam","Sweeping Beam"],"picked":"SKIP","floor":11},{"not_picked":["Steam","Compile Driver","Conserve Battery"],"picked":"Tempest","floor":12},{"not_picked":["Turbo","Barrage","Cold Snap","Hologram"],"picked":"SKIP","floor":14}],"player_experience":401496,"potions_floor_usage":[6,11,16],"damage_taken":[{"damage":7,"enemies":"2 Louse","floor":1,"turns":3},{"damage":0,"enemies":"Cultist","floor":2,"turns":4},{"damage":0,"enemies":"Small Slimes","floor":3,"turns":3},{"damage":13,"enemies":"3 Louse","floor":5,"turns":3},{"damage":49,"enemies":"Gremlin Nob","floor":6,"turns":5},{"damage":24,"enemies":"3 Sentries","floor":8,"turns":8},{"damage":31,"enemies":"Large Slime","floor":11,"turns":5},{"damage":5,"enemies":"2 Fungi Beasts","floor":12,"turns":3},{"damage":11,"enemies":"Blue Slaver","floor":14,"turns":4},{"damage":64,"enemies":"Slime Boss","floor":16,"turns":8}],"relics_obtained":[{"floor":6,"key":"Question Card"},{"floor":8,"key":"Meat on the Bone"},{"floor":9,"key":"Bottled Flame"}],"event_choices":[{"event_name":"Big Fish","player_choice":"Box","floor":4,"damage_taken":0}],"boss_relics":[],"items_purged_floors":[13],"is_endless":false,"potions_floor_spawned":[1,8,11,12],"seed_played":"-3535504533563953910","killed_by":"Slime Boss","ascension_level":2,"potions_obtained":[{"floor":1,"key":"AttackPotion"},{"floor":8,"key":"Fire Potion"},{"floor":11,"key":"FairyPotion"},{"floor":12,"key":"Swift Potion"}],"is_trial":false}