{"path_per_floor":["M","?","M","M","M","E","R","M","T","M","?","M","E","M","R"],"character_chosen":"IRONCLAD","items_purchased":[],"gold_per_floor":[115,115,134,147,166,198,198,213,238,255,255,270,308,322,322],"floor_reached":16,"campfire_rested":0,"playtime":1237,"current_hp_per_floor":[41,41,44,49,46,22,22,28,28,21,21,27,22,23,23],"items_purged":[],"gold":322,"score":116,"play_id":"6360d28a-0030-4586-aa49-8109b4ce5212","is_prod":false,"is_daily":false,"is_ascension_mode":false,"campfire_upgraded":2,"path_taken":["M","?","M","M","?","E","R","M","T","M","?","M","E","M","R","BOSS"],"build_version":"2018-02-22-PROD2","purchased_purges":0,"victory":false,"master_deck":["Strike_R","Strike_R","Strike_R","Strike_R","Strike_R","Defend_R","Defend_R","Defend_R","Defend_R","Bash","Demon Form+1","Uppercut+1","Dropkick","Battle Trance","Flex","Limit Break","Blood for Blood","Juggernaut","Spot Weakness","Heavy Blade","Flame Barrier+1"],"max_hp_per_floor":[80,80,80,80,80,80,80,80,80,80,80,80,80,80,80],"relics":["Burning Blood","Omamori","Orichalcum","Golden Idol","Charon\u0027s Ashes"],"card_choices":[{"not_picked":["Limit Break","Fiend Fire"],"picked":"Demon Form"},{"not_picked":["Rage","Cleave"],"picked":"Uppercut"},{"not_picked":["Thunderclap","Clash"],"picked":"Dropkick"},{"not_picked":["Body Slam","Corruption"],"picked":"Battle Trance"},{"not_picked":["Hemokinesis","Sword Boomerang"],"picked":"Flex"},{"not_picked":["Warcry","True Grit"],"picked":"Limit Break"},{"not_picked":["Searing Blow","Warcry"],"picked":"Blood for Blood"},{"not_picked":["Cleave","Flex"],"picked":"Juggernaut"},{"not_picked":["Clothesline","Sword Boomerang"],"picked":"Spot Weakness"},{"not_picked":["Immolate","Headbutt"],"picked":"Heavy Blade"},{"not_picked":["Clash","Shrug It Off"],"picked":"Flame Barrier"}],"player_experience":145102,"potions_floor_usage":[3,10,16,16],"damage_taken":[{"damage":5,"enemies":"Small Slimes","floor":1,"turns":5},{"damage":3,"enemies":"Jaw Worm","floor":3,"turns":4},{"damage":1,"enemies":"Cultist","floor":4,"turns":4},{"damage":9,"enemies":"Looter","floor":5,"turns":4},{"damage":30,"enemies":"3 Sentries","floor":6,"turns":9},{"damage":0,"enemies":"Large Slime","floor":8,"turns":3},{"damage":13,"enemies":"Gremlin Gang","floor":10,"turns":4},{"damage":0,"enemies":"Exordium Wildlife","floor":12,"turns":3},{"damage":11,"enemies":"Lagavulin","floor":13,"turns":7},{"damage":5,"enemies":"Looter","floor":14,"turns":3},{"damage":24,"enemies":"The Guardian","floor":16,"turns":10}],"event_choices":[{"event_name":"Living Wall","player_choice":"Grow","floor":2,"damage_taken":0},{"event_name":"Golden Idol","player_choice":"Take Wound","floor":11,"damage_taken":0}],"boss_relics":[],"potions_floor_spawned":[1,6,8,10,12],"seed_played":"-1463191936596959983","killed_by":"The Guardian","ascension_level":0,"is_trial":false}