{"path_per_floor":["M","M","M","M","?","E","R","E","T","R","M","M","E","?","R","B",null,"M","M","M","M","?","E","R","?","T","?","E","M","R","M","R","B",null,"M","M","M","M"],"character_chosen":"DEFECT","items_purchased":[],"gold_per_floor":[110,123,137,150,250,283,283,317,395,395,413,427,454,454,454,552,552,571,585,599,609,609,640,640,640,640,640,667,680,680,696,696,792,792,809,826,843,856,856],"floor_reached":39,"campfire_rested":2,"playtime":1778,"item_purchase_floors":[],"current_hp_per_floor":[75,75,75,75,75,61,61,45,45,45,45,45,45,45,45,31,75,63,63,52,25,25,6,43,43,43,29,7,7,46,44,44,12,80,63,48,10,10,0],"items_purged":[],"gold":856,"score":519,"play_id":"55f2283e-0667-4306-a429-6c3fd62492f1","local_time":"20180622024937","is_prod":false,"is_daily":false,"chose_seed":false,"is_ascension_mode":true,"campfire_upgraded":4,"win_rate":0,"timestamp":1529628577,"campfire_choices":[{"data":"Defragment","floor":7,"key":"SMITH"},{"data":"Storm","floor":10,"key":"SMITH"},{"data":"Force Field","floor":15,"key":"SMITH"},{"floor":24,"key":"REST"},{"floor":30,"key":"REST"},{"data":"Sunder","floor":32,"key":"SMITH"}],"path_taken":["M","M","M","M","?","E","R","E","T","R","?","M","E","?","R","BOSS","M","M","M","M","?","E","R","?","T","?","E","M","R","M","R","BOSS","M","M","M","M","M"],"build_version":"2018-06-14v2","seed_source_timestamp":46359071715253,"purchased_purges":0,"victory":false,"master_deck":["Strike_B","Strike_B","Strike_B","Strike_B","Defend_B","Defend_B","Defend_B","Defend_B","Zap","Dualcast","BootSequence","Reinforced Body","Electrodynamics","Defragment+1","Storm+1","Force Field+1","Heatsinks","Consume","Turbo+1","Sunder+1","Normality","Leap+1","Conserve Battery+1","Conserve Battery+1","BootSequence","Echo Form+1","Streamline","Sunder+1","Skim"],"max_hp_per_floor":[75,75,75,75,75,75,75,75,75,75,75,75,75,75,75,75,75,75,75,75,75,75,75,75,75,75,80,80,80,80,80,80,80,80,80,80,80,80,80],"relics":["Cracked Core","Mummified Hand","Girya","Bottled Tornado","Regal Pillow","Shuriken","Black Star","Matryoshka","Prayer Wheel","Incense Burner","Bag of Marbles","Frozen Egg 2","Anchor","DataDisk","Eternal Feather"],"card_choices":[{"not_picked":["Undo","Sweeping Beam"],"picked":"BootSequence","floor":1},{"not_picked":["Beam Cell","Ball Lightning","Compile Driver"],"picked":"SKIP","floor":2},{"not_picked":["Compile Driver","Rebound"],"picked":"Reinforced Body","floor":3},{"not_picked":["Reprogram","Redo"],"picked":"Electrodynamics","floor":4},{"not_picked":["Ball Lightning","Gash"],"picked":"Defragment","floor":6},{"not_picked":["Auto Shields","Chill"],"picked":"Storm","floor":8},{"not_picked":["Turbo","Stack"],"picked":"Force Field","floor":11},{"not_picked":["Steam","Turbo","Conserve Battery"],"picked":"SKIP","floor":12},{"not_picked":["Turbo","Rip and Tear"],"picked":"Heatsinks","floor":13},{"not_picked":["Ball Lightning","Compile Driver","Darkness"],"picked":"SKIP","floor":18},{"not_picked":["Hologram+1","Conserve Battery+1"],"picked":"Consume","floor":19},{"not_picked":["Compile Driver","Leap"],"picked":"Turbo+1","floor":20},{"not_picked":["Redo","BootSequence+1"],"picked":"Sunder","floor":21},{"not_picked":["Aggregate","Ball Lightning+1"],"picked":"Leap+1","floor":23},{"not_picked":["Turbo+1","Fusion","Redo"],"picked":"SKIP","floor":28},{"not_picked":["Sweeping Beam","Steam"],"picked":"Conserve Battery+1","floor":29},{"not_picked":["Stack","Compile Driver+1"],"picked":"Conserve Battery+1","floor":29},{"not_picked":["Steam","Hyperbeam"],"picked":"BootSequence","floor":31},{"not_picked":["Doom and Gloom","Blizzard","Scrape"],"picked":"SKIP","floor":31},{"not_picked":["All For One","Seek"],"picked":"Echo Form+1","floor":33},{"not_picked":["Beam Cell+1","Steam","Sweeping Beam"],"picked":"SKIP","floor":35},{"not_picked":["Leap+1","Stack+1","Barrage+1"],"picked":"SKIP","floor":35},{"not_picked":["Cold Snap+1","Stack","Sweeping Beam"],"picked":"SKIP","floor":36},{"not_picked":["Rainbow","Go for the Eyes+1","Turbo+1"],"picked":"SKIP","floor":36},{"not_picked":["Steam","Chill"],"picked":"Streamline","floor":37},{"not_picked":["Stack+1","Hologram+1","Steam"],"picked":"SKIP","floor":37},{"not_picked":["Turbo+1","Steam+1"],"picked":"Sunder+1","floor":38},{"not_picked":["Go for the Eyes+1","Turbo"],"picked":"Skim","floor":38}],"player_experience":386485,"potions_floor_usage":[6,8,16,20,20,20,20,23,29,33,39],"damage_taken":[{"damage":0,"enemies":"Cultist","floor":1,"turns":3},{"damage":0,"enemies":"Jaw Worm","floor":2,"turns":3},{"damage":0,"enemies":"Small Slimes","floor":3,"turns":3},{"damage":0,"enemies":"Blue Slaver","floor":4,"turns":4},{"damage":14,"enemies":"3 Sentries","floor":6,"turns":6},{"damage":16,"enemies":"Gremlin Nob","floor":8,"turns":3},{"damage":0,"enemies":"Red Slaver","floor":11,"turns":1},{"damage":0,"enemies":"Exordium Wildlife","floor":12,"turns":1},{"damage":0,"enemies":"3 Sentries","floor":13,"turns":3},{"damage":14,"enemies":"Hexaghost","floor":16,"turns":10},{"damage":12,"enemies":"2 Thieves","floor":18,"turns":2},{"damage":0,"enemies":"Chosen","floor":19,"turns":4},{"damage":11,"enemies":"Centurion and Healer","floor":20,"turns":3},{"damage":27,"enemies":"Snecko","floor":21,"turns":5},{"damage":19,"enemies":"Slavers","floor":23,"turns":3},{"damage":22,"enemies":"Gremlin Leader","floor":28,"turns":7},{"damage":0,"enemies":"3 Cultists","floor":29,"turns":2},{"damage":2,"enemies":"Centurion and Healer","floor":31,"turns":5},{"damage":32,"enemies":"Automaton","floor":33,"turns":12},{"damage":17,"enemies":"Orb Walker","floor":35,"turns":4},{"damage":15,"enemies":"3 Darklings","floor":36,"turns":3},{"damage":38,"enemies":"Maw","floor":37,"turns":9},{"damage":0,"enemies":"4 Shapes","floor":38,"turns":4},{"damage":19,"enemies":"Sphere and 2 Shapes","floor":39,"turns":3}],"relics_obtained":[{"floor":6,"key":"Mummified Hand"},{"floor":8,"key":"Girya"},{"floor":9,"key":"Bottled Tornado"},{"floor":13,"key":"Regal Pillow"},{"floor":23,"key":"Prayer Wheel"},{"floor":23,"key":"Incense Burner"},{"floor":26,"key":"Bag of Marbles"},{"floor":26,"key":"Frozen Egg 2"},{"floor":28,"key":"Anchor"},{"floor":28,"key":"DataDisk"}],"event_choices":[{"event_name":"Wheel of Change","player_choice":"Gold","floor":5,"damage_taken":0},{"event_name":"Dead Adventurer","player_choice":"Searched \u00271\u0027 times","floor":14,"damage_taken":0},{"event_name":"Accursed Blacksmith","player_choice":"Rummage","floor":22,"damage_taken":0},{"event_name":"Drug Dealer","player_choice":"Ignored","floor":25,"damage_taken":0},{"event_name":"Forgotten Altar","player_choice":"Shed Blood","floor":27,"damage_taken":0}],"boss_relics":[{"not_picked":["Empty Cage","Tiny House"],"picked":"Black Star"},{"not_picked":["Fusion Hammer","Runic Dome"],"picked":"Eternal Feather"}],"items_purged_floors":[],"is_endless":false,"potions_floor_spawned":[1,6,12,13,16,19,20,28,29,37],"seed_played":"-5681015413319713043","killed_by":"Sphere and 2 Shapes","ascension_level":2,"potions_obtained":[{"floor":1,"key":"Energy Potion"},{"floor":6,"key":"FearPotion"},{"floor":12,"key":"AttackPotion"},{"floor":13,"key":"Ancient Potion"},{"floor":16,"key":"Energy Potion"},{"floor":19,"key":"EntropicBrew"},{"floor":20,"key":"Strength Potion"},{"floor":28,"key":"FocusPotion"},{"floor":29,"key":"SpeedPotion"},{"floor":37,"key":"SkillPotion"}],"is_trial":false}