{"gold_per_floor":[111,111,111,131,131,165,165,180,180,192,223,254,266,296,308,320],"floor_reached":16,"playtime":536,"items_purged":[],"score":152,"play_id":"e253aa00-03f9-4748-b658-5a1687237dde","local_time":"20190106181458","is_ascension_mode":true,"campfire_choices":[{"data":"Cloak And Dagger","floor":7,"key":"SMITH"},{"data":"Leg Sweep","floor":10,"key":"SMITH"},{"data":"Burst","floor":15,"key":"SMITH"}],"neow_cost":"NONE","seed_source_timestamp":550892956626600,"circlet_count":0,"master_deck":["Defend_G","Defend_G","Defend_G","Defend_G+1","Defend_G+1","Strike_G","Strike_G","Strike_G","Strike_G","Strike_G","Survivor+1","Neutralize+1","Cloak And Dagger+1","Backflip","Leg Sweep+1","Quick Slash","Dagger Spray","Deflect+1","Burst+1"],"relics":["Ring of the Snake","NeowsBlessing","Mummified Hand","Singing Bowl","MawBank","War Paint"],"potions_floor_usage":[16,16],"damage_taken":[{"damage":0,"enemies":"Small Slimes","floor":1,"turns":1},{"damage":0,"enemies":"2 Louse","floor":4,"turns":1},{"damage":0,"enemies":"Gremlin Nob","floor":6,"turns":1},{"damage":0,"enemies":"Cultist","floor":8,"turns":4},{"damage":13,"enemies":"Gremlin Gang","floor":11,"turns":4},{"damage":7,"enemies":"Exordium Thugs","floor":12,"turns":7},{"damage":0,"enemies":"2 Fungi Beasts","floor":14,"turns":3},{"damage":28,"enemies":"Hexaghost","floor":16,"turns":16}],"seed_played":"-5428304361832983552","potions_obtained":[{"floor":6,"key":"FearPotion"},{"floor":12,"key":"SpeedPotion"},{"floor":14,"key":"Strength Potion"}],"is_trial":false,"path_per_floor":["M","?","?","M","?","E","R","M","T","R","M","M","T","M","R","B"],"character_chosen":"THE_SILENT","items_purchased":[],"campfire_rested":0,"item_purchase_floors":[],"current_hp_per_floor":[70,56,44,44,44,44,44,44,44,44,31,24,24,24,24,0],"gold":320,"neow_bonus":"THREE_ENEMY_KILL","is_prod":false,"is_daily":false,"chose_seed":false,"campfire_upgraded":3,"win_rate":0,"timestamp":1546794898,"path_taken":["M","?","?","M","?","E","R","M","T","R","M","M","?","M","R","BOSS"],"build_version":"2019-01-03v4","purchased_purges":0,"victory":false,"max_hp_per_floor":[70,70,70,70,70,70,70,70,70,70,70,70,70,70,70,70],"card_choices":[{"not_picked":["Masterful Stab","Riddle With Holes"],"picked":"Cloak And Dagger","floor":1},{"not_picked":["Deadly Poison","Blade Dance"],"picked":"Backflip","floor":4},{"not_picked":["Deadly Poison","Predator"],"picked":"Leg Sweep","floor":6},{"not_picked":["Expertise","Slice"],"picked":"Quick Slash","floor":8},{"not_picked":["Bouncing Flask","Dodge and Roll"],"picked":"Dagger Spray","floor":11},{"not_picked":["Skewer","Flying Knee"],"picked":"Deflect","floor":12},{"not_picked":["Dagger Spray","Concentrate"],"picked":"Burst","floor":14}],"player_experience":347191,"relics_obtained":[{"floor":6,"key":"Singing Bowl"},{"floor":9,"key":"MawBank"},{"floor":13,"key":"War Paint"}],"event_choices":[{"damage_healed":0,"gold_gain":0,"player_choice":"Entered Light","damage_taken":14,"max_hp_gain":0,"max_hp_loss":0,"event_name":"Shining Light","floor":2,"gold_loss":0,"cards_upgraded":["Defend_G","Defend_G"]},{"damage_healed":0,"gold_gain":0,"player_choice":"Success","damage_taken":12,"relics_obtained":["Mummified Hand"],"max_hp_gain":0,"max_hp_loss":0,"event_name":"Scrap Ooze","floor":3,"gold_loss":0},{"damage_healed":0,"gold_gain":0,"player_choice":"Grow","damage_taken":0,"max_hp_gain":0,"max_hp_loss":0,"event_name":"Living Wall","floor":5,"gold_loss":0,"cards_upgraded":["Neutralize"]}],"is_beta":false,"boss_relics":[],"items_purged_floors":[],"is_endless":false,"potions_floor_spawned":[6,12,14],"killed_by":"Hexaghost","ascension_level":4}