{"path_per_floor":["M","M","?","?","M","R","M","E","T","M","?","R","E","M","R","B",null,"M","?","?","M","$"],"character_chosen":"IRONCLAD","items_purchased":["Mummified Hand","Art of War"],"gold_per_floor":[113,128,128,128,142,142,161,199,223,242,192,192,228,251,251,370,370,395,395,395,414,17,17],"floor_reached":23,"campfire_rested":0,"playtime":1304,"current_hp_per_floor":[80,80,60,60,54,54,58,40,40,37,37,37,29,32,32,19,80,77,77,77,40,40,0],"items_purged":[],"gold":17,"score":201,"play_id":"f066fddf-b677-4087-8d82-d81190853134","local_time":"20180507031637","is_prod":false,"is_daily":false,"chose_seed":false,"is_ascension_mode":false,"campfire_upgraded":3,"timestamp":1525655797,"path_taken":["M","M","?","?","M","R","M","E","T","M","?","R","E","?","R","BOSS","M","?","?","M","?","E"],"build_version":"2018-05-03","seed_source_timestamp":7206660126043,"purchased_purges":0,"victory":false,"master_deck":["Strike_R","Strike_R","Strike_R","Defend_R+1","Defend_R","Defend_R+1","Defend_R","Bash+1","Evolve","Fiend Fire+1","Inflame+1","Sever Soul+1","Carnage","Dual Wield","Ghostly Armor+1","Limit Break"],"max_hp_per_floor":[80,80,80,80,80,80,80,80,80,80,80,80,80,80,80,80,80,80,80,80,80,80,80],"relics":["Black Blood","Golden Idol","Whetstone","War Paint","Dream Catcher","Mummified Hand","Art of War"],"card_choices":[{"not_picked":["True Grit","Clash"],"picked":"Evolve","floor":2},{"not_picked":["Twin Strike","Corruption"],"picked":"Inflame","floor":5},{"not_picked":["Heavy Blade","Wild Strike"],"picked":"Sever Soul","floor":7},{"not_picked":["Perfected Strike","Evolve"],"picked":"Carnage","floor":8},{"not_picked":["Hemokinesis","Armaments"],"picked":"Dual Wield","floor":13},{"not_picked":["Sword Boomerang","Body Slam"],"picked":"Ghostly Armor","floor":14},{"not_picked":["Immolate","Double Tap"],"picked":"Limit Break","floor":16}],"player_experience":232816,"potions_floor_usage":[8,16,23],"damage_taken":[{"damage":2,"enemies":"2 Louse","floor":1,"turns":4},{"damage":6,"enemies":"Cultist","floor":2,"turns":3},{"damage":12,"enemies":"Small Slimes","floor":5,"turns":3},{"damage":2,"enemies":"Exordium Wildlife","floor":7,"turns":5},{"damage":24,"enemies":"Lagavulin","floor":8,"turns":6},{"damage":9,"enemies":"2 Fungi Beasts","floor":10,"turns":2},{"damage":14,"enemies":"Gremlin Nob","floor":13,"turns":3},{"damage":3,"enemies":"Large Slime","floor":14,"turns":4},{"damage":19,"enemies":"Slime Boss","floor":16,"turns":10},{"damage":13,"enemies":"Spheric Guardian","floor":18,"turns":4},{"damage":47,"enemies":"3 Byrds","floor":21,"turns":8},{"damage":43,"enemies":"Gremlin Leader","floor":23,"turns":4}],"event_choices":[{"event_name":"Golden Idol","player_choice":"Take Damage","floor":3,"damage_taken":0},{"event_name":"Living Wall","player_choice":"Change","floor":4,"damage_taken":0},{"event_name":"The Cleric","player_choice":"Card Removal","floor":11,"damage_taken":0},{"event_name":"Ghosts","player_choice":"Ignored","floor":19,"damage_taken":0},{"event_name":"Beggar","player_choice":"Ignored","floor":20,"damage_taken":0}],"boss_relics":[{"not_picked":["Pandora\u0027s Box","Runic Cube"],"picked":"Black Blood"}],"potions_floor_spawned":[2,5,8,13,21],"seed_played":"-315003778532972858","killed_by":"Gremlin Leader","ascension_level":0,"is_trial":false}