{"path_per_floor":["M","M","?","?","M","R","?","R","T","M","?","M","M","M","R","B",null,"M","?","$","?","M"],"character_chosen":"IRONCLAD","items_purchased":["Pummel","Torii"],"gold_per_floor":[110,128,128,203,223,223,223,223,223,243,271,281,293,313,313,410,410,424,349,2,2,13],"floor_reached":23,"campfire_rested":0,"playtime":1852,"current_hp_per_floor":[69,71,55,44,50,50,50,50,50,56,42,48,54,60,60,37,80,63,63,63,63,50],"items_purged":[],"gold":13,"score":183,"play_id":"b5dfadb2-5345-4868-a837-31e66301ef5c","is_prod":false,"is_daily":false,"is_ascension_mode":false,"campfire_upgraded":3,"path_taken":["M","M","?","?","M","R","?","R","T","M","?","M","M","M","R","BOSS","M","?","$","?","M","E"],"build_version":"2018-02-15-PROD1","purchased_purges":0,"victory":false,"master_deck":["Strike_R+1","Strike_R","Defend_R","Defend_R","Defend_R","Defend_R","Bash+1","Iron Wave+1","Flame Barrier+1","Dropkick","Iron Wave+1","Intimidate","Double Tap+1","Clothesline+1","Demon Form","Dual Wield","Pummel+1","Fiend Fire+1"],"max_hp_per_floor":[80,80,80,80,80,80,80,80,80,80,80,80,80,80,80,80,80,80,80,80,80,80],"relics":["Burning Blood","Juzu Bracelet","Molten Egg 2","Odd Mushroom","Mark of Pain","Torii"],"card_choices":[{"not_picked":["Headbutt","Perfected Strike"],"picked":"Iron Wave"},{"not_picked":["Rage","Combust"],"picked":"Flame Barrier"},{"not_picked":["Pummel","Heavy Blade"],"picked":"Dropkick"},{"not_picked":["Headbutt","Shrug It Off"],"picked":"Iron Wave"},{"not_picked":["Sentinel","Sword Boomerang"],"picked":"Intimidate"},{"not_picked":["Pommel Strike","Flame Barrier"],"picked":"Double Tap"},{"not_picked":["Warcry","Sever Soul"],"picked":"Clothesline"},{"not_picked":["Dark Embrace","Juggernaut"],"picked":"Demon Form"},{"not_picked":["Hemokinesis","Havoc"],"picked":"Dual Wield"}],"player_experience":89308,"potions_floor_usage":[10,16,23],"damage_taken":[{"damage":17,"enemies":"Small Slimes","floor":1,"turns":4},{"damage":4,"enemies":"Jaw Worm","floor":2,"turns":4},{"damage":0,"enemies":"Cultist","floor":5,"turns":3},{"damage":0,"enemies":"Red Slaver","floor":10,"turns":4},{"damage":20,"enemies":"The Mushroom Lair","floor":11,"turns":6},{"damage":0,"enemies":"Exordium Wildlife","floor":12,"turns":5},{"damage":0,"enemies":"Blue Slaver","floor":13,"turns":3},{"damage":0,"enemies":"Gremlin Gang","floor":14,"turns":6},{"damage":29,"enemies":"Hexaghost","floor":16,"turns":9},{"damage":23,"enemies":"Spheric Guardian","floor":18,"turns":4},{"damage":19,"enemies":"Shell Parasite","floor":22,"turns":5},{"damage":51,"enemies":"Slavers","floor":23,"turns":7}],"event_choices":[{"event_name":"Shining Light","player_choice":"Entered Light","floor":3,"damage_taken":0},{"event_name":"World of Goop","player_choice":"Gather Gold","floor":4,"damage_taken":0},{"event_name":"Purifier","player_choice":"One Purge","floor":7,"damage_taken":0},{"event_name":"Mushrooms","player_choice":"Fought Mushrooms","floor":11,"damage_taken":0},{"event_name":"Beggar","player_choice":"Gave Gold","floor":19,"damage_taken":0},{"event_name":"Transmorgrifier","player_choice":"Transform","floor":21,"damage_taken":0}],"boss_relics":[{"not_picked":["Black Blood","Lizard Tail"],"picked":"Mark of Pain"}],"potions_floor_spawned":[2,12,14,16,18],"seed_played":"1124732039209446743","killed_by":"Slavers","ascension_level":0,"is_trial":false}