{"gold_per_floor":[119,119,135,154,171,171,171,171,171,171,198,211,221,235,235,335,335,346,200,200,125,137,137,170,170,195,213,229,229,247,265,265,366,366,378,378,49,49,59,89,107,107],"floor_reached":42,"playtime":2357,"items_purged":["Strike_B","Doubt"],"score":517,"play_id":"ed438b33-d380-4266-b9d7-c7aa25196a8a","local_time":"20181214163503","is_ascension_mode":false,"campfire_choices":[{"data":"Seek","floor":7,"key":"SMITH"},{"data":"Sweeping Beam","floor":10,"key":"SMITH"},{"floor":15,"key":"REST"},{"data":"Blizzard","floor":23,"key":"SMITH"},{"data":"Redo","floor":25,"key":"SMITH"},{"floor":32,"key":"REST"}],"neow_cost":"NONE","seed_source_timestamp":113531875988000,"circlet_count":0,"master_deck":["Strike_B+1","Strike_B+1","Strike_B+1","Defend_B+1","Defend_B+1","Defend_B+1","Defend_B+1","Zap+1","Dualcast+1","Echo Form","Turbo","Blizzard+1","Sweeping Beam+1","Seek+1","Glacier","Cold Snap","Barrage","Cold Snap+1","Coolheaded","Redo+1","Redo","Loop","Go for the Eyes","Go for the Eyes+1","Blind","Consume","Madness","Madness","Hologram+1","FTL"],"relics":["Cracked Core","Matryoshka","Ancient Tea Set","Oddly Smooth Stone","Odd Mushroom","Cursed Key","Vajra","MutagenicStrength","Symbiotic Virus","Regal Pillow","Bag of Preparation","Inserter","PreservedInsect","Pen Nib"],"potions_floor_usage":[11,13,13,14,16,28,33,40,41],"damage_taken":[{"damage":7,"enemies":"Small Slimes","floor":1,"turns":3},{"damage":1,"enemies":"2 Louse","floor":3,"turns":3},{"damage":10,"enemies":"Jaw Worm","floor":4,"turns":4},{"damage":18,"enemies":"Large Slime","floor":5,"turns":5},{"damage":12,"enemies":"The Mushroom Lair","floor":11,"turns":3},{"damage":0,"enemies":"3 Louse","floor":12,"turns":2},{"damage":7,"enemies":"Exordium Thugs","floor":13,"turns":4},{"damage":1,"enemies":"Gremlin Gang","floor":14,"turns":6},{"damage":15,"enemies":"The Guardian","floor":16,"turns":14},{"damage":16,"enemies":"Spheric Guardian","floor":18,"turns":4},{"damage":4,"enemies":"3 Byrds","floor":22,"turns":5},{"damage":13,"enemies":"Gremlin Leader","floor":24,"turns":7},{"damage":14,"enemies":"Centurion and Healer","floor":27,"turns":4},{"damage":0,"enemies":"Snake Plant","floor":28,"turns":4},{"damage":1,"enemies":"Cultist and Chosen","floor":30,"turns":6},{"damage":0,"enemies":"3 Cultists","floor":31,"turns":3},{"damage":0,"enemies":"Champ","floor":33,"turns":16},{"damage":1,"enemies":"3 Shapes","floor":35,"turns":5},{"damage":10,"enemies":"3 Darklings","floor":39,"turns":6},{"damage":32,"enemies":"Reptomancer","floor":40,"turns":8},{"damage":0,"enemies":"Transient","floor":41,"turns":5},{"damage":27,"enemies":"Spire Growth","floor":42,"turns":3}],"seed_played":"2063019245443549536","potions_obtained":[{"floor":5,"key":"Energy Potion"},{"floor":11,"key":"PowerPotion"},{"floor":12,"key":"EssenceOfSteel"},{"floor":13,"key":"Regen Potion"},{"floor":14,"key":"AttackPotion"},{"floor":22,"key":"FearPotion"},{"floor":27,"key":"AttackPotion"},{"floor":28,"key":"Swift Potion"},{"floor":31,"key":"Ancient Potion"},{"floor":33,"key":"SteroidPotion"},{"floor":40,"key":"EssenceOfSteel"},{"floor":41,"key":"SpeedPotion"}],"is_trial":false,"path_per_floor":["M","?","M","M","M","?","R","?","T","R","?","M","M","M","R","B",null,"M","$","?","$","M","R","E","R","T","M","M","?","M","M","R","B",null,"M","?","$","?","M","E","M","M"],"character_chosen":"DEFECT","items_purchased":["Vajra","Consume","PreservedInsect"],"campfire_rested":2,"item_purchase_floors":[19,37,37],"current_hp_per_floor":[68,68,67,57,39,36,36,21,21,21,9,9,2,16,38,23,75,59,59,59,59,55,55,42,42,42,28,28,28,27,27,64,64,75,74,74,74,65,55,23,23,0],"gold":107,"neow_bonus":"ONE_RANDOM_RARE_CARD","is_prod":false,"is_daily":false,"chose_seed":false,"campfire_upgraded":4,"win_rate":0,"timestamp":1544801703,"path_taken":["M","?","M","M","M","?","R","?","T","R","?","M","M","M","R","BOSS","M","$","?","$","M","R","E","R","T","M","M","?","M","M","R","BOSS","M","?","$","?","M","E","M","M"],"build_version":"2018-12-13","purchased_purges":2,"victory":false,"max_hp_per_floor":[75,75,75,75,75,75,75,75,75,75,75,75,75,75,75,75,75,75,75,75,75,75,75,75,75,75,75,75,75,75,75,75,75,75,75,75,75,75,75,75,75,75],"card_choices":[{"not_picked":["Beam Cell","Darkness"],"picked":"Turbo","floor":1},{"not_picked":["Tempest","Sunder"],"picked":"Blizzard","floor":3},{"not_picked":["Darkness","Go for the Eyes"],"picked":"Sweeping Beam","floor":4},{"not_picked":["Go for the Eyes","Compile Driver"],"picked":"Seek","floor":5},{"not_picked":["Steam","Double Energy"],"picked":"Glacier","floor":11},{"not_picked":["Double Energy","Gash","Sweeping Beam"],"picked":"SKIP","floor":12},{"not_picked":["Go for the Eyes","BootSequence"],"picked":"Cold Snap","floor":13},{"not_picked":["Stack","Heatsinks"],"picked":"Barrage","floor":14},{"not_picked":["Streamline","Melter"],"picked":"Cold Snap+1","floor":18},{"not_picked":["FTL+1","Compile Driver+1"],"picked":"Coolheaded","floor":22},{"not_picked":["FTL","Gash"],"picked":"Redo","floor":24},{"not_picked":["Beam Cell","Go for the Eyes"],"picked":"Redo","floor":27},{"not_picked":["Recycle","Lockon","Stack+1"],"picked":"SKIP","floor":28},{"not_picked":["Ball Lightning","Leap"],"picked":"Loop","floor":30},{"not_picked":["Turbo","Beam Cell"],"picked":"Go for the Eyes","floor":31},{"not_picked":["Skim","Genetic Algorithm+1"],"picked":"Go for the Eyes+1","floor":35},{"not_picked":["Chrysalis","Sadistic Nature"],"picked":"Blind","floor":36},{"not_picked":["Melter","Stack+1","Gash"],"picked":"SKIP","floor":39},{"not_picked":["Streamline+1","Steam"],"picked":"Hologram+1","floor":40},{"not_picked":["Leap","Sweeping Beam+1"],"picked":"FTL","floor":41}],"player_experience":249391,"relics_obtained":[{"floor":9,"key":"Ancient Tea Set"},{"floor":9,"key":"Oddly Smooth Stone"},{"floor":11,"key":"Odd Mushroom"},{"floor":24,"key":"Symbiotic Virus"},{"floor":26,"key":"Regal Pillow"},{"floor":26,"key":"Bag of Preparation"},{"floor":40,"key":"Pen Nib"}],"event_choices":[{"damage_healed":0,"gold_gain":0,"player_choice":"Grow","damage_taken":0,"max_hp_gain":0,"max_hp_loss":0,"event_name":"Living Wall","floor":2,"gold_loss":0,"cards_upgraded":["Zap"]},{"damage_healed":0,"gold_gain":0,"player_choice":"Success","damage_taken":3,"relics_obtained":["Matryoshka"],"max_hp_gain":0,"max_hp_loss":0,"event_name":"Scrap Ooze","floor":6,"gold_loss":0},{"damage_healed":0,"gold_gain":0,"player_choice":"Entered Light","damage_taken":15,"max_hp_gain":0,"max_hp_loss":0,"event_name":"Shining Light","floor":8,"gold_loss":0,"cards_upgraded":["Dualcast","Strike_B"]},{"damage_healed":0,"gold_gain":0,"player_choice":"Fought Mushrooms","damage_taken":0,"max_hp_gain":0,"max_hp_loss":0,"event_name":"Mushrooms","floor":11,"gold_loss":0},{"damage_healed":0,"gold_gain":0,"player_choice":"Inject Mutagens","damage_taken":0,"relics_obtained":["MutagenicStrength"],"max_hp_gain":0,"max_hp_loss":0,"event_name":"Drug Dealer","floor":20,"gold_loss":0},{"damage_healed":0,"gold_gain":0,"player_choice":"Simplicity","damage_taken":0,"max_hp_gain":0,"max_hp_loss":0,"event_name":"Back to Basics","floor":29,"gold_loss":0,"cards_upgraded":["Strike_B","Strike_B","Defend_B","Defend_B","Defend_B","Defend_B"]},{"damage_healed":0,"gold_gain":0,"player_choice":"Memory 1","damage_taken":0,"max_hp_gain":0,"max_hp_loss":0,"event_name":"SensoryStone","floor":36,"gold_loss":0},{"damage_healed":0,"gold_gain":0,"player_choice":"Embrace Madness","damage_taken":9,"max_hp_gain":0,"max_hp_loss":0,"event_name":"Winding Halls","floor":38,"gold_loss":0,"cards_obtained":["Madness","Madness"]}],"is_beta":false,"boss_relics":[{"not_picked":["Lizard Tail","Busted Crown"],"picked":"Cursed Key"},{"not_picked":["Snecko Eye","Orrery"],"picked":"Inserter"}],"items_purged_floors":[21,37],"is_endless":false,"potions_floor_spawned":[5,11,12,13,14,22,27,28,31,33,40,41],"killed_by":"Spire Growth","ascension_level":0}