{"gold_per_floor":[114,114,114,114,132,197,218,249,274,274,25,25,25,91,91,186,186,202,216,216,216,216,216,239,239,286,299,314,84,109,109,109,207,207,231,231,251,265,44,44,44,44,69,69,69,87,101,122,122,122],"floor_reached":51,"playtime":3668,"items_purged":["Expertise"],"score":1045,"play_id":"29d63ef1-0d8a-4c81-942d-38d34a706b1d","local_time":"20190214202311","is_ascension_mode":true,"campfire_choices":[{"data":"Well Laid Plans","floor":10,"key":"SMITH"},{"data":"Dodge and Roll","floor":13,"key":"SMITH"},{"floor":15,"key":"REST"},{"data":"Concentrate","floor":23,"key":"SMITH"},{"data":"Cloak And Dagger","floor":25,"key":"SMITH"},{"floor":32,"key":"REST"},{"floor":40,"key":"REST"},{"data":"Envenom","floor":42,"key":"SMITH"},{"data":"Catalyst","floor":45,"key":"SMITH"},{"floor":49,"key":"REST"}],"neow_cost":"NONE","seed_source_timestamp":38372694423700,"circlet_count":0,"master_deck":["AscendersBane","Survivor+1","Neutralize+1","Quick Slash","Dodge and Roll+1","Backflip+1","Well Laid Plans+1","Die Die Die","Sucker Punch","Malaise","Die Die Die","Tactician","Expertise","Concentrate+1","Riddle With Holes","Cloak And Dagger+1","Terror+1","PiercingWail","Heel Hook","Bouncing Flask","Riddle With Holes","Doppelganger","Unload","Envenom+1","Deadly Poison","Calculated Gamble","Leg Sweep","Catalyst+1","PiercingWail+1","Flash of Steel","Wraith Form v2","Backflip","Prepared+1","After Image","Catalyst"],"relics":["Ring of the Snake","Golden Idol","Tiny Chest","Juzu Bracelet","PreservedInsect","Matryoshka","Paper Crane","Pandora\u0027s Box","War Paint","Nunchaku","Kunai","Omamori","Potion Belt","Dream Catcher","Lizard Tail","Bronze Scales","Anchor"],"potions_floor_usage":[6,8,38,38,46,47,50,50,50,50,50,50,50,50],"damage_taken":[{"damage":0,"enemies":"2 Louse","floor":1,"turns":2},{"damage":0,"enemies":"Small Slimes","floor":5,"turns":4},{"damage":10,"enemies":"3 Sentries","floor":6,"turns":14},{"damage":0,"enemies":"Jaw Worm","floor":7,"turns":5},{"damage":11,"enemies":"Lagavulin","floor":8,"turns":9},{"damage":8,"enemies":"Gremlin Nob","floor":14,"turns":3},{"damage":23,"enemies":"Hexaghost","floor":16,"turns":16},{"damage":1,"enemies":"Spheric Guardian","floor":18,"turns":6},{"damage":0,"enemies":"Chosen","floor":19,"turns":4},{"damage":5,"enemies":"Shelled Parasite and Fungi","floor":24,"turns":5},{"damage":8,"enemies":"Centurion and Healer","floor":27,"turns":7},{"damage":3,"enemies":"Snake Plant","floor":28,"turns":6},{"damage":18,"enemies":"Automaton","floor":33,"turns":14},{"damage":23,"enemies":"3 Shapes","floor":35,"turns":10},{"damage":0,"enemies":"Orb Walker","floor":37,"turns":4},{"damage":6,"enemies":"Transient","floor":38,"turns":5},{"damage":18,"enemies":"3 Darklings","floor":46,"turns":10},{"damage":8,"enemies":"Writhing Mass","floor":47,"turns":8},{"damage":3,"enemies":"4 Shapes","floor":48,"turns":5},{"damage":26,"enemies":"Donu and Deca","floor":50,"turns":12}],"seed_played":"4312050740110676382","potions_obtained":[{"floor":5,"key":"Explosive Potion"},{"floor":6,"key":"SteroidPotion"},{"floor":27,"key":"SteroidPotion"},{"floor":28,"key":"SpeedPotion"},{"floor":35,"key":"Ancient Potion"},{"floor":41,"key":"GhostInAJar"},{"floor":41,"key":"Explosive Potion"},{"floor":41,"key":"EntropicBrew"},{"floor":46,"key":"Regen Potion"},{"floor":48,"key":"Explosive Potion"}],"is_trial":false,"path_per_floor":["M","?","?","?","M","E","M","E","T","R","$","?","R","?","R","B",null,"M","M","?","T","?","R","M","R","T","M","M","$","T","?","R","B",null,"M","?","M","M","$","R","?","R","T","?","R","M","M","M","R","B",null],"character_chosen":"THE_SILENT","items_purchased":["Matryoshka","Heel Hook","Bouncing Flask","Bronze Scales","Catalyst"],"campfire_rested":4,"item_purchase_floors":[11,29,29,39,39],"current_hp_per_floor":[63,56,56,43,43,33,33,22,22,22,22,22,22,14,33,10,51,50,50,50,50,50,50,45,45,45,37,34,34,34,34,53,35,58,35,35,35,29,29,47,47,47,47,47,47,29,36,33,51,25],"gold":122,"neow_bonus":"THREE_CARDS","is_prod":false,"is_daily":false,"chose_seed":false,"campfire_upgraded":6,"win_rate":0,"timestamp":1550172191,"path_taken":["M","?","?","?","M","E","?","E","T","R","?","?","R","?","R","BOSS","M","M","?","?","?","R","M","R","T","M","M","$","?","?","R","BOSS","M","?","M","M","$","R","?","R","T","?","R","M","M","M","R","BOSS"],"build_version":"2019-01-23","purchased_purges":1,"victory":true,"max_hp_per_floor":[70,70,65,65,65,65,65,65,65,65,65,65,65,65,65,65,65,65,65,65,65,65,65,65,65,65,65,65,65,65,65,65,65,65,65,62,62,62,62,62,62,62,62,62,62,62,62,62,62,62],"card_choices":[{"not_picked":["Deflect","Backflip"],"picked":"Quick Slash","floor":0},{"not_picked":["Deflect","Blur"],"picked":"Dodge and Roll","floor":1},{"not_picked":["Blade Dance","Calculated Gamble"],"picked":"Backflip","floor":5},{"not_picked":["Underhanded Strike","Choke"],"picked":"Well Laid Plans","floor":6},{"not_picked":["Slice","Blade Dance"],"picked":"Terror","floor":7},{"not_picked":["Bane","Acrobatics"],"picked":"Die Die Die","floor":8},{"not_picked":["Quick Slash","Distraction"],"picked":"Sucker Punch","floor":14},{"not_picked":["Unload","Phantasmal Killer"],"picked":"Malaise","floor":16},{"not_picked":["Backflip","Backstab"],"picked":"Cloak And Dagger","floor":18},{"not_picked":["Cloak And Dagger","Flying Knee"],"picked":"Terror+1","floor":19},{"not_picked":["Flying Knee","Prepared"],"picked":"PiercingWail","floor":24},{"not_picked":["Slice","Flying Knee","Acrobatics"],"picked":"SKIP","floor":27},{"not_picked":["Flying Knee","Riddle With Holes","Acrobatics"],"picked":"SKIP","floor":28},{"not_picked":["Bane","Flying Knee"],"picked":"Unload","floor":32},{"not_picked":["Phantasmal Killer","Burst"],"picked":"Envenom","floor":33},{"not_picked":["Outmaneuver+1","Backstab"],"picked":"Deadly Poison","floor":35},{"not_picked":["Riddle With Holes","PiercingWail"],"picked":"Calculated Gamble","floor":37},{"not_picked":["Caltrops","Dagger Throw"],"picked":"Leg Sweep","floor":38},{"not_picked":["Poisoned Stab+1","Tactician"],"picked":"PiercingWail+1","floor":40},{"not_picked":["Acrobatics","Setup+1"],"picked":"Backflip","floor":46},{"not_picked":["Reflex","Sucker Punch"],"picked":"Prepared+1","floor":47},{"not_picked":["Blade Dance+1","Bane"],"picked":"After Image","floor":48},{"not_picked":["Underhanded Strike+1","Poisoned Stab"],"picked":"Catalyst","floor":49}],"player_experience":489420,"relics_obtained":[{"floor":6,"key":"Tiny Chest"},{"floor":8,"key":"Juzu Bracelet"},{"floor":9,"key":"PreservedInsect"},{"floor":14,"key":"Paper Crane"},{"floor":21,"key":"War Paint"},{"floor":21,"key":"Nunchaku"},{"floor":26,"key":"Omamori"},{"floor":26,"key":"Potion Belt"},{"floor":30,"key":"Dream Catcher"},{"floor":43,"key":"Anchor"}],"event_choices":[{"cards_removed":["Strike_G"],"damage_healed":0,"gold_gain":0,"player_choice":"Card Removal","damage_taken":7,"max_hp_gain":0,"max_hp_loss":0,"event_name":"Golden Wing","floor":2,"gold_loss":0},{"damage_healed":0,"gold_gain":0,"player_choice":"Lose Max HP","damage_taken":0,"relics_obtained":["Golden Idol"],"max_hp_gain":0,"max_hp_loss":5,"event_name":"Golden Idol","floor":3,"gold_loss":0},{"damage_healed":0,"gold_gain":0,"player_choice":"Entered Light","damage_taken":13,"max_hp_gain":0,"max_hp_loss":0,"event_name":"Shining Light","floor":4,"gold_loss":0,"cards_upgraded":["Defend_G","Neutralize"]},{"cards_removed":["Strike_G"],"damage_healed":0,"gold_gain":0,"player_choice":"Purged","damage_taken":0,"max_hp_gain":0,"max_hp_loss":0,"event_name":"Purifier","floor":12,"gold_loss":0},{"damage_healed":0,"gold_gain":30,"player_choice":"Searched \u00273\u0027 times","damage_taken":0,"max_hp_gain":0,"max_hp_loss":0,"event_name":"Dead Adventurer","floor":14,"gold_loss":0},{"cards_removed":["Accuracy"],"damage_healed":0,"gold_gain":0,"player_choice":"Elegance","damage_taken":0,"max_hp_gain":0,"max_hp_loss":0,"event_name":"Back to Basics","floor":20,"gold_loss":0},{"damage_healed":0,"gold_gain":0,"player_choice":"Opened","damage_taken":0,"relics_obtained":["Kunai"],"max_hp_gain":0,"max_hp_loss":0,"event_name":"The Mausoleum","floor":22,"gold_loss":0},{"damage_healed":0,"gold_gain":0,"cards_transformed":["Terror","Terror"],"player_choice":"Became Test Subject","damage_taken":0,"max_hp_gain":0,"max_hp_loss":0,"event_name":"Drug Dealer","floor":31,"gold_loss":0,"cards_obtained":["Riddle With Holes","Doppelganger"]},{"damage_healed":0,"gold_gain":0,"player_choice":"Max HP","damage_taken":0,"max_hp_gain":0,"max_hp_loss":3,"event_name":"Winding Halls","floor":36,"gold_loss":0},{"damage_healed":0,"gold_gain":0,"player_choice":"Got Potions","damage_taken":0,"max_hp_gain":0,"max_hp_loss":0,"event_name":"Lab","floor":41,"gold_loss":0},{"damage_healed":0,"gold_gain":0,"player_choice":"2 cards matched","damage_taken":0,"max_hp_gain":0,"max_hp_loss":0,"event_name":"Match and Keep!","floor":44,"gold_loss":0,"cards_obtained":["Flash of Steel","Wraith Form v2"]}],"is_beta":false,"boss_relics":[{"not_picked":["Ectoplasm","Runic Pyramid"],"picked":"Pandora\u0027s Box"},{"not_picked":["Black Star","Tiny House"],"picked":"Lizard Tail"}],"items_purged_floors":[29],"is_endless":false,"potions_floor_spawned":[5,6,27,28,35,46,48],"ascension_level":13}