{"gold_per_floor":[217,232,232,232,245,271,271,285,365,365,169,183,183,198,198,293,293,311,44,60,75,85,85,98,113,137,137],"floor_reached":27,"playtime":1267,"items_purged":[],"score":219,"play_id":"c91ea875-79a2-41de-9b93-0d65b82d8c92","local_time":"20190223184601","is_ascension_mode":false,"campfire_choices":[{"floor":7,"key":"REST"},{"floor":10,"key":"REST"},{"floor":13,"key":"REST"},{"data":"Go for the Eyes","floor":15,"key":"SMITH"},{"floor":23,"key":"REST"}],"neow_cost":"NONE","seed_source_timestamp":1159758123719,"circlet_count":0,"master_deck":["Strike_B+1","Strike_B","Strike_B+1","Strike_B","Defend_B","Defend_B","Defend_B","Defend_B","Zap","Dualcast","Coolheaded","Tempest","Gash","Redo","Go for the Eyes+1","Redo","All For One","Static Discharge+1","Leap","Machine Learning","Ball Lightning","Double Energy","Skim","Conserve Battery","Meteor Strike"],"relics":["Cracked Core","Torii","DataDisk","Bottled Flame","Lee\u0027s Waffle","Nuclear Battery","Ancient Tea Set","Potion Belt"],"potions_floor_usage":[18,21,21,27,27],"damage_taken":[{"damage":2,"enemies":"Small Slimes","floor":1,"turns":2},{"damage":4,"enemies":"Jaw Worm","floor":2,"turns":4},{"damage":0,"enemies":"2 Louse","floor":5,"turns":3},{"damage":35,"enemies":"Gremlin Nob","floor":6,"turns":4},{"damage":1,"enemies":"Looter","floor":8,"turns":2},{"damage":1,"enemies":"3 Louse","floor":12,"turns":3},{"damage":21,"enemies":"Exordium Thugs","floor":14,"turns":3},{"damage":43,"enemies":"The Guardian","floor":16,"turns":11},{"damage":12,"enemies":"2 Thieves","floor":18,"turns":3},{"damage":2,"enemies":"Chosen","floor":20,"turns":3},{"damage":23,"enemies":"Snake Plant","floor":21,"turns":2},{"damage":10,"enemies":"Cultist and Chosen","floor":22,"turns":4},{"damage":36,"enemies":"3 Cultists","floor":24,"turns":4},{"damage":12,"enemies":"Snecko","floor":25,"turns":3},{"damage":21,"enemies":"Slavers","floor":27,"turns":1}],"seed_played":"-8472574965274744159","potions_obtained":[{"floor":12,"key":"Energy Potion"},{"floor":14,"key":"FearPotion"},{"floor":18,"key":"PowerPotion"},{"floor":21,"key":"PowerPotion"},{"floor":25,"key":"Energy Potion"}],"is_trial":false,"path_per_floor":["M","M","?","?","M","E","R","M","T","R","$","M","R","M","R","B",null,"M","$","M","M","M","R","M","M","T","E"],"character_chosen":"DEFECT","items_purchased":["Lee\u0027s Waffle","Leap","Ancient Tea Set","Machine Learning"],"campfire_rested":4,"item_purchase_floors":[11,19,19,19],"current_hp_per_floor":[73,69,57,42,42,7,29,28,28,50,82,81,82,61,61,18,82,70,70,68,45,35,59,23,11,11,0],"gold":137,"neow_bonus":"HUNDRED_GOLD","is_prod":false,"is_daily":false,"chose_seed":false,"campfire_upgraded":1,"win_rate":0,"timestamp":1550969161,"path_taken":["M","M","?","?","M","E","R","M","T","R","$","M","R","M","R","BOSS","M","$","M","M","M","R","M","M","T","E"],"build_version":"2019-01-23","purchased_purges":0,"victory":false,"max_hp_per_floor":[75,75,75,75,75,75,75,75,75,75,82,82,82,82,82,82,82,82,82,82,82,82,82,82,82,82,82],"card_choices":[{"not_picked":["Steam","Stack"],"picked":"Coolheaded","floor":1},{"not_picked":["Barrage","Reprogram"],"picked":"Tempest","floor":2},{"not_picked":["Capacitor","Reprogram"],"picked":"Gash","floor":5},{"not_picked":["Steam Power","Barrage"],"picked":"Redo","floor":6},{"not_picked":["Fusion","Compile Driver"],"picked":"Go for the Eyes","floor":8},{"not_picked":["Streamline","Coolheaded","Steam Power"],"picked":"SKIP","floor":12},{"not_picked":["Rip and Tear","Stack"],"picked":"Redo","floor":14},{"not_picked":["Reboot","Creative AI"],"picked":"All For One","floor":16},{"not_picked":["Turbo+1","Self Repair"],"picked":"Static Discharge+1","floor":18},{"not_picked":["Compile Driver","Conserve Battery"],"picked":"Ball Lightning","floor":20},{"not_picked":["Glacier","Force Field+1"],"picked":"Double Energy","floor":21},{"not_picked":["Steam Power","Amplify"],"picked":"Skim","floor":22},{"not_picked":["Go for the Eyes","Fusion"],"picked":"Conserve Battery","floor":24},{"not_picked":["Beam Cell","Chaos"],"picked":"Meteor Strike","floor":25}],"player_experience":310583,"relics_obtained":[{"floor":6,"key":"DataDisk"},{"floor":9,"key":"Bottled Flame"},{"floor":26,"key":"Potion Belt"}],"event_choices":[{"damage_healed":0,"gold_gain":0,"player_choice":"Success","damage_taken":12,"relics_obtained":["Torii"],"max_hp_gain":0,"max_hp_loss":0,"event_name":"Scrap Ooze","floor":3,"gold_loss":0},{"damage_healed":0,"gold_gain":0,"player_choice":"Entered Light","damage_taken":15,"max_hp_gain":0,"max_hp_loss":0,"event_name":"Shining Light","floor":4,"gold_loss":0,"cards_upgraded":["Strike_B","Strike_B"]}],"is_beta":false,"boss_relics":[{"not_picked":["Pandora\u0027s Box","Runic Dome"],"picked":"Nuclear Battery"}],"items_purged_floors":[],"is_endless":false,"potions_floor_spawned":[12,14,18,21,25],"killed_by":"Slavers","ascension_level":0}