{"gold_per_floor":[117,117,42,60,73,105,105,116,116,116,133,133,31,49,49,49],"floor_reached":16,"playtime":612,"items_purged":["Strike_R","Strike_R"],"score":133,"play_id":"f7b7af90-3df0-4e2b-9b3c-eadb02cf8ad9","local_time":"20180806222638","is_ascension_mode":true,"campfire_choices":[{"floor":7,"key":"REST"},{"floor":10,"key":"REST"},{"data":"Body Slam","floor":15,"key":"SMITH"}],"neow_cost":"","seed_source_timestamp":439635098204988,"circlet_count":0,"master_deck":["Strike_R","Strike_R","Defend_R","Defend_R","Defend_R","Defend_R","Bash","Whirlwind","Shrug It Off","Body Slam","Body Slam+1","Intimidate","Shockwave","True Grit"],"relics":["Burning Blood","Lantern","Smiling Mask","Calipers"],"potions_floor_usage":[],"damage_taken":[{"damage":7,"enemies":"Small Slimes","floor":1,"turns":4},{"damage":0,"enemies":"2 Louse","floor":4,"turns":1},{"damage":0,"enemies":"Cultist","floor":5,"turns":4},{"damage":58,"enemies":"Lagavulin","floor":6,"turns":10},{"damage":35,"enemies":"Exordium Thugs","floor":8,"turns":7},{"damage":2,"enemies":"2 Fungi Beasts","floor":11,"turns":4},{"damage":9,"enemies":"3 Louse","floor":14,"turns":6},{"damage":49,"enemies":"Slime Boss","floor":16,"turns":7}],"seed_played":"-877632319275059755","potions_obtained":[{"floor":1,"key":"FearPotion"}],"is_trial":false,"path_per_floor":["M","?","$","M","M","E","R","M","T","R","M","?","$","M","R"],"character_chosen":"IRONCLAD","items_purchased":["True Grit"],"campfire_rested":2,"item_purchase_floors":[13],"current_hp_per_floor":[71,64,64,70,76,24,48,19,19,43,47,44,44,41,41,0],"gold":49,"neow_bonus":"","is_prod":false,"is_daily":false,"chose_seed":false,"campfire_upgraded":1,"win_rate":0,"timestamp":1533587198,"path_taken":["M","?","?","M","M","E","R","M","T","R","M","?","$","M","R","BOSS"],"build_version":"2018-08-02","purchased_purges":2,"victory":false,"max_hp_per_floor":[80,80,80,80,80,80,80,80,80,80,80,80,80,80,80,80],"card_choices":[{"not_picked":["Body Slam","Seeing Red"],"picked":"Whirlwind","floor":1},{"not_picked":["Carnage","Thunderclap"],"picked":"Shrug It Off","floor":4},{"not_picked":["Infernal Blade","Metallicize"],"picked":"Body Slam","floor":5},{"not_picked":["Heavy Blade","Pommel Strike"],"picked":"Body Slam","floor":6},{"not_picked":["Wild Strike","Clothesline"],"picked":"Intimidate","floor":8},{"not_picked":["Twin Strike","Perfected Strike"],"picked":"Shockwave","floor":11},{"not_picked":["Warcry","Clash","Bloodletting"],"picked":"SKIP","floor":14}],"player_experience":512541,"relics_obtained":[{"floor":6,"key":"Lantern"},{"floor":9,"key":"Smiling Mask"}],"event_choices":[{"event_name":"Golden Wing","player_choice":"Card Removal","floor":2,"damage_taken":0},{"event_name":"Scrap Ooze","player_choice":"success","floor":12,"damage_taken":3}],"is_beta":false,"boss_relics":[],"items_purged_floors":[3,13],"is_endless":false,"potions_floor_spawned":[1],"killed_by":"Slime Boss","ascension_level":6}