{"gold_per_floor":[117,117,48,72,72,110,110,150,150,150,181,181,225,225,225,348,348,367,386,401,197,212,212,212],"floor_reached":24,"playtime":937,"items_purged":[],"score":311,"play_id":"c084a8c7-772e-4f72-b1cb-5971200f8f1e","local_time":"20190112144538","is_ascension_mode":true,"campfire_choices":[{"floor":7,"key":"REST"},{"floor":10,"key":"REST"},{"floor":12,"key":"REST"},{"floor":15,"key":"REST"},{"data":"Capacitor","floor":23,"key":"SMITH"}],"neow_cost":"NONE","seed_source_timestamp":294691585168161,"circlet_count":0,"master_deck":["Strike_B","Strike_B","Strike_B","Strike_B","Defend_B","Defend_B","Defend_B","Defend_B","Zap","Dualcast","Melter","Sunder","Injury","Capacitor+1","Conserve Battery","Conserve Battery","Core Surge","Blizzard","Machine Learning","Chaos+1","Consume","Barrage","Consume+1"],"relics":["Cracked Core","Golden Idol","Cables","Blue Candle","Anchor","Ornamental Fan","Pantograph","Kunai","Inserter","Lee\u0027s Waffle"],"potions_floor_usage":[11,20],"damage_taken":[{"damage":2,"enemies":"Jaw Worm","floor":1,"turns":3},{"damage":0,"enemies":"Cultist","floor":4,"turns":3},{"damage":43,"enemies":"3 Sentries","floor":6,"turns":9},{"damage":40,"enemies":"Lagavulin","floor":8,"turns":6},{"damage":23,"enemies":"3 Sentries","floor":11,"turns":6},{"damage":24,"enemies":"Gremlin Nob","floor":13,"turns":4},{"damage":45,"enemies":"The Guardian","floor":16,"turns":12},{"damage":28,"enemies":"Chosen","floor":18,"turns":6},{"damage":3,"enemies":"Shell Parasite","floor":19,"turns":7},{"damage":29,"enemies":"Centurion and Healer","floor":20,"turns":9},{"damage":40,"enemies":"Cultist and Chosen","floor":22,"turns":8},{"damage":48,"enemies":"Slavers","floor":24,"turns":2}],"seed_played":"7097298811735655762","potions_obtained":[{"floor":8,"key":"Regen Potion"},{"floor":13,"key":"AttackPotion"},{"floor":22,"key":"FocusPotion"}],"is_trial":false,"path_per_floor":["M","?","$","M","?","E","R","E","T","R","E","R","E","T","R","B",null,"M","M","M","$","M","R","E"],"character_chosen":"DEFECT","items_purchased":["Capacitor","Lee\u0027s Waffle"],"campfire_rested":4,"item_purchase_floors":[3,21],"current_hp_per_floor":[66,66,66,66,66,23,45,5,5,27,19,41,17,17,39,19,61,33,30,1,82,42,42,0],"gold":212,"neow_bonus":"THREE_CARDS","is_prod":false,"is_daily":false,"chose_seed":false,"campfire_upgraded":1,"win_rate":0,"timestamp":1547300738,"path_taken":["M","?","$","M","?","E","R","E","T","R","E","R","E","?","R","BOSS","M","M","M","$","M","R","E"],"build_version":"2019-01-10","purchased_purges":0,"victory":false,"max_hp_per_floor":[75,75,75,75,75,75,75,75,75,75,75,75,75,75,75,75,75,75,75,75,82,82,82,82],"card_choices":[{"not_picked":["Gash","Beam Cell"],"picked":"Melter","floor":0},{"not_picked":["Sweeping Beam","Turbo"],"picked":"Sunder","floor":1},{"not_picked":["Sweeping Beam","Gash"],"picked":"Conserve Battery","floor":4},{"not_picked":["Stack","Ball Lightning"],"picked":"Conserve Battery","floor":6},{"not_picked":["Streamline","Skim","Gash"],"picked":"SKIP","floor":8},{"not_picked":["Sweeping Beam","Hologram"],"picked":"Core Surge","floor":11},{"not_picked":["Barrage","Multi-Cast"],"picked":"Blizzard","floor":13},{"not_picked":["Biased Cognition","Rainbow"],"picked":"Machine Learning","floor":16},{"not_picked":["Gash","Turbo"],"picked":"Chaos+1","floor":18},{"not_picked":["Auto Shields","FTL+1"],"picked":"Consume","floor":19},{"not_picked":["Recycle","Static Discharge"],"picked":"Barrage","floor":20},{"not_picked":["Stack","Heatsinks"],"picked":"Consume+1","floor":22}],"player_experience":674938,"relics_obtained":[{"floor":6,"key":"Cables"},{"floor":8,"key":"Blue Candle"},{"floor":9,"key":"Anchor"},{"floor":11,"key":"Ornamental Fan"},{"floor":13,"key":"Pantograph"},{"floor":14,"key":"Kunai"}],"event_choices":[{"damage_healed":0,"gold_gain":0,"player_choice":"Take Wound","damage_taken":0,"relics_obtained":["Golden Idol"],"max_hp_gain":0,"max_hp_loss":0,"event_name":"Golden Idol","floor":2,"gold_loss":0,"cards_obtained":["Injury"]},{"damage_healed":0,"gold_gain":0,"player_choice":"Ignored","damage_taken":0,"max_hp_gain":0,"max_hp_loss":0,"event_name":"Liars Game","floor":5,"gold_loss":0}],"is_beta":false,"boss_relics":[{"not_picked":["Orrery","Sozu"],"picked":"Inserter"}],"items_purged_floors":[],"is_endless":false,"potions_floor_spawned":[8,13,22],"killed_by":"Slavers","ascension_level":8}