{"path_per_floor":["M","?","?","?","M","R","E","R","T","?","M","M","M","?","R"],"character_chosen":"DEFECT","items_purchased":[],"gold_per_floor":[116,191,191,191,208,208,237,237,262,262,279,298,308,308,308,308],"floor_reached":16,"campfire_rested":0,"playtime":539,"item_purchase_floors":[],"current_hp_per_floor":[75,64,64,64,64,64,64,64,64,64,61,64,60,60,60,0],"items_purged":[],"gold":308,"score":125,"play_id":"beecf0ff-2d4f-4698-8493-ff35f02ef329","local_time":"20180603212727","is_prod":false,"is_daily":false,"chose_seed":false,"is_ascension_mode":false,"campfire_upgraded":3,"win_rate":0,"timestamp":1528075647,"campfire_choices":[{"data":"Zap","floor":6,"key":"SMITH"},{"data":"Leap","floor":8,"key":"SMITH"},{"data":"Self Repair","floor":15,"key":"SMITH"}],"path_taken":["M","?","?","?","M","R","E","R","T","?","M","M","M","?","R","BOSS"],"build_version":"2018-05-30v2","seed_source_timestamp":269081984261374,"purchased_purges":0,"victory":false,"master_deck":["Strike_B","Strike_B","Strike_B","Strike_B","Defend_B","Defend_B","Defend_B","Defend_B","Zap+1","Dualcast+1","Fusion+1","Leap+1","FTL","Self Repair+1","Storm"],"max_hp_per_floor":[75,75,75,75,75,75,75,75,75,75,75,75,75,75,75,75],"relics":["Cracked Core","NeowsBlessing","Bag of Preparation","Juzu Bracelet","Regal Pillow"],"card_choices":[{"not_picked":["Consume","Chill"],"picked":"Fusion","floor":1},{"not_picked":["Coolheaded","Static Discharge"],"picked":"Leap","floor":5},{"not_picked":["Auto Shields","Rebound"],"picked":"FTL","floor":7},{"not_picked":["Stack","Static Discharge"],"picked":"Self Repair","floor":11},{"not_picked":["Gash","Blizzard"],"picked":"Storm","floor":12},{"not_picked":["Coolheaded","Hello World","Turbo"],"picked":"SKIP","floor":13}],"player_experience":263753,"potions_floor_usage":[12,16,16],"damage_taken":[{"damage":0,"enemies":"2 Louse","floor":1,"turns":1},{"damage":0,"enemies":"Jaw Worm","floor":5,"turns":1},{"damage":0,"enemies":"3 Sentries","floor":7,"turns":1},{"damage":3,"enemies":"Cultist","floor":11,"turns":3},{"damage":4,"enemies":"Looter","floor":12,"turns":3},{"damage":11,"enemies":"Exordium Thugs","floor":13,"turns":4},{"damage":66,"enemies":"The Guardian","floor":16,"turns":13}],"relics_obtained":[{"floor":7,"key":"Juzu Bracelet"},{"floor":9,"key":"Regal Pillow"}],"event_choices":[{"event_name":"World of Goop","player_choice":"Gather Gold","floor":2,"damage_taken":0},{"event_name":"Accursed Blacksmith","player_choice":"Forge","floor":3,"damage_taken":0},{"event_name":"Big Fish","player_choice":"Box","floor":4,"damage_taken":0},{"event_name":"Upgrade Shrine","player_choice":"Upgraded","floor":10,"damage_taken":0},{"event_name":"Fountain of Cleansing","player_choice":"Removed Curse","floor":14,"damage_taken":0}],"boss_relics":[],"items_purged_floors":[],"potions_floor_spawned":[1,7,12],"seed_played":"6875806845474594670","killed_by":"The Guardian","ascension_level":0,"potions_obtained":[{"floor":1,"key":"EssenceOfSteel"},{"floor":7,"key":"Swift Potion"},{"floor":12,"key":"SpeedPotion"}],"is_trial":false}