{"gold_per_floor":[119,137,137,152,102,102,114,114,160,160,160,190,208,208,208,312,312,331,108,108,108,125,125],"floor_reached":23,"playtime":1515,"items_purged":["Defend_G"],"score":251,"play_id":"186658ae-7963-45ca-aff8-b8d60d22a7d0","local_time":"20190302120622","is_ascension_mode":true,"campfire_choices":[{"data":"All Out Attack","floor":6.0,"key":"SMITH"},{"data":"Survivor","floor":10.0,"key":"SMITH"},{"data":"Noxious Fumes","floor":15,"key":"SMITH"}],"neow_cost":"NONE","seed_source_timestamp":402203627101400,"circlet_count":0,"master_deck":["Defend_G","Defend_G","Defend_G","Defend_G","Strike_G","Strike_G","Strike_G","Survivor+1","Neutralize","Catalyst","All Out Attack+1","Underhanded Strike","Noxious Fumes+1","Grand Finale+1","Quick Slash+1","Bane+1"],"special_seed":0,"relics":["Ring of the Snake","Juzu Bracelet","Vajra","Molten Egg 2","Tiny Chest","Cursed Key","Snake Skull","SsserpentHead"],"potions_floor_usage":[23,23],"damage_taken":[{"damage":0.0,"enemies":"Cultist","floor":1.0,"turns":5.0},{"damage":4.0,"enemies":"Small Slimes","floor":2.0,"turns":3.0},{"damage":2.0,"enemies":"2 Louse","floor":4.0,"turns":3.0},{"damage":0.0,"enemies":"Lots of Slimes","floor":7.0,"turns":1.0},{"damage":4.0,"enemies":"Large Slime","floor":13.0,"turns":6.0},{"damage":25,"enemies":"The Guardian","floor":16,"turns":12},{"damage":17,"enemies":"3 Byrds","floor":18,"turns":6},{"damage":0,"enemies":"Chosen","floor":22,"turns":4},{"damage":37,"enemies":"Gremlin Leader","floor":23,"turns":5}],"seed_played":"-1239972419107704273","potions_obtained":[{"floor":2.0,"key":"Dexterity Potion"},{"floor":4.0,"key":"Strength Potion"},{"floor":7.0,"key":"SneckoOil"}],"is_trial":false,"path_per_floor":["M","M","T","M","?","R","M","?","T","R","T","?","M","?","R","B",null,"M","$","?","?","M","E"],"character_chosen":"THE_SILENT","items_purchased":["Snake Skull"],"campfire_rested":0,"item_purchase_floors":[19],"current_hp_per_floor":[70,66,66,64,64,64,64,57,57,57,57,45,41,41,41,16,62,45,45,31,31,31,0],"gold":125,"neow_bonus":"TEN_PERCENT_HP_BONUS","is_prod":false,"is_daily":false,"chose_seed":false,"campfire_upgraded":3,"win_rate":0,"timestamp":1551553582,"path_taken":["M","M","?","M","?","R","M","?","T","R","?","?","M","?","R","BOSS","M","$","?","?","M","E"],"build_version":"2019-01-23","purchased_purges":1,"victory":false,"max_hp_per_floor":[77,77,77,77,77,77,77,77,77,77,77,77,77,77,77,77,77,77,77,82,82,82,82],"card_choices":[{"not_picked":["Underhanded Strike","Infinite Blades"],"picked":"Catalyst","floor":1.0},{"not_picked":["Finisher","Quick Slash","Blade Dance"],"picked":"SKIP","floor":2.0},{"not_picked":["Dodge and Roll","Flechettes"],"picked":"All Out Attack","floor":4.0},{"not_picked":["Setup","Slice"],"picked":"Underhanded Strike","floor":7.0},{"not_picked":["Cloak And Dagger","Deflect"],"picked":"Noxious Fumes","floor":13.0},{"not_picked":["Venomology","Wraith Form v2"],"picked":"Grand Finale+1","floor":16},{"not_picked":["Backstab+1","Leg Sweep+1"],"picked":"Quick Slash+1","floor":18},{"not_picked":["Dash+1","Deflect"],"picked":"Bane+1","floor":22}],"player_experience":424630,"relics_obtained":[{"floor":3.0,"key":"Juzu Bracelet"},{"floor":9.0,"key":"Vajra"},{"floor":11.0,"key":"Molten Egg 2"}],"event_choices":[{"cards_removed":["Strike_G"],"damage_healed":0.0,"max_hp_gain":0.0,"max_hp_loss":0.0,"gold_gain":0.0,"event_name":"The Cleric","player_choice":"Card Removal","floor":5.0,"gold_loss":50.0,"damage_taken":0.0},{"cards_removed":["Strike_G"],"damage_healed":0.0,"max_hp_gain":0.0,"max_hp_loss":0.0,"gold_gain":0.0,"event_name":"Golden Wing","player_choice":"Card Removal","floor":8.0,"gold_loss":0.0,"damage_taken":7.0},{"damage_healed":0.0,"max_hp_gain":0.0,"max_hp_loss":0.0,"gold_gain":0.0,"event_name":"Scrap Ooze","player_choice":"Success","floor":12.0,"gold_loss":0.0,"damage_taken":12.0,"relics_obtained":["Tiny Chest"]},{"damage_healed":0,"gold_gain":0,"player_choice":"Searched \u00271\u0027 times","damage_taken":0,"max_hp_gain":0,"max_hp_loss":0,"event_name":"Dead Adventurer","floor":14,"gold_loss":0},{"damage_healed":0,"gold_gain":0,"player_choice":"Shed Blood","damage_taken":19,"max_hp_gain":5,"max_hp_loss":0,"event_name":"Forgotten Altar","floor":20,"gold_loss":0},{"damage_healed":0,"gold_gain":0,"player_choice":"Trade","damage_taken":0,"relics_obtained":["SsserpentHead"],"max_hp_gain":0,"max_hp_loss":0,"event_name":"FaceTrader","floor":21,"gold_loss":0}],"is_beta":false,"boss_relics":[{"not_picked":["Orrery","Calling Bell"],"picked":"Cursed Key"}],"items_purged_floors":[19],"is_endless":false,"potions_floor_spawned":[2,4,7],"killed_by":"Gremlin Leader","ascension_level":8}