{"gold_per_floor":[111,111,127,127,138,138,152,167,241,241,251,251],"floor_reached":12,"playtime":475,"items_purged":[],"score":72,"play_id":"8824e007-aa2d-4f2e-b87f-926362ab8607","local_time":"20190217125855","is_ascension_mode":false,"campfire_choices":[{"data":"Rainbow","floor":6,"key":"SMITH"}],"neow_cost":"PERCENT_DAMAGE","seed_source_timestamp":6670706828261,"circlet_count":0,"master_deck":["Strike_B","Strike_B","Strike_B","Strike_B","Defend_B","Defend_B","Defend_B","Defend_B","Zap","Dualcast","Rainbow+1","Capacitor","Hologram","Leap","Reinforced Body","Static Discharge","White Noise","Thunder Strike","Turbo"],"relics":["Cracked Core","Gambling Chip","Frozen Egg 2"],"potions_floor_usage":[11,12],"damage_taken":[{"damage":6,"enemies":"Jaw Worm","floor":1,"turns":3},{"damage":3,"enemies":"2 Louse","floor":3,"turns":3},{"damage":0,"enemies":"Cultist","floor":5,"turns":3},{"damage":19,"enemies":"Lots of Slimes","floor":7,"turns":6},{"damage":16,"enemies":"Large Slime","floor":8,"turns":6},{"damage":26,"enemies":"Gremlin Gang","floor":11,"turns":5},{"damage":7,"enemies":"Blue Slaver","floor":12,"turns":2}],"seed_played":"-711066089121463421","potions_obtained":[{"floor":1,"key":"FocusPotion"},{"floor":3,"key":"SkillPotion"},{"floor":11,"key":"PowerPotion"}],"is_trial":false,"path_per_floor":["M","?","M","?","M","R","M","M","T","?","M","M"],"character_chosen":"DEFECT","items_purchased":[],"campfire_rested":0,"item_purchase_floors":[],"current_hp_per_floor":[48,41,38,63,63,63,44,28,28,28,2,0],"gold":251,"neow_bonus":"THREE_RARE_CARDS","is_prod":false,"is_daily":false,"chose_seed":false,"campfire_upgraded":1,"win_rate":0,"timestamp":1550429935,"path_taken":["M","?","M","?","M","R","M","M","T","?","?","M"],"build_version":"2019-01-23","purchased_purges":0,"victory":false,"max_hp_per_floor":[75,75,75,75,75,75,75,75,75,75,75,75],"card_choices":[{"not_picked":["Meteor Strike","Multi-Cast"],"picked":"Rainbow","floor":0},{"not_picked":["Conserve Battery","Turbo"],"picked":"Capacitor","floor":1},{"not_picked":["Streamline","Redo"],"picked":"Hologram","floor":3},{"not_picked":["Steam Power","Aggregate"],"picked":"Leap","floor":5},{"not_picked":["Multi-Cast","Conserve Battery"],"picked":"Reinforced Body","floor":7},{"not_picked":["Redo","Sunder"],"picked":"Static Discharge","floor":8},{"not_picked":["Streamline","Skim"],"picked":"Turbo","floor":11}],"player_experience":173804,"relics_obtained":[{"floor":9,"key":"Frozen Egg 2"}],"event_choices":[{"damage_healed":0,"gold_gain":0,"player_choice":"Success","damage_taken":7,"relics_obtained":["Gambling Chip"],"max_hp_gain":0,"max_hp_loss":0,"event_name":"Scrap Ooze","floor":2,"gold_loss":0},{"damage_healed":25,"gold_gain":0,"player_choice":"Banana","damage_taken":0,"max_hp_gain":0,"max_hp_loss":0,"event_name":"Big Fish","floor":4,"gold_loss":0},{"damage_healed":0,"gold_gain":0,"player_choice":"2 cards matched","damage_taken":0,"max_hp_gain":0,"max_hp_loss":0,"event_name":"Match and Keep!","floor":10,"gold_loss":0,"cards_obtained":["White Noise","Thunder Strike"]}],"is_beta":false,"boss_relics":[],"items_purged_floors":[],"is_endless":false,"potions_floor_spawned":[1,3,11],"killed_by":"Blue Slaver","ascension_level":0}