{"gold_per_floor":[110,210,60,72,83,83,112,112,112,112,175,186,197,215,215,312,362,374,289,304,403,421,421],"floor_reached":23,"playtime":2197,"items_purged":[],"score":254,"play_id":"54dcbb60-8778-4069-962b-74662c1e06c7","local_time":"20190225111631","is_ascension_mode":true,"campfire_choices":[{"data":"Uppercut","floor":6,"key":"SMITH"},{"data":"Cleave","floor":8,"key":"SMITH"},{"data":"Bash","floor":10,"key":"SMITH"},{"floor":15,"key":"REST"}],"neow_cost":"NONE","seed_source_timestamp":2624590775202,"circlet_count":0,"master_deck":["Strike_R","Strike_R","Strike_R","Strike_R","Strike_R","Defend_R","Defend_R+1","Defend_R","Defend_R","Bash+1","Cleave","Uppercut+1","Cleave+1","Reaper","Dropkick","Metallicize","Sentinel","Double Tap","Shrug It Off","Headbutt","Spot Weakness+1","Limit Break"],"relics":["Burning Blood","Strawberry","Oddly Smooth Stone","Question Card","Pantograph","Tiny Chest","Tiny House","Red Skull"],"potions_floor_usage":[7,7,13,14,16,18,22],"damage_taken":[{"damage":0,"enemies":"2 Louse","floor":1,"turns":3},{"damage":8,"enemies":"Cultist","floor":4,"turns":5},{"damage":6,"enemies":"Jaw Worm","floor":5,"turns":3},{"damage":12,"enemies":"Gremlin Nob","floor":7,"turns":3},{"damage":26,"enemies":"3 Sentries","floor":11,"turns":6},{"damage":0,"enemies":"2 Fungi Beasts","floor":12,"turns":3},{"damage":9,"enemies":"Large Slime","floor":13,"turns":4},{"damage":0,"enemies":"Gremlin Gang","floor":14,"turns":1},{"damage":76,"enemies":"Hexaghost","floor":16,"turns":12},{"damage":20,"enemies":"2 Thieves","floor":18,"turns":5},{"damage":32,"enemies":"Spheric Guardian","floor":20,"turns":6},{"damage":42,"enemies":"Snake Plant","floor":22,"turns":4},{"damage":8,"enemies":"Gremlin Leader","floor":23,"turns":2}],"seed_played":"-3745261247553458445","potions_obtained":[{"floor":1,"key":"SkillPotion"},{"floor":4,"key":"Fire Potion"},{"floor":7,"key":"FearPotion"},{"floor":12,"key":"Block Potion"},{"floor":13,"key":"Explosive Potion"},{"floor":17,"key":"SkillPotion"},{"floor":18,"key":"Ancient Potion"},{"floor":20,"key":"PowerPotion"}],"is_trial":false,"path_per_floor":["M","?","$","M","M","R","E","R","T","R","E","M","M","M","R","B",null,"M","?","M","?","M","E"],"character_chosen":"IRONCLAD","items_purchased":["Oddly Smooth Stone"],"campfire_rested":1,"item_purchase_floors":[3],"current_hp_per_floor":[87,87,87,85,85,85,79,79,79,79,59,65,62,68,87,23,76,70,70,44,44,8,0],"gold":421,"neow_bonus":"RANDOM_COMMON_RELIC","is_prod":false,"is_daily":false,"chose_seed":false,"campfire_upgraded":3,"win_rate":0,"timestamp":1551114991,"path_taken":["M","?","$","M","?","R","E","R","T","R","E","M","M","M","R","BOSS","M","?","M","?","M","E"],"build_version":"2019-01-23","purchased_purges":0,"victory":false,"max_hp_per_floor":[87,87,87,87,87,87,87,87,87,87,87,87,87,87,87,87,92,92,92,92,92,92,92],"card_choices":[{"not_picked":["Flame Barrier","Wild Strike"],"picked":"Cleave","floor":1},{"not_picked":["Heavy Blade","Body Slam"],"picked":"Uppercut","floor":4},{"not_picked":["Thunderclap","Sword Boomerang"],"picked":"Cleave","floor":5},{"not_picked":["Hemokinesis","Clothesline","True Grit"],"picked":"SKIP","floor":7},{"not_picked":["Barricade","Clash","Carnage"],"picked":"Reaper","floor":11},{"not_picked":["Body Slam","Havoc","Dual Wield"],"picked":"Dropkick","floor":12},{"not_picked":["Flame Barrier","Hemokinesis","Wild Strike"],"picked":"Metallicize","floor":13},{"not_picked":["Perfected Strike","Cleave","Clash"],"picked":"Sentinel","floor":14},{"not_picked":["Brutality","Impervious","Dark Embrace"],"picked":"Double Tap","floor":16},{"not_picked":["Thunderclap","Body Slam","Burning Pact"],"picked":"Shrug It Off","floor":17},{"not_picked":["Warcry","Double Tap","Sword Boomerang"],"picked":"Headbutt","floor":18},{"not_picked":["Dropkick","Pummel","Wild Strike"],"picked":"Spot Weakness+1","floor":20},{"not_picked":["Body Slam","Sever Soul","Headbutt"],"picked":"Limit Break","floor":22}],"player_experience":383929,"relics_obtained":[{"floor":7,"key":"Question Card"},{"floor":9,"key":"Pantograph"},{"floor":11,"key":"Tiny Chest"}],"event_choices":[{"damage_healed":0,"gold_gain":100,"player_choice":"Pray","damage_taken":0,"max_hp_gain":0,"max_hp_loss":0,"event_name":"Golden Shrine","floor":2,"gold_loss":0},{"damage_healed":0,"gold_gain":0,"player_choice":"Obtained Relic","damage_taken":0,"relics_obtained":["Red Skull"],"max_hp_gain":0,"max_hp_loss":0,"event_name":"Addict","floor":19,"gold_loss":85},{"damage_healed":0,"gold_gain":99,"player_choice":"Stole From Cult","damage_taken":0,"max_hp_gain":0,"max_hp_loss":0,"event_name":"Nest","floor":21,"gold_loss":0}],"is_beta":false,"boss_relics":[{"not_picked":["Busted Crown","Runic Pyramid"],"picked":"Tiny House"}],"items_purged_floors":[],"is_endless":false,"potions_floor_spawned":[1,4,7,12,13,18,20],"killed_by":"Gremlin Leader","ascension_level":5}