{"gold_per_floor":[359,84,98,117,117,117,152,152,152,152,191,12,12,36,36,162,162,183,183,108,128,3,3,27,126,126,139,160,178,222,17,17,145,145,160,223,223,239,8,8,49,63,63,101,101,120,120,69,69,69],"floor_reached":51,"playtime":2144,"items_purged":["Strike_B","Injury","Defend_B"],"score":983,"play_id":"61810b49-8c71-4b15-8417-8267346eee01","local_time":"20181207193840","is_ascension_mode":false,"campfire_choices":[{"data":"Zap","floor":6,"key":"SMITH"},{"data":"White Noise","floor":8,"key":"SMITH"},{"data":"Dualcast","floor":10,"key":"SMITH"},{"floor":15,"key":"REST"},{"data":"Double Energy","floor":23,"key":"SMITH"},{"data":"Gash","floor":32,"key":"SMITH"},{"data":"Turbo","floor":40,"key":"SMITH"},{"floor":47,"key":"RECALL"},{"data":"Turbo","floor":49,"key":"SMITH"}],"neow_cost":"PERCENT_DAMAGE","seed_source_timestamp":364719663489302,"circlet_count":0,"master_deck":["Strike_B","Strike_B","Defend_B","Defend_B","Zap+1","Dualcast+1","Ball Lightning","Chill","White Noise+1","Beam Cell","Double Energy+1","Beam Cell","Gash+1","Seek","Madness","Dramatic Entrance","Panache","Turbo+1","Steam+1","Turbo+1"],"relics":["Cracked Core","Toolbox","Golden Idol","Unceasing Top","Incense Burner","Singing Bowl","GremlinMask","Coffee Dripper","Happy Flower","Meat on the Bone","Medical Kit","Lizard Tail","FossilizedHelix","OrangePellets","Boot","Kunai"],"potions_floor_usage":[11,27,33,33],"damage_taken":[{"damage":6,"enemies":"Jaw Worm","floor":1,"turns":4},{"damage":0,"enemies":"2 Louse","floor":3,"turns":1},{"damage":1,"enemies":"Cultist","floor":4,"turns":4},{"damage":10,"enemies":"3 Sentries","floor":7,"turns":8},{"damage":8,"enemies":"Lagavulin","floor":11,"turns":7},{"damage":0,"enemies":"3 Louse","floor":14,"turns":2},{"damage":0,"enemies":"Slime Boss","floor":16,"turns":5},{"damage":3,"enemies":"Spheric Guardian","floor":18,"turns":3},{"damage":0,"enemies":"2 Thieves","floor":21,"turns":2},{"damage":0,"enemies":"3 Cultists","floor":24,"turns":3},{"damage":0,"enemies":"Sentry and Sphere","floor":27,"turns":3},{"damage":0,"enemies":"Centurion and Healer","floor":28,"turns":2},{"damage":0,"enemies":"Cultist and Chosen","floor":29,"turns":2},{"damage":0,"enemies":"Book of Stabbing","floor":30,"turns":2},{"damage":43,"enemies":"Automaton","floor":33,"turns":7},{"damage":1,"enemies":"3 Shapes","floor":35,"turns":3},{"damage":0,"enemies":"2 Orb Walkers","floor":36,"turns":3},{"damage":0,"enemies":"3 Darklings","floor":38,"turns":2},{"damage":0,"enemies":"Nemesis","floor":41,"turns":1},{"damage":0,"enemies":"Maw","floor":42,"turns":3},{"damage":0,"enemies":"Reptomancer","floor":44,"turns":1},{"damage":0,"enemies":"Spire Growth","floor":46,"turns":1},{"damage":0,"enemies":"Donu and Deca","floor":50,"turns":1}],"seed_played":"8473507770825485767","potions_obtained":[{"floor":7,"key":"Poison Potion"},{"floor":11,"key":"SpeedPotion"},{"floor":16,"key":"Dexterity Potion"},{"floor":18,"key":"AttackPotion"},{"floor":30,"key":"Explosive Potion"},{"floor":38,"key":"Weak Potion"},{"floor":41,"key":"Dexterity Potion"}],"is_trial":false,"path_per_floor":["M","$","M","M","?","R","E","R","T","R","E","$","?","M","R","B",null,"M","?","?","M","$","R","M","?","T","M","M","M","E","$","R","B",null,"M","?","?","M","$","R","E","M","T","E","?","M","R","$","R","B",null],"character_chosen":"DEFECT","items_purchased":["Toolbox","Double Energy","Medical Kit","Turbo","OrangePellets","Turbo"],"campfire_rested":1,"item_purchase_floors":[2,12,31,39,39,48],"current_hp_per_floor":[48,48,48,47,47,47,37,37,37,37,29,29,29,29,51,53,77,76,76,76,78,78,78,80,80,80,80,82,84,86,86,86,55,89,90,92,82,84,84,84,84,86,86,88,88,90,90,90,90,90],"gold":69,"neow_bonus":"TWO_FIFTY_GOLD","is_prod":false,"is_daily":false,"chose_seed":false,"campfire_upgraded":7,"win_rate":0,"timestamp":1544229520,"path_taken":["M","$","M","M","?","R","E","R","T","R","E","$","?","?","R","BOSS","M","?","?","M","?","R","M","?","T","?","M","M","E","$","R","BOSS","M","?","?","M","$","R","E","M","T","E","?","M","R","$","R","BOSS"],"build_version":"2018-12-06","purchased_purges":3,"victory":true,"max_hp_per_floor":[75,75,75,75,75,75,75,75,75,75,75,75,75,75,75,77,77,79,79,79,81,81,81,83,83,83,83,85,87,89,89,89,89,89,91,93,93,95,95,95,95,97,97,99,99,101,101,101,101,101],"card_choices":[{"not_picked":["Beam Cell","Steam"],"picked":"Ball Lightning","floor":1},{"not_picked":["Rebound","Heatsinks","Compile Driver"],"picked":"SKIP","floor":3},{"not_picked":["Barrage","Streamline"],"picked":"Chill","floor":4},{"not_picked":["Machine Learning","Loop"],"picked":"White Noise","floor":7},{"not_picked":["Streamline","Coolheaded"],"picked":"Beam Cell","floor":11},{"not_picked":["Cold Snap","Compile Driver"],"picked":"Beam Cell","floor":14},{"not_picked":["Creative AI","Multi-Cast","Core Surge"],"picked":"Singing Bowl","floor":16},{"not_picked":["Leap","Blizzard","Storm"],"picked":"Singing Bowl","floor":18},{"not_picked":["Storm","Sweeping Beam+1","Blizzard"],"picked":"Singing Bowl","floor":21},{"not_picked":["Cold Snap","Darkness+1","Barrage"],"picked":"Singing Bowl","floor":24},{"not_picked":["Go for the Eyes","Ball Lightning+1"],"picked":"Gash","floor":27},{"not_picked":["Leap","Ball Lightning","Hologram"],"picked":"Singing Bowl","floor":28},{"not_picked":["Barrage","Rip and Tear","Darkness+1"],"picked":"Singing Bowl","floor":29},{"not_picked":["Sweeping Beam","Biased Cognition","Barrage+1"],"picked":"Singing Bowl","floor":30},{"not_picked":["Creative AI","Electrodynamics"],"picked":"Seek","floor":33},{"not_picked":["Streamline+1","Stack","Blizzard"],"picked":"Singing Bowl","floor":35},{"not_picked":["Auto Shields","Loop","Reinforced Body"],"picked":"Singing Bowl","floor":36},{"not_picked":["Master of Strategy","Mayhem"],"picked":"Madness","floor":37},{"not_picked":["Impatience","Transmutation"],"picked":"Dramatic Entrance","floor":37},{"not_picked":["Jack Of All Trades","Madness"],"picked":"Panache","floor":37},{"not_picked":["Reinforced Body","Consume+1","Streamline+1"],"picked":"Singing Bowl","floor":38},{"not_picked":["Glacier+1","Stack"],"picked":"Steam+1","floor":41},{"not_picked":["Rip and Tear","Streamline+1","Sweeping Beam"],"picked":"Singing Bowl","floor":42},{"not_picked":["Sweeping Beam","Coolheaded","Streamline"],"picked":"Singing Bowl","floor":44},{"not_picked":["Chaos","Storm+1","Stack+1"],"picked":"Singing Bowl","floor":46}],"player_experience":409782,"relics_obtained":[{"floor":7,"key":"Unceasing Top"},{"floor":9,"key":"Incense Burner"},{"floor":11,"key":"Singing Bowl"},{"floor":26,"key":"Happy Flower"},{"floor":30,"key":"Meat on the Bone"},{"floor":36,"key":"FossilizedHelix"},{"floor":41,"key":"Boot"},{"floor":44,"key":"Kunai"}],"event_choices":[{"damage_healed":0,"gold_gain":0,"player_choice":"Take Wound","damage_taken":0,"relics_obtained":["Golden Idol"],"max_hp_gain":0,"max_hp_loss":0,"event_name":"Golden Idol","floor":5,"gold_loss":0,"cards_obtained":["Injury"]},{"damage_healed":0,"gold_gain":0,"player_choice":"Trade","damage_taken":0,"relics_obtained":["GremlinMask"],"max_hp_gain":0,"max_hp_loss":0,"event_name":"FaceTrader","floor":13,"gold_loss":0},{"cards_removed":["Defend_B"],"damage_healed":0,"gold_gain":0,"player_choice":"Elegance","damage_taken":0,"max_hp_gain":0,"max_hp_loss":0,"event_name":"Back to Basics","floor":19,"gold_loss":0},{"cards_removed":["Strike_B"],"damage_healed":0,"gold_gain":0,"player_choice":"Gave Gold","damage_taken":0,"max_hp_gain":0,"max_hp_loss":0,"event_name":"Beggar","floor":20,"gold_loss":75},{"damage_healed":0,"gold_gain":99,"player_choice":"Stole From Cult","damage_taken":0,"max_hp_gain":0,"max_hp_loss":0,"event_name":"Nest","floor":25,"gold_loss":0},{"damage_healed":0,"gold_gain":0,"player_choice":"Fight","damage_taken":0,"max_hp_gain":0,"max_hp_loss":0,"event_name":"Mysterious Sphere","floor":36,"gold_loss":0},{"damage_healed":0,"gold_gain":0,"player_choice":"Memory 3","damage_taken":10,"max_hp_gain":0,"max_hp_loss":0,"event_name":"SensoryStone","floor":37,"gold_loss":0},{"damage_healed":0,"gold_gain":0,"player_choice":"Ignored","damage_taken":0,"max_hp_gain":0,"max_hp_loss":0,"event_name":"Tomb of Lord Red Mask","floor":45,"gold_loss":0}],"is_beta":true,"boss_relics":[{"not_picked":["Black Star","Runic Dome"],"picked":"Coffee Dripper"},{"not_picked":["Velvet Choker","Cursed Key"],"picked":"Lizard Tail"}],"items_purged_floors":[2,12,22],"is_endless":false,"potions_floor_spawned":[7,11,16,18,24,30,38,41,44,46],"ascension_level":0}