{"path_per_floor":["M","M","M","M","?","R","?","?","T","R","M","E","R","M","R","B",null,"M","?","M","M","?","R","E","R","T","$","M","?","R","M","R","B",null,"M","$","?","M","M","R","?","M","T"],"character_chosen":"DEFECT","items_purchased":["Echo Form","Toxic Egg 2","Bag of Preparation","Finesse"],"gold_per_floor":[111,128,143,160,160,160,160,110,110,110,133,169,169,192,192,316,316,330,330,350,371,621,621,664,664,687,217,230,230,230,247,247,349,349,369,27,27,38,58,58,58,71,71,71],"floor_reached":44,"campfire_rested":3,"playtime":2680,"current_hp_per_floor":[68,67,62,58,58,58,58,58,58,58,49,46,46,44,64,54,68,60,60,60,60,60,60,48,48,48,48,40,40,60,60,60,19,68,42,42,59,23,23,43,43,21,21,0],"items_purged":["Regret","Sweeping Beam"],"gold":71,"score":430,"play_id":"7ceaffa7-2143-46cc-a685-db7fe7d0f01a","local_time":"20180430181546","is_prod":false,"is_daily":false,"chose_seed":false,"is_ascension_mode":false,"campfire_upgraded":6,"timestamp":1525126546,"path_taken":["M","M","M","M","?","R","?","?","T","R","M","E","R","M","R","BOSS","M","?","M","M","?","R","E","R","T","$","?","?","R","M","R","BOSS","M","$","?","M","M","R","?","M","T","M"],"build_version":"2018-04-27v3","seed_source_timestamp":219347680500,"purchased_purges":2,"victory":false,"master_deck":["Zap+1","Dualcast+1","Beam Cell+1","Go for the Eyes+1","Rainbow+1","Cold Snap","Doom and Gloom","Gash","Biased Cognition+1","Aggregate+1","Blizzard","Axe Kick","Cold Snap","Axe Kick","Capacitor","Capacitor","Melter","Auto Shields+1","Echo Form","Genetic Algorithm+1","Echo Form","Double Energy+1","Finesse+1","Writhe","Self Repair+1","Genetic Algorithm+1","Darkness+1"],"max_hp_per_floor":[68,68,68,68,68,68,68,68,68,68,68,68,68,68,68,68,68,68,68,68,68,68,68,68,68,68,68,68,68,68,68,68,68,68,68,68,68,68,68,68,68,68,68,68],"relics":["Cracked Core","Ice Cream","Bloody Idol","Ornamental Fan","Vajra","Pandora\u0027s Box","Blue Candle","War Paint","Toxic Egg 2","Philosopher\u0027s Stone","Bag of Preparation","Ginger"],"card_choices":[{"not_picked":["Coolheaded","Chaos"],"picked":"Beam Cell","floor":1},{"not_picked":["Hello World","Buffer"],"picked":"Go for the Eyes","floor":2},{"not_picked":["Chill","Leap"],"picked":"Sweeping Beam","floor":3},{"not_picked":["Tempest","Stack"],"picked":"Rainbow","floor":4},{"not_picked":["Coolheaded","Hologram"],"picked":"Cold Snap","floor":11},{"not_picked":["Gash","Aggregate"],"picked":"Doom and Gloom","floor":12},{"not_picked":["Skim","Tempest"],"picked":"Gash","floor":14},{"not_picked":["Thunder Strike","Machine Learning"],"picked":"Biased Cognition","floor":16},{"not_picked":["Reprogram","Coolheaded"],"picked":"Auto Shields","floor":18},{"not_picked":["Axe Kick","Barrage"],"picked":"Gash","floor":21},{"not_picked":["Undo","FTL"],"picked":"Genetic Algorithm","floor":31},{"not_picked":["Reboot","Prime"],"picked":"Echo Form","floor":33},{"not_picked":["Ball Lightning","Auto Shields"],"picked":"Double Energy","floor":35},{"not_picked":["Leap","Doom and Gloom"],"picked":"Self Repair","floor":38},{"not_picked":["Streamline","Hello World"],"picked":"Genetic Algorithm","floor":39},{"not_picked":["Streamline","Flux Capacitor"],"picked":"Darkness","floor":42}],"player_experience":217811,"potions_floor_usage":[11,12,16,18,24,31,31,33,39,39],"damage_taken":[{"damage":0,"enemies":"Small Slimes","floor":1,"turns":3},{"damage":1,"enemies":"Cultist","floor":2,"turns":3},{"damage":5,"enemies":"Jaw Worm","floor":3,"turns":3},{"damage":4,"enemies":"Blue Slaver","floor":4,"turns":4},{"damage":9,"enemies":"3 Louse","floor":11,"turns":2},{"damage":18,"enemies":"Lagavulin","floor":12,"turns":7},{"damage":2,"enemies":"2 Fungi Beasts","floor":14,"turns":3},{"damage":10,"enemies":"Slime Boss","floor":16,"turns":6},{"damage":8,"enemies":"2 Thieves","floor":18,"turns":4},{"damage":0,"enemies":"Chosen","floor":20,"turns":3},{"damage":0,"enemies":"Sentry and Sphere","floor":21,"turns":3},{"damage":12,"enemies":"Book of Stabbing","floor":24,"turns":5},{"damage":8,"enemies":"Centurion and Healer","floor":28,"turns":5},{"damage":5,"enemies":"3 Cultists","floor":31,"turns":4},{"damage":46,"enemies":"Champ","floor":33,"turns":11},{"damage":31,"enemies":"Flame Bruiser 1 Orb","floor":35,"turns":5},{"damage":41,"enemies":"3 Shapes","floor":38,"turns":5},{"damage":15,"enemies":"3 Darklings","floor":39,"turns":6},{"damage":37,"enemies":"Maw","floor":42,"turns":8},{"damage":26,"enemies":"Sphere and 2 Shapes","floor":44,"turns":2}],"event_choices":[{"event_name":"The Lab","player_choice":"Got Potions","floor":5,"damage_taken":0},{"event_name":"Golden Idol","player_choice":"Take Wound","floor":7,"damage_taken":0},{"event_name":"The Cleric","player_choice":"Card Removal","floor":8,"damage_taken":0},{"event_name":"Ghosts","player_choice":"Ignored","floor":19,"damage_taken":0},{"event_name":"Golden Shrine","player_choice":"Desecrate","floor":22,"damage_taken":0},{"event_name":"Forgotten Altar","player_choice":"Gave Idol","floor":29,"damage_taken":0},{"event_name":"Winding Halls","player_choice":"Writhe","floor":37,"damage_taken":0}],"boss_relics":[{"not_picked":["White Beast Statue","Lizard Tail"],"picked":"Pandora\u0027s Box"},{"not_picked":["Snecko Eye","Eternal Feather"],"picked":"Philosopher\u0027s Stone"}],"potions_floor_spawned":[3,11,14,16,24,31,33,35],"seed_played":"4634618664471509385","killed_by":"Sphere and 2 Shapes","ascension_level":0,"is_trial":false}