{"gold_per_floor":[123,150,112,124,136,148,235,264,299,344,381,407,419,444,456,568,580,604,313,324,324,342,342,367,367,367,367,367,378,55,74,74,172,172,182,182,236,80,92,92,102,202,202,217,217,0,33,46,46,46],"floor_reached":51,"playtime":3119,"items_purged":["Strike_R","Strike_R"],"score":720,"play_id":"0955594f-716a-40bd-af1d-b463ddeea164","local_time":"20190106195515","is_ascension_mode":false,"campfire_choices":[{"data":"Flex","floor":6,"key":"SMITH"},{"data":"Bash","floor":13,"key":"SMITH"},{"data":"Inflame","floor":15,"key":"SMITH"},{"data":"Immolate","floor":23,"key":"SMITH"},{"data":"Flex","floor":25,"key":"SMITH"},{"floor":28,"key":"REST"},{"floor":32,"key":"REST"},{"data":"Limit Break","floor":40,"key":"SMITH"},{"data":"Uppercut","floor":45,"key":"SMITH"},{"data":"Metallicize","floor":49,"key":"SMITH"}],"neow_cost":"NONE","seed_source_timestamp":198363199346526,"circlet_count":0,"master_deck":["Strike_R","Strike_R","Defend_R","Defend_R","Defend_R","Bash+1","Flex+1","Shrug It Off+1","Inflame+1","Headbutt","Flex+1","Cleave","Immolate+1","True Grit+1","Flash of Steel","Sword Boomerang+1","Anger+1","Spot Weakness","Evolve","Metallicize+1","Shrug It Off+1","Limit Break+1","Uppercut+1","Flex+1"],"relics":["Burning Blood","MawBank","Lantern","Bird Faced Urn","Dream Catcher","Sozu","Oddly Smooth Stone","Blue Candle","Prayer Wheel","Juzu Bracelet","Bag of Preparation","Runic Cube","Magic Flower","PreservedInsect","Pocketwatch","Blood Vial","Red Mask","Centennial Puzzle"],"potions_floor_usage":[16,18,18],"damage_taken":[{"damage":7,"enemies":"2 Louse","floor":1,"turns":3},{"damage":5,"enemies":"Small Slimes","floor":2,"turns":4},{"damage":1,"enemies":"Cultist","floor":8,"turns":4},{"damage":26,"enemies":"Lagavulin","floor":10,"turns":5},{"damage":6,"enemies":"Red Slaver","floor":12,"turns":3},{"damage":0,"enemies":"Looter","floor":14,"turns":2},{"damage":38,"enemies":"Hexaghost","floor":16,"turns":9},{"damage":17,"enemies":"3 Byrds","floor":18,"turns":4},{"damage":8,"enemies":"2 Thieves","floor":20,"turns":3},{"damage":12,"enemies":"Centurion and Healer","floor":22,"turns":4},{"damage":31,"enemies":"Book of Stabbing","floor":24,"turns":5},{"damage":15,"enemies":"Snecko","floor":29,"turns":3},{"damage":18,"enemies":"Snake Plant","floor":31,"turns":3},{"damage":40,"enemies":"Champ","floor":33,"turns":8},{"damage":0,"enemies":"3 Shapes","floor":35,"turns":1},{"damage":31,"enemies":"2 Orb Walkers","floor":37,"turns":4},{"damage":5,"enemies":"3 Darklings","floor":39,"turns":3},{"damage":27,"enemies":"Spire Growth","floor":41,"turns":5},{"damage":0,"enemies":"Mind Bloom Boss Battle","floor":42,"turns":6},{"damage":0,"enemies":"Sphere and 2 Shapes","floor":44,"turns":3},{"damage":10,"enemies":"Giant Head","floor":47,"turns":6},{"damage":17,"enemies":"Maw","floor":48,"turns":5},{"damage":54,"enemies":"Time Eater","floor":50,"turns":5}],"seed_played":"-7204865248739122914","potions_obtained":[{"floor":10,"key":"AttackPotion"},{"floor":14,"key":"AttackPotion"},{"floor":16,"key":"GamblersBrew"}],"is_trial":false,"path_per_floor":["M","M","?","?","?","R","?","M","T","E","T","M","R","M","R","B",null,"M","$","M","T","M","R","E","R","T","?","R","M","$","M","R","B",null,"M","?","?","$","M","R","M","?","T","M","R","?","E","M","R","B",null],"character_chosen":"IRONCLAD","items_purchased":["Oddly Smooth Stone","Flash of Steel","Bag of Preparation","Metallicize","PreservedInsect"],"campfire_rested":2,"item_purchase_floors":[19,19,30,30,38],"current_hp_per_floor":[79,80,80,80,80,80,69,74,74,54,54,56,56,62,62,32,80,69,69,69,69,65,65,42,42,42,27,52,43,43,35,60,32,85,85,85,60,60,64,64,52,70,70,85,85,85,85,80,80,43],"gold":46,"neow_bonus":"RANDOM_COMMON_RELIC","is_prod":false,"is_daily":false,"chose_seed":false,"campfire_upgraded":8,"win_rate":0,"timestamp":1546822515,"path_taken":["M","M","?","?","?","R","?","M","T","E","?","M","R","M","R","BOSS","M","$","?","?","M","R","E","R","T","?","R","M","$","M","R","BOSS","M","?","?","$","M","R","M","?","T","M","R","?","E","M","R","BOSS"],"build_version":"2019-01-03v4","purchased_purges":2,"victory":true,"max_hp_per_floor":[80,80,80,80,80,80,80,80,80,80,80,80,80,80,80,80,80,80,80,80,80,80,80,80,80,80,85,85,85,85,85,85,85,85,85,85,85,85,85,85,85,85,85,85,85,85,85,85,85,85],"card_choices":[{"not_picked":["Cleave","Sword Boomerang"],"picked":"Flex","floor":1},{"not_picked":["Ghostly Armor","Clash"],"picked":"Shrug It Off","floor":2},{"not_picked":["Perfected Strike","Disarm"],"picked":"Inflame","floor":8},{"not_picked":["Impervious","Reckless Charge"],"picked":"Headbutt","floor":10},{"not_picked":["Warcry","Pommel Strike"],"picked":"Flex","floor":12},{"not_picked":["Impervious","Sword Boomerang"],"picked":"Cleave","floor":14},{"not_picked":["Offering","Barricade"],"picked":"Immolate","floor":16},{"not_picked":["Thunderclap","Heavy Blade"],"picked":"True Grit+1","floor":18},{"not_picked":["Iron Wave","Burning Pact","Carnage"],"picked":"SKIP","floor":20},{"not_picked":["Power Through+1","Headbutt"],"picked":"Sword Boomerang+1","floor":22},{"not_picked":["Cleave","Brutality","Sword Boomerang"],"picked":"SKIP","floor":24},{"not_picked":["Burning Pact+1","Perfected Strike"],"picked":"Anger+1","floor":28},{"not_picked":["Armaments","Havoc"],"picked":"Spot Weakness","floor":29},{"not_picked":["Perfected Strike","Blood for Blood"],"picked":"Evolve","floor":29},{"not_picked":["Iron Wave+1","Clash+1"],"picked":"Shrug It Off+1","floor":31},{"not_picked":["Heavy Blade","Warcry","Combust"],"picked":"SKIP","floor":31},{"not_picked":["Barricade","Brutality"],"picked":"Limit Break","floor":33},{"not_picked":["Twin Strike","Cleave+1","Dropkick"],"picked":"SKIP","floor":35},{"not_picked":["Iron Wave+1","Shrug It Off","Second Wind+1"],"picked":"SKIP","floor":35},{"not_picked":["Havoc","Clothesline"],"picked":"Uppercut","floor":37},{"not_picked":["Infernal Blade+1","Havoc+1"],"picked":"Flex+1","floor":39},{"not_picked":["Sever Soul+1","Carnage+1","Wild Strike+1"],"picked":"SKIP","floor":39},{"not_picked":["Headbutt+1","Clash+1","True Grit"],"picked":"SKIP","floor":41},{"not_picked":["Havoc","Shrug It Off","Entrench"],"picked":"SKIP","floor":41},{"not_picked":["Power Through+1","Anger","Feel No Pain+1"],"picked":"SKIP","floor":44},{"not_picked":["Berserk","Pommel Strike+1","Twin Strike"],"picked":"SKIP","floor":44},{"not_picked":["Havoc","Searing Blow+1","Flex"],"picked":"SKIP","floor":47},{"not_picked":["Sword Boomerang","Clothesline","Iron Wave"],"picked":"SKIP","floor":48},{"not_picked":["Havoc+1","Heavy Blade+1","Flex"],"picked":"SKIP","floor":48}],"player_experience":464216,"relics_obtained":[{"floor":9,"key":"Lantern"},{"floor":10,"key":"Bird Faced Urn"},{"floor":11,"key":"Dream Catcher"},{"floor":21,"key":"Blue Candle"},{"floor":24,"key":"Prayer Wheel"},{"floor":26,"key":"Juzu Bracelet"},{"floor":37,"key":"Magic Flower"},{"floor":42,"key":"Pocketwatch"},{"floor":43,"key":"Blood Vial"},{"floor":47,"key":"Centennial Puzzle"}],"event_choices":[{"cards_removed":["Strike_R"],"damage_healed":0,"gold_gain":0,"player_choice":"Card Removal","damage_taken":0,"max_hp_gain":0,"max_hp_loss":0,"event_name":"The Cleric","floor":3,"gold_loss":50},{"damage_healed":0,"gold_gain":0,"player_choice":"Grow","damage_taken":0,"max_hp_gain":0,"max_hp_loss":0,"event_name":"Living Wall","floor":4,"gold_loss":0,"cards_upgraded":["Shrug It Off"]},{"damage_healed":0,"gold_gain":0,"player_choice":"Ignored","damage_taken":0,"max_hp_gain":0,"max_hp_loss":0,"event_name":"Liars Game","floor":5,"gold_loss":0},{"damage_healed":0,"gold_gain":75,"player_choice":"Gather Gold","damage_taken":11,"max_hp_gain":0,"max_hp_loss":0,"event_name":"World of Goop","floor":7,"gold_loss":0},{"damage_healed":0,"gold_gain":0,"player_choice":"Shed Blood","damage_taken":20,"max_hp_gain":5,"max_hp_loss":0,"event_name":"Forgotten Altar","floor":27,"gold_loss":0},{"cards_removed":["Defend_R"],"damage_healed":0,"gold_gain":0,"player_choice":"Removed Skill","damage_taken":0,"max_hp_gain":0,"max_hp_loss":0,"event_name":"Falling","floor":36,"gold_loss":0},{"damage_healed":0,"gold_gain":0,"player_choice":"Fight","damage_taken":0,"max_hp_gain":0,"max_hp_loss":0,"event_name":"Mysterious Sphere","floor":37,"gold_loss":0},{"damage_healed":0,"gold_gain":0,"player_choice":"Fight","damage_taken":0,"max_hp_gain":0,"max_hp_loss":0,"event_name":"MindBloom","floor":42,"gold_loss":0},{"damage_healed":0,"gold_gain":0,"player_choice":"Paid","damage_taken":0,"relics_obtained":["Red Mask"],"max_hp_gain":0,"max_hp_loss":0,"event_name":"Tomb of Lord Red Mask","floor":46,"gold_loss":217}],"is_beta":true,"boss_relics":[{"not_picked":["Busted Crown","Lizard Tail"],"picked":"Sozu"},{"not_picked":["Eternal Feather","Snecko Eye"],"picked":"Runic Cube"}],"items_purged_floors":[19,30],"is_endless":false,"potions_floor_spawned":[10,14,16,18,20,29,35,39,41,44,48],"ascension_level":0}