{"path_per_floor":["M","M","M","M","M","E","R","M","T","R","E","M","M","$","R","B",null,"M","M"],"character_chosen":"DEFECT","items_purchased":["Pantograph","Heatsinks"],"gold_per_floor":[114,127,147,162,175,201,201,221,244,244,269,284,303,29,29,124,124,138,156,156],"floor_reached":20,"campfire_rested":2,"playtime":1104,"item_purchase_floors":[14,14],"current_hp_per_floor":[74,74,74,69,68,43,43,28,28,50,43,49,40,40,62,40,75,35,22,0],"items_purged":[],"gold":156,"score":209,"play_id":"2c18f221-3568-4c38-982e-f284f0b37000","local_time":"20180622145340","is_prod":false,"is_daily":false,"chose_seed":false,"is_ascension_mode":true,"campfire_upgraded":1,"win_rate":0,"timestamp":1529672020,"campfire_choices":[{"data":"Capacitor","floor":7,"key":"SMITH"},{"floor":10,"key":"REST"},{"floor":15,"key":"REST"}],"path_taken":["M","M","M","M","M","E","R","M","T","R","E","M","M","$","R","BOSS","M","M","M"],"build_version":"2018-06-21","seed_source_timestamp":40160385961766,"purchased_purges":0,"circlet_count":0,"victory":false,"master_deck":["Strike_B","Strike_B","Strike_B","Strike_B","Defend_B","Defend_B","Defend_B","Defend_B","Zap","Dualcast","Capacitor+1","Self Repair","Self Repair","Electrodynamics","Streamline","Tempest","Heatsinks","Buffer","Chill"],"max_hp_per_floor":[75,75,75,75,75,75,75,75,75,75,75,75,75,75,75,75,75,75,75,75],"relics":["Cracked Core","Emotion Chip","Orichalcum","Kunai","Pantograph","White Beast Statue"],"card_choices":[{"not_picked":["Auto Shields","Steam"],"picked":"Capacitor","floor":1},{"not_picked":["Go for the Eyes","Rip and Tear"],"picked":"Self Repair","floor":2},{"not_picked":["Rebound","Hologram","Conserve Battery"],"picked":"SKIP","floor":3},{"not_picked":["Gash","Turbo"],"picked":"Self Repair","floor":4},{"not_picked":["Chaos","Rebound","Darkness"],"picked":"SKIP","floor":5},{"not_picked":["Rip and Tear","Reprogram"],"picked":"Electrodynamics","floor":6},{"not_picked":["Leap","Hologram"],"picked":"Streamline","floor":8},{"not_picked":["Turbo","Rebound","Hologram"],"picked":"SKIP","floor":11},{"not_picked":["Hologram","Hello World"],"picked":"Tempest","floor":12},{"not_picked":["Ball Lightning","Chaos","Turbo"],"picked":"SKIP","floor":13},{"not_picked":["Thunder Strike","Fission"],"picked":"Buffer","floor":16},{"not_picked":["Gash","Cold Snap"],"picked":"Chill","floor":18},{"not_picked":["Gash","Streamline","Doom and Gloom"],"picked":"SKIP","floor":19}],"player_experience":393563,"potions_floor_usage":[6,8,16,16,18,20],"damage_taken":[{"damage":1,"enemies":"Cultist","floor":1,"turns":4},{"damage":0,"enemies":"2 Louse","floor":2,"turns":2},{"damage":7,"enemies":"Jaw Worm","floor":3,"turns":3},{"damage":12,"enemies":"Red Slaver","floor":4,"turns":4},{"damage":15,"enemies":"Exordium Wildlife","floor":5,"turns":4},{"damage":39,"enemies":"3 Sentries","floor":6,"turns":10},{"damage":22,"enemies":"Lots of Slimes","floor":8,"turns":3},{"damage":21,"enemies":"Lagavulin","floor":11,"turns":6},{"damage":8,"enemies":"Red Slaver","floor":12,"turns":4},{"damage":23,"enemies":"Exordium Thugs","floor":13,"turns":5},{"damage":49,"enemies":"Hexaghost","floor":16,"turns":8},{"damage":47,"enemies":"3 Byrds","floor":18,"turns":4},{"damage":20,"enemies":"Chosen","floor":19,"turns":6},{"damage":22,"enemies":"Sentry and Sphere","floor":20,"turns":5}],"relics_obtained":[{"floor":6,"key":"Emotion Chip"},{"floor":9,"key":"Orichalcum"},{"floor":11,"key":"Kunai"}],"event_choices":[],"boss_relics":[{"not_picked":["Philosopher\u0027s Stone","Ectoplasm"],"picked":"White Beast Statue"}],"items_purged_floors":[],"is_endless":false,"potions_floor_spawned":[1,2,6,12,13,18,19],"seed_played":"9018997895392327136","killed_by":"Sentry and Sphere","ascension_level":2,"potions_obtained":[{"floor":1,"key":"Ancient Potion"},{"floor":2,"key":"Ancient Potion"},{"floor":6,"key":"AttackPotion"},{"floor":12,"key":"Swift Potion"},{"floor":13,"key":"AttackPotion"},{"floor":18,"key":"Fire Potion"},{"floor":19,"key":"Strength Potion"}],"is_trial":false}