{"gold_per_floor":[111,111,61,85,85,129,129,149,149,163,181,194,219,253,253,348,348,348],"floor_reached":18,"playtime":625,"items_purged":[],"score":328,"play_id":"17706206-f4a9-4cd4-8af4-eac4e264bb90","local_time":"20190208142103","is_ascension_mode":true,"campfire_choices":[{"data":"Neutralize","floor":7,"key":"SMITH"},{"data":"Bane","floor":15,"key":"SMITH"}],"neow_cost":"NONE","seed_source_timestamp":194447597719400,"circlet_count":0,"master_deck":["AscendersBane","Defend_G+1","Defend_G","Defend_G+1","Defend_G","Defend_G","Strike_G","Strike_G","Strike_G","Survivor","Neutralize+1","Caltrops","Bane+1","Dagger Spray","Dagger Spray","Predator","Poisoned Stab","Bane","Poisoned Stab","Crippling Poison","Envenom"],"relics":["Ring of the Snake","NeowsBlessing","Golden Idol","Darkstone Periapt","Potion Belt","War Paint","Runic Pyramid"],"potions_floor_usage":[16],"damage_taken":[{"damage":0,"enemies":"Jaw Worm","floor":1,"turns":1},{"damage":0,"enemies":"2 Louse","floor":4,"turns":1},{"damage":0,"enemies":"3 Sentries","floor":6,"turns":1},{"damage":0,"enemies":"Small Slimes","floor":8,"turns":4},{"damage":0,"enemies":"Gremlin Gang","floor":10,"turns":3},{"damage":6,"enemies":"Exordium Thugs","floor":11,"turns":5},{"damage":0,"enemies":"Large Slime","floor":12,"turns":5},{"damage":0,"enemies":"Blue Slaver","floor":13,"turns":4},{"damage":22,"enemies":"Gremlin Nob","floor":14,"turns":4},{"damage":19,"enemies":"The Guardian","floor":16,"turns":12},{"damage":10,"enemies":"Spheric Guardian","floor":18,"turns":4}],"seed_played":"4389305134368971228","potions_obtained":[{"floor":1,"key":"Explosive Potion"},{"floor":10,"key":"Dexterity Potion"},{"floor":13,"key":"LiquidBronze"},{"floor":14,"key":"SpeedPotion"}],"is_trial":false,"path_per_floor":["M","?","?","M","?","E","R","M","T","M","M","M","M","E","R","B",null,"M"],"character_chosen":"THE_SILENT","items_purchased":[],"campfire_rested":0,"item_purchase_floors":[],"current_hp_per_floor":[63,63,63,63,63,63,63,63,63,63,57,57,57,35,35,16,53,43],"gold":348,"neow_bonus":"THREE_ENEMY_KILL","is_prod":false,"is_daily":false,"chose_seed":false,"campfire_upgraded":2,"win_rate":0,"timestamp":1549632063,"path_taken":["M","?","?","M","?","E","R","M","T","M","?","?","M","E","R","BOSS","M"],"build_version":"2019-01-23","purchased_purges":0,"victory":false,"max_hp_per_floor":[70,65,65,65,65,65,65,65,65,65,65,65,65,65,65,65,65,65],"card_choices":[{"not_picked":["Endless Agony","Dagger Throw"],"picked":"Caltrops","floor":1},{"not_picked":["Blade Dance","PiercingWail"],"picked":"Bane","floor":4},{"not_picked":["Die Die Die","Distraction"],"picked":"Dagger Spray","floor":6},{"not_picked":["PiercingWail","Underhanded Strike"],"picked":"Dagger Spray","floor":8},{"not_picked":["Backflip","Choke"],"picked":"Predator","floor":10},{"not_picked":["Concentrate","Dodge and Roll"],"picked":"Poisoned Stab","floor":11},{"not_picked":["Cloak And Dagger","Deflect"],"picked":"Bane","floor":12},{"not_picked":["Bane","Dodge and Roll"],"picked":"Poisoned Stab","floor":13},{"not_picked":["Accuracy","Sucker Punch"],"picked":"Crippling Poison","floor":14},{"not_picked":["Grand Finale","Venomology"],"picked":"Envenom","floor":16}],"player_experience":477381,"relics_obtained":[{"floor":6,"key":"Darkstone Periapt"},{"floor":9,"key":"Potion Belt"},{"floor":14,"key":"War Paint"}],"event_choices":[{"damage_healed":0,"gold_gain":0,"player_choice":"Lose Max HP","damage_taken":0,"relics_obtained":["Golden Idol"],"max_hp_gain":0,"max_hp_loss":5,"event_name":"Golden Idol","floor":2,"gold_loss":0},{"cards_removed":["Strike_G"],"damage_healed":0,"gold_gain":0,"player_choice":"Card Removal","damage_taken":0,"max_hp_gain":0,"max_hp_loss":0,"event_name":"The Cleric","floor":3,"gold_loss":50},{"cards_removed":["Strike_G"],"damage_healed":0,"gold_gain":0,"player_choice":"Offered Basic","damage_taken":0,"max_hp_gain":0,"max_hp_loss":0,"event_name":"Bonfire Elementals","floor":5,"gold_loss":0}],"is_beta":false,"boss_relics":[{"not_picked":["Tiny House","Coffee Dripper"],"picked":"Runic Pyramid"}],"items_purged_floors":[],"is_endless":false,"potions_floor_spawned":[1,10,13,14],"killed_by":"Spheric Guardian","ascension_level":13}