{"gold_per_floor":[110,0,19,39,54,54,84,84,138,155,165,17,36,56,56,56],"floor_reached":16,"playtime":598,"items_purged":[],"score":159,"play_id":"07789f53-8759-4fc6-af54-bb77f49cc551","local_time":"20190124213430","is_ascension_mode":true,"campfire_choices":[{"data":"Capacitor","floor":6,"key":"SMITH"},{"data":"Barrage","floor":8,"key":"SMITH"},{"floor":15,"key":"REST"}],"neow_cost":"NONE","seed_source_timestamp":442901060671951,"circlet_count":0,"master_deck":["AscendersBane","Strike_B","Strike_B","Strike_B","Strike_B","Defend_B","Defend_B","Defend_B","Defend_B","Zap","Dualcast","Impatience","Redo","Glacier","Capacitor+1","Barrage+1","FTL","Glacier","BootSequence","Coolheaded"],"relics":["Cracked Core","Gremlin Horn","Vajra","Anchor"],"potions_floor_usage":[7,10,14,16],"damage_taken":[{"damage":0,"enemies":"Cultist","floor":1,"turns":3},{"damage":5,"enemies":"2 Louse","floor":3,"turns":3},{"damage":7,"enemies":"Jaw Worm","floor":4,"turns":4},{"damage":7,"enemies":"Looter","floor":5,"turns":4},{"damage":21,"enemies":"3 Sentries","floor":7,"turns":10},{"damage":13,"enemies":"Large Slime","floor":10,"turns":3},{"damage":0,"enemies":"2 Fungi Beasts","floor":11,"turns":3},{"damage":0,"enemies":"Exordium Wildlife","floor":13,"turns":3},{"damage":1,"enemies":"Lots of Slimes","floor":14,"turns":3},{"damage":41,"enemies":"Slime Boss","floor":16,"turns":8}],"seed_played":"-5140993631773516852","potions_obtained":[{"floor":3,"key":"Strength Potion"},{"floor":5,"key":"SkillPotion"},{"floor":7,"key":"SkillPotion"},{"floor":11,"key":"Ancient Potion"}],"is_trial":false,"path_per_floor":["M","$","M","M","M","R","E","R","T","M","M","$","M","M","R","B"],"character_chosen":"DEFECT","items_purchased":["Glacier","Capacitor","Anchor"],"campfire_rested":1,"item_purchase_floors":[2,2,12],"current_hp_per_floor":[68,68,63,56,49,49,28,28,28,15,15,15,15,14,36,0],"gold":56,"neow_bonus":"RANDOM_COLORLESS","is_prod":false,"is_daily":false,"chose_seed":false,"campfire_upgraded":2,"win_rate":0,"timestamp":1548362070,"path_taken":["M","?","M","M","M","R","E","R","T","M","M","$","M","M","R","BOSS"],"build_version":"2019-01-23","purchased_purges":0,"victory":false,"max_hp_per_floor":[75,75,75,75,75,75,75,75,75,75,75,75,75,75,75,75],"card_choices":[{"not_picked":["Go for the Eyes","Ball Lightning"],"picked":"Redo","floor":1},{"not_picked":["Leap","Hologram"],"picked":"Barrage","floor":3},{"not_picked":["Streamline","Leap"],"picked":"FTL","floor":4},{"not_picked":["Recycle","Reboot","Beam Cell"],"picked":"SKIP","floor":5},{"not_picked":["Multi-Cast","Recycle"],"picked":"Glacier","floor":7},{"not_picked":["Steam","Barrage"],"picked":"BootSequence","floor":10},{"not_picked":["Rebound","Lockon"],"picked":"Coolheaded","floor":11},{"not_picked":["Undo","Go for the Eyes","Redo"],"picked":"SKIP","floor":13},{"not_picked":["Undo","Go for the Eyes","Redo"],"picked":"SKIP","floor":13},{"not_picked":["Redo","Heatsinks","Gash"],"picked":"SKIP","floor":14}],"player_experience":697636,"relics_obtained":[{"floor":7,"key":"Gremlin Horn"},{"floor":9,"key":"Vajra"}],"event_choices":[],"is_beta":false,"boss_relics":[],"items_purged_floors":[],"is_endless":false,"potions_floor_spawned":[3,5,7,11],"killed_by":"Slime Boss","ascension_level":10}