{"gold_per_floor":[116,128,128,146,165,165,199,199,199,199,209,227,237,255,255,352,352,365,315,159,179,179,179,189,202,202,202,218,237,31,50,50,145,195,210,310,310,329,31,31,47,47,47,60,60,60,78,97,97,97],"floor_reached":50,"playtime":3543,"items_purged":[],"score":452,"play_id":"af30f55d-c5e2-47cf-8e5f-8c17175127e7","local_time":"20190212000903","is_ascension_mode":false,"campfire_choices":[{"data":"Hello World","floor":6,"key":"SMITH"},{"floor":8,"key":"REST"},{"floor":10,"key":"REST"},{"floor":15,"key":"REST"},{"floor":23,"key":"REST"},{"floor":32,"key":"REST"},{"floor":40,"key":"REST"},{"data":"Sunder","floor":42,"key":"SMITH"},{"data":"Streamline","floor":46,"key":"SMITH"},{"floor":49,"key":"REST"}],"neow_cost":"NONE","seed_source_timestamp":49820791164226,"circlet_count":0,"master_deck":["Strike_B+1","Strike_B","Strike_B","Strike_B","Defend_B","Defend_B","Defend_B","Defend_B","Zap","Dualcast","Gash","Streamline","Hello World+1","Streamline+1","Sunder+1","Ball Lightning","Melter","Self Repair","Reinforced Body","Echo Form","Barrage+1","White Noise+1","RitualDagger","Leap+1","Steam","Conserve Battery+1","Scrape+1","Steam","Gash+1","Leap","Undo+1"],"relics":["Cracked Core","Happy Flower","Potion Belt","Meat on the Bone","Snecko Eye","Anchor","Enchiridion","Shuriken","TheAbacus","Tiny House","Prayer Wheel","Darkstone Periapt","PreservedInsect","Bag of Preparation","Pantograph"],"potions_floor_usage":[16,16,29,31,33,33,33,33,47,47,48,50],"damage_taken":[{"damage":7,"enemies":"2 Louse","floor":1,"turns":4},{"damage":4,"enemies":"Cultist","floor":2,"turns":4},{"damage":0,"enemies":"Small Slimes","floor":4,"turns":3},{"damage":9,"enemies":"Blue Slaver","floor":5,"turns":3},{"damage":23,"enemies":"3 Sentries","floor":7,"turns":5},{"damage":19,"enemies":"Large Slime","floor":11,"turns":5},{"damage":7,"enemies":"3 Louse","floor":12,"turns":3},{"damage":22,"enemies":"Exordium Thugs","floor":13,"turns":4},{"damage":4,"enemies":"Blue Slaver","floor":14,"turns":3},{"damage":61,"enemies":"The Guardian","floor":16,"turns":11},{"damage":8,"enemies":"Chosen","floor":18,"turns":6},{"damage":14,"enemies":"Shell Parasite","floor":21,"turns":7},{"damage":11,"enemies":"Snake Plant","floor":24,"turns":3},{"damage":5,"enemies":"Chosen and Byrds","floor":25,"turns":5},{"damage":15,"enemies":"Sentry and Sphere","floor":28,"turns":5},{"damage":12,"enemies":"Snake Plant","floor":29,"turns":6},{"damage":0,"enemies":"3 Cultists","floor":31,"turns":4},{"damage":15,"enemies":"Collector","floor":33,"turns":6},{"damage":0,"enemies":"3 Darklings","floor":35,"turns":4},{"damage":22,"enemies":"Mind Bloom Boss Battle","floor":36,"turns":6},{"damage":34,"enemies":"Orb Walker","floor":38,"turns":6},{"damage":0,"enemies":"Transient","floor":41,"turns":5},{"damage":0,"enemies":"Maw","floor":44,"turns":6},{"damage":10,"enemies":"Writhing Mass","floor":47,"turns":6},{"damage":20,"enemies":"4 Shapes","floor":48,"turns":4},{"damage":85,"enemies":"Time Eater","floor":50,"turns":9}],"seed_played":"-3550178118016514005","potions_obtained":[{"floor":4,"key":"Explosive Potion"},{"floor":5,"key":"FocusPotion"},{"floor":11,"key":"FearPotion"},{"floor":13,"key":"SpeedPotion"},{"floor":21,"key":"Swift Potion"},{"floor":25,"key":"Strength Potion"},{"floor":28,"key":"Ancient Potion"},{"floor":31,"key":"AttackPotion"},{"floor":34,"key":"SneckoOil"},{"floor":36,"key":"Regen Potion"},{"floor":38,"key":"LiquidBronze"},{"floor":44,"key":"Weak Potion"}],"is_trial":false,"path_per_floor":["M","M","?","M","M","R","E","R","T","R","M","M","M","M","R","B",null,"M","?","$","M","?","R","M","M","T","?","M","M","$","M","R","B",null,"M","?","T","M","$","R","M","R","T","M","$","R","M","M","R","B"],"character_chosen":"DEFECT","items_purchased":["Anchor","TheAbacus","PreservedInsect","Bag of Preparation"],"campfire_rested":7,"item_purchase_floors":[20,30,39,39],"current_hp_per_floor":[68,64,64,64,55,55,32,54,54,75,56,49,39,47,69,20,75,74,74,74,74,58,75,71,73,73,67,59,54,54,61,75,67,80,80,65,65,50,50,74,80,80,80,80,80,80,70,66,80,0],"gold":97,"neow_bonus":"RANDOM_COMMON_RELIC","is_prod":false,"is_daily":false,"chose_seed":false,"campfire_upgraded":3,"win_rate":0.0,"timestamp":1549951743,"path_taken":["M","M","?","?","M","R","E","R","T","R","M","M","M","M","R","BOSS","M","?","$","?","?","R","M","M","T","?","M","M","$","M","R","BOSS","M","?","?","M","?","R","M","R","T","M","$","R","M","M","R","BOSS"],"build_version":"2019-01-23","purchased_purges":0,"victory":false,"max_hp_per_floor":[75,75,75,75,75,75,75,75,75,75,75,75,75,75,75,75,75,75,75,75,75,75,75,75,75,75,75,75,75,75,75,75,75,80,80,80,80,80,80,80,80,80,80,80,80,80,80,80,80,80],"card_choices":[{"not_picked":["Barrage","Beam Cell"],"picked":"Gash","floor":1},{"not_picked":["Leap","Stack"],"picked":"Streamline","floor":2},{"not_picked":["FTL","Skim"],"picked":"Hello World","floor":4},{"not_picked":["Sunder","Defragment"],"picked":"Streamline","floor":5},{"not_picked":["Seek","Go for the Eyes"],"picked":"Sunder","floor":7},{"not_picked":["Go for the Eyes","Beam Cell"],"picked":"Ball Lightning","floor":11},{"not_picked":["Turbo","Streamline"],"picked":"Melter","floor":12},{"not_picked":["Redo","Streamline"],"picked":"Self Repair","floor":13},{"not_picked":["FTL","Stack"],"picked":"Reinforced Body","floor":14},{"not_picked":["Electrodynamics","Reboot"],"picked":"Echo Form","floor":16},{"not_picked":["Compile Driver","Storm"],"picked":"Barrage+1","floor":18},{"not_picked":["Go for the Eyes","Compile Driver"],"picked":"White Noise+1","floor":21},{"not_picked":["Chaos","Turbo","Streamline"],"picked":"SKIP","floor":24},{"not_picked":["Sweeping Beam","Redo","Coolheaded"],"picked":"SKIP","floor":25},{"not_picked":["Leap","Creative AI","Reprogram"],"picked":"SKIP","floor":28},{"not_picked":["Barrage+1","Conserve Battery"],"picked":"Leap+1","floor":29},{"not_picked":["Cold Snap","Sweeping Beam","Barrage"],"picked":"SKIP","floor":31},{"not_picked":["Gash","Turbo"],"picked":"Steam","floor":35},{"not_picked":["Cold Snap","Leap"],"picked":"Conserve Battery+1","floor":36},{"not_picked":["Steam Power+1","Barrage+1"],"picked":"Scrape+1","floor":38},{"not_picked":["Cold Snap","Steam Power+1"],"picked":"Steam","floor":38},{"not_picked":["Beam Cell+1","Go for the Eyes+1","Static Discharge"],"picked":"SKIP","floor":41},{"not_picked":["FTL","Seek","Recycle"],"picked":"SKIP","floor":41},{"not_picked":["Coolheaded","Steam"],"picked":"Gash+1","floor":44},{"not_picked":["Doom and Gloom+1","Ball Lightning","Stack"],"picked":"SKIP","floor":44},{"not_picked":["Doom and Gloom+1","Compile Driver"],"picked":"Leap","floor":47},{"not_picked":["White Noise","Sunder","Rebound+1"],"picked":"SKIP","floor":47},{"not_picked":["Coolheaded","Cold Snap"],"picked":"Undo+1","floor":48},{"not_picked":["Gash+1","Conserve Battery+1","Biased Cognition"],"picked":"SKIP","floor":48}],"player_experience":69903,"relics_obtained":[{"floor":7,"key":"Potion Belt"},{"floor":9,"key":"Meat on the Bone"},{"floor":22,"key":"Enchiridion"},{"floor":26,"key":"Shuriken"},{"floor":36,"key":"Prayer Wheel"},{"floor":37,"key":"Darkstone Periapt"},{"floor":43,"key":"Pantograph"}],"event_choices":[{"damage_healed":0,"gold_gain":0,"player_choice":"Ignored","damage_taken":0,"max_hp_gain":0,"max_hp_loss":0,"event_name":"NoteForYourself","floor":3,"gold_loss":0},{"damage_healed":0,"gold_gain":0,"player_choice":"Bet on Murderer","damage_taken":0,"max_hp_gain":0,"max_hp_loss":0,"event_name":"The Joust","floor":19,"gold_loss":50},{"damage_healed":0,"gold_gain":0,"player_choice":"Obtained Book","damage_taken":16,"max_hp_gain":0,"max_hp_loss":0,"event_name":"Cursed Tome","floor":22,"gold_loss":0},{"damage_healed":0,"gold_gain":0,"player_choice":"Joined the Cult","damage_taken":6,"max_hp_gain":0,"max_hp_loss":0,"event_name":"Nest","floor":27,"gold_loss":0,"cards_obtained":["RitualDagger"]},{"damage_healed":0,"gold_gain":0,"player_choice":"Fight","damage_taken":0,"max_hp_gain":0,"max_hp_loss":0,"event_name":"MindBloom","floor":36,"gold_loss":0}],"is_beta":false,"boss_relics":[{"not_picked":["Orrery","Pandora\u0027s Box"],"picked":"Snecko Eye"},{"not_picked":["Cursed Key","FrozenCore"],"picked":"Tiny House"}],"items_purged_floors":[],"is_endless":false,"potions_floor_spawned":[4,5,11,13,21,25,28,31,36,38,44],"killed_by":"Time Eater","ascension_level":0}