{"gold_per_floor":[116,129,17,17,34,69,125,157,181,181,205,205,234,246,246,343,343,360,360,371,390,390,390],"floor_reached":23,"playtime":1068,"items_purged":["Strike_B"],"score":284,"play_id":"34cd35d6-4f55-46e3-aba5-cbe3896059e4","local_time":"20190226105141","is_ascension_mode":false,"campfire_choices":[{"data":"The Bomb","floor":10,"key":"SMITH"},{"data":"Mayhem","floor":12,"key":"SMITH"},{"floor":15,"key":"REST"}],"neow_cost":"CURSE","seed_source_timestamp":1548294134644,"circlet_count":0,"master_deck":["Strike_B","Defend_B","Defend_B","Defend_B","Defend_B","Zap","Dualcast","Mayhem+1","The Bomb+1","Injury","Conserve Battery","BootSequence","Self Repair","Scrape","Compile Driver","Gash","Conserve Battery","Gash","Ball Lightning","Turbo","All For One","Redo+1","Barrage+1","Compile Driver+1"],"relics":["Cracked Core","Art of War","Orichalcum","StoneCalendar","Smiling Mask","Odd Mushroom","Gremlin Horn","Empty Cage","Molten Egg 2","MutagenicStrength"],"potions_floor_usage":[6,8,13,16,16],"damage_taken":[{"damage":0,"enemies":"Cultist","floor":1,"turns":3},{"damage":1,"enemies":"2 Louse","floor":2,"turns":3},{"damage":5,"enemies":"Small Slimes","floor":5,"turns":3},{"damage":0,"enemies":"Lagavulin","floor":6,"turns":5},{"damage":11,"enemies":"3 Sentries","floor":7,"turns":4},{"damage":13,"enemies":"3 Sentries","floor":8,"turns":4},{"damage":12,"enemies":"The Mushroom Lair","floor":11,"turns":5},{"damage":19,"enemies":"Lagavulin","floor":13,"turns":5},{"damage":2,"enemies":"Blue Slaver","floor":14,"turns":3},{"damage":0,"enemies":"Slime Boss","floor":16,"turns":7},{"damage":21,"enemies":"3 Byrds","floor":18,"turns":3},{"damage":9,"enemies":"Shell Parasite","floor":20,"turns":5},{"damage":16,"enemies":"Chosen and Byrds","floor":21,"turns":6},{"damage":46,"enemies":"Book of Stabbing","floor":23,"turns":5}],"seed_played":"941231933691775076","potions_obtained":[{"floor":2,"key":"FearPotion"},{"floor":4,"key":"FearPotion"},{"floor":4,"key":"SneckoOil"},{"floor":5,"key":"Weak Potion"},{"floor":11,"key":"Poison Potion"},{"floor":14,"key":"Swift Potion"}],"is_trial":false,"path_per_floor":["M","M","$","?","M","E","?","E","T","R","?","R","E","M","R","B",null,"M","?","M","M","?","E"],"character_chosen":"DEFECT","items_purchased":["Self Repair"],"campfire_rested":1,"item_purchase_floors":[3],"current_hp_per_floor":[75,74,74,74,75,75,71,65,65,65,60,60,48,53,75,75,75,54,54,52,43,43,0],"gold":390,"neow_bonus":"RANDOM_COLORLESS_2","is_prod":false,"is_daily":false,"chose_seed":false,"campfire_upgraded":2,"win_rate":0,"timestamp":1551199901,"path_taken":["M","M","?","?","?","E","?","E","T","R","?","R","E","M","R","BOSS","M","?","M","M","?","E"],"build_version":"2019-01-23","purchased_purges":1,"victory":false,"max_hp_per_floor":[75,75,75,75,75,75,75,75,75,75,75,75,75,75,75,75,75,75,75,75,75,75,75],"card_choices":[{"not_picked":["Capacitor","Steam"],"picked":"Conserve Battery","floor":1},{"not_picked":["Compile Driver","Conserve Battery"],"picked":"BootSequence","floor":2},{"not_picked":["Steam","Hologram"],"picked":"Scrape","floor":5},{"not_picked":["Storm","Hologram"],"picked":"Compile Driver","floor":6},{"not_picked":["Hologram","Turbo"],"picked":"Gash","floor":7},{"not_picked":["Hyperbeam","Blizzard"],"picked":"Conserve Battery","floor":8},{"not_picked":["Steam Power","Scrape"],"picked":"Gash","floor":11},{"not_picked":["Beam Cell","Streamline"],"picked":"Ball Lightning","floor":13},{"not_picked":["Chaos","Redo"],"picked":"Turbo","floor":14},{"not_picked":["Machine Learning","Fission"],"picked":"All For One","floor":16},{"not_picked":["Ball Lightning","Hologram"],"picked":"Redo+1","floor":18},{"not_picked":["Static Discharge","Turbo+1"],"picked":"Barrage+1","floor":20},{"not_picked":["Sweeping Beam+1","Coolheaded"],"picked":"Compile Driver+1","floor":21}],"player_experience":420074,"relics_obtained":[{"floor":6,"key":"Art of War"},{"floor":7,"key":"Orichalcum"},{"floor":8,"key":"StoneCalendar"},{"floor":9,"key":"Smiling Mask"},{"floor":11,"key":"Odd Mushroom"},{"floor":13,"key":"Gremlin Horn"}],"event_choices":[{"damage_healed":0,"gold_gain":0,"player_choice":"Got Potions","damage_taken":0,"max_hp_gain":0,"max_hp_loss":0,"event_name":"Lab","floor":4,"gold_loss":0},{"damage_healed":0,"gold_gain":0,"player_choice":"Searched \u00271\u0027 times","damage_taken":0,"max_hp_gain":0,"max_hp_loss":0,"event_name":"Dead Adventurer","floor":7,"gold_loss":0},{"damage_healed":0,"gold_gain":0,"player_choice":"Fought Mushrooms","damage_taken":0,"max_hp_gain":0,"max_hp_loss":0,"event_name":"Mushrooms","floor":11,"gold_loss":0},{"damage_healed":0,"gold_gain":0,"player_choice":"Opened","damage_taken":0,"relics_obtained":["Molten Egg 2"],"max_hp_gain":0,"max_hp_loss":0,"event_name":"The Mausoleum","floor":19,"gold_loss":0},{"damage_healed":0,"gold_gain":0,"player_choice":"Inject Mutagens","damage_taken":0,"relics_obtained":["MutagenicStrength"],"max_hp_gain":0,"max_hp_loss":0,"event_name":"Drug Dealer","floor":22,"gold_loss":0}],"is_beta":false,"boss_relics":[{"not_picked":["Fusion Hammer","Lizard Tail"],"picked":"Empty Cage"}],"items_purged_floors":[3],"is_endless":false,"potions_floor_spawned":[2,5,11,14],"killed_by":"Book of Stabbing","ascension_level":0}