{"gold_per_floor":[11,111,14,26,26,26,41,41,41,60,60,88,103,122,122,220,220,230,27,27,46,63,63,79,79,79,92,92,7,7,18,18,18],"floor_reached":33,"playtime":1370,"items_purged":[],"score":249,"play_id":"ba3e4eaa-d438-4063-abe0-57f6a6093fc0","local_time":"20190305103005","is_ascension_mode":false,"campfire_choices":[{"floor":6,"key":"REST"},{"data":"Melter","floor":11,"key":"SMITH"},{"floor":15,"key":"REST"},{"floor":23,"key":"RECALL"},{"floor":25,"key":"REST"},{"floor":32,"key":"REST"}],"neow_cost":"NO_GOLD","seed_source_timestamp":2873171157190,"circlet_count":0,"master_deck":["Strike_B+1","Strike_B","Strike_B","Defend_B+1","Defend_B+1","Defend_B","Defend_B","Zap","Dualcast","Gash","Ball Lightning","Melter+1","Conserve Battery+1","Compile Driver","FTL","Gash","Glacier","Go for the Eyes","Stack","Beam Cell","Undo","Reboot","Gash","Body Slam","Doom and Gloom+1","Rebound+1","Blur","Darkness","Blur"],"relics":["Cracked Core","Prayer Wheel","War Paint","Boot","Fusion Hammer","PrismaticShard","MutagenicStrength","Dream Catcher"],"potions_floor_usage":[12,21,21,22,24,24,33],"damage_taken":[{"damage":3,"enemies":"Jaw Worm","floor":1,"turns":3},{"damage":0,"enemies":"Cultist","floor":4,"turns":3},{"damage":3,"enemies":"Small Slimes","floor":7,"turns":3},{"damage":0,"enemies":"3 Louse","floor":10,"turns":3},{"damage":5,"enemies":"3 Sentries","floor":12,"turns":5},{"damage":13,"enemies":"Red Slaver","floor":13,"turns":2},{"damage":0,"enemies":"2 Fungi Beasts","floor":14,"turns":3},{"damage":25,"enemies":"Hexaghost","floor":16,"turns":10},{"damage":0,"enemies":"Chosen","floor":18,"turns":4},{"damage":4,"enemies":"2 Thieves","floor":21,"turns":3},{"damage":0,"enemies":"Sentry and Sphere","floor":22,"turns":2},{"damage":6,"enemies":"3 Cultists","floor":24,"turns":5},{"damage":1,"enemies":"Centurion and Healer","floor":27,"turns":4},{"damage":0,"enemies":"Chosen and Byrds","floor":31,"turns":4},{"damage":89,"enemies":"Collector","floor":33,"turns":7}],"seed_played":"-4314549350244102953","potions_obtained":[{"floor":7,"key":"LiquidBronze"},{"floor":13,"key":"SkillPotion"},{"floor":14,"key":"FearPotion"},{"floor":16,"key":"Energy Potion"},{"floor":21,"key":"Block Potion"},{"floor":22,"key":"FearPotion"},{"floor":31,"key":"FocusPotion"}],"is_trial":false,"path_per_floor":["M","?","$","M","?","R","M","?","T","M","R","E","M","M","R","B",null,"M","$","?","M","M","R","M","R","T","M","?","?","?","M","R","B"],"character_chosen":"DEFECT","items_purchased":["Melter","Conserve Battery","PrismaticShard"],"campfire_rested":4,"item_purchase_floors":[3,3,19],"current_hp_per_floor":[72,72,72,72,57,75,72,72,72,72,72,67,54,54,75,50,75,75,75,75,71,71,71,65,75,75,74,74,74,74,74,75,0],"gold":18,"neow_bonus":"ONE_RARE_RELIC","is_prod":false,"is_daily":false,"chose_seed":false,"campfire_upgraded":1,"win_rate":0,"timestamp":1551803405,"path_taken":["M","?","$","?","?","R","M","?","T","?","R","E","M","M","R","BOSS","M","$","?","M","M","R","M","R","T","M","?","?","?","M","R","BOSS"],"build_version":"2019-01-23","purchased_purges":0,"victory":false,"max_hp_per_floor":[75,75,75,75,75,75,75,75,75,75,75,75,75,75,75,75,75,75,75,75,75,75,75,75,75,75,75,75,75,75,75,75,75],"card_choices":[{"not_picked":["Fusion","Redo"],"picked":"Gash","floor":1},{"not_picked":["Coolheaded","Skim"],"picked":"Ball Lightning","floor":1},{"not_picked":["Hello World","Streamline","Steam Power"],"picked":"SKIP","floor":4},{"not_picked":["Reprogram","Force Field","Hologram"],"picked":"SKIP","floor":4},{"not_picked":["Capacitor","Tempest"],"picked":"Compile Driver","floor":7},{"not_picked":["Compile Driver","Reboot","Blizzard"],"picked":"SKIP","floor":7},{"not_picked":["Rip and Tear","Ball Lightning"],"picked":"FTL","floor":10},{"not_picked":["Barrage","Streamline"],"picked":"Gash","floor":10},{"not_picked":["Doom and Gloom","Genetic Algorithm"],"picked":"Glacier","floor":12},{"not_picked":["Streamline","BootSequence"],"picked":"Go for the Eyes","floor":13},{"not_picked":["Ball Lightning","Barrage"],"picked":"Stack","floor":13},{"not_picked":["Stack","Defragment"],"picked":"Beam Cell","floor":14},{"not_picked":["Barrage","Redo"],"picked":"Undo","floor":14},{"not_picked":["Multi-Cast","Buffer"],"picked":"Reboot","floor":16},{"not_picked":["Reprogram","Rip and Tear+1"],"picked":"Gash","floor":18},{"not_picked":["Beam Cell+1","Turbo","Genetic Algorithm"],"picked":"SKIP","floor":18},{"not_picked":["Perfected Strike+1","True Grit","Streamline"],"picked":"SKIP","floor":21},{"not_picked":["Bane","Anger","Choke"],"picked":"SKIP","floor":21},{"not_picked":["Ball Lightning","Catalyst+1"],"picked":"Body Slam","floor":22},{"not_picked":["Thunderclap","Headbutt","Phantasmal Killer"],"picked":"SKIP","floor":22},{"not_picked":["Purity","Slice"],"picked":"Doom and Gloom+1","floor":24},{"not_picked":["Slice","Cold Snap"],"picked":"Rebound+1","floor":24},{"not_picked":["True Grit","Backflip"],"picked":"Blur","floor":27},{"not_picked":["Rage+1","Underhanded Strike","Intimidate"],"picked":"SKIP","floor":27},{"not_picked":["Flex+1","Stack","Wild Strike"],"picked":"SKIP","floor":31},{"not_picked":["Blade Dance","Clothesline","Darkness"],"picked":"SKIP","floor":31},{"not_picked":["Cold Snap","Streamline"],"picked":"Blur","floor":32}],"player_experience":547408,"relics_obtained":[{"floor":9,"key":"War Paint"},{"floor":12,"key":"Boot"}],"event_choices":[{"damage_healed":0,"gold_gain":100,"player_choice":"Pray","damage_taken":0,"max_hp_gain":0,"max_hp_loss":0,"event_name":"Golden Shrine","floor":2,"gold_loss":0},{"damage_healed":0,"gold_gain":0,"player_choice":"Entered Light","damage_taken":15,"max_hp_gain":0,"max_hp_loss":0,"event_name":"Shining Light","floor":5,"gold_loss":0,"cards_upgraded":["Defend_B","Strike_B"]},{"damage_healed":0,"gold_gain":0,"player_choice":"Ignored","damage_taken":0,"max_hp_gain":0,"max_hp_loss":0,"event_name":"NoteForYourself","floor":8,"gold_loss":0},{"damage_healed":0,"gold_gain":0,"player_choice":"Inject Mutagens","damage_taken":0,"relics_obtained":["MutagenicStrength"],"max_hp_gain":0,"max_hp_loss":0,"event_name":"Drug Dealer","floor":20,"gold_loss":0},{"damage_healed":0,"gold_gain":0,"player_choice":"Ignored","damage_taken":0,"max_hp_gain":0,"max_hp_loss":0,"event_name":"The Mausoleum","floor":28,"gold_loss":0},{"damage_healed":0,"gold_gain":0,"player_choice":"Obtained Relic","damage_taken":0,"relics_obtained":["Dream Catcher"],"max_hp_gain":0,"max_hp_loss":0,"event_name":"Addict","floor":29,"gold_loss":85},{"damage_healed":0,"gold_gain":0,"cards_transformed":["Strike_B"],"player_choice":"Transformed","damage_taken":0,"max_hp_gain":0,"max_hp_loss":0,"event_name":"Transmorgrifier","floor":30,"gold_loss":0,"cards_obtained":["Darkness"]}],"is_beta":false,"boss_relics":[{"not_picked":["Busted Crown","Pandora\u0027s Box"],"picked":"Fusion Hammer"}],"items_purged_floors":[],"is_endless":false,"potions_floor_spawned":[7,13,14,16,21,22,31],"killed_by":"Collector","ascension_level":0}