{"gold_per_floor":[119,138,12,24,99,111,111,111,111,127,127,127,144,154,154,256,256,268,168,197,72,84,84,84,84,137,137,137,151,168,187,187,284,334,347,347,358,371,67,67,77,77,77,90,100,200,213,226,226,226],"floor_reached":50,"playtime":2043,"items_purged":["Strike_R","Defend_R","Strike_R","Strike_R"],"score":490,"play_id":"87b0df58-6f72-4aae-8be7-17872ee4a3fd","local_time":"20190114024128","is_ascension_mode":false,"campfire_choices":[{"data":"Inflame","floor":8,"key":"SMITH"},{"data":"Whirlwind","floor":12,"key":"SMITH"},{"data":"Iron Wave","floor":15,"key":"SMITH"},{"data":"Limit Break","floor":23,"key":"SMITH"},{"data":"Flex","floor":25,"key":"SMITH"},{"data":"Battle Trance","floor":28,"key":"SMITH"},{"data":"Headbutt","floor":32,"key":"SMITH"},{"data":"Feed","floor":40,"key":"SMITH"},{"data":"Rampage","floor":42,"key":"SMITH"},{"floor":49,"key":"REST"}],"neow_cost":"NONE","seed_source_timestamp":400029479093626,"circlet_count":0,"master_deck":["Strike_R","Strike_R","Defend_R","Defend_R","Defend_R+1","Bash+1","Battle Trance+1","Headbutt+1","Flex+1","Inflame+1","Whirlwind+1","Iron Wave+1","Limit Break+1","Sword Boomerang+1","Flex+1","Feed+1","Shrug It Off+1","Rampage+1","Heavy Blade+1","Flex","Heavy Blade+1"],"relics":["Burning Blood","Mummified Hand","Sundial","Velvet Choker","Red Mask","Tiny Chest","Frozen Egg 2","Tiny House","Bag of Preparation","Ornamental Fan","Mango"],"potions_floor_usage":[2,16,16,16,31,33,37,41,50,50,50],"damage_taken":[{"damage":8,"enemies":"Jaw Worm","floor":1,"turns":4},{"damage":0,"enemies":"Small Slimes","floor":2,"turns":3},{"damage":2,"enemies":"2 Louse","floor":4,"turns":2},{"damage":4,"enemies":"Blue Slaver","floor":6,"turns":4},{"damage":3,"enemies":"Lots of Slimes","floor":10,"turns":4},{"damage":8,"enemies":"Red Slaver","floor":13,"turns":2},{"damage":0,"enemies":"Large Slime","floor":14,"turns":4},{"damage":22,"enemies":"Hexaghost","floor":16,"turns":7},{"damage":5,"enemies":"Chosen","floor":18,"turns":3},{"damage":0,"enemies":"Masked Bandits","floor":20,"turns":2},{"damage":0,"enemies":"3 Byrds","floor":22,"turns":2},{"damage":0,"enemies":"3 Cultists","floor":29,"turns":2},{"damage":17,"enemies":"Shelled Parasite and Fungi","floor":30,"turns":3},{"damage":10,"enemies":"Sentry and Sphere","floor":31,"turns":3},{"damage":14,"enemies":"Automaton","floor":33,"turns":4},{"damage":7,"enemies":"Orb Walker","floor":35,"turns":3},{"damage":24,"enemies":"3 Darklings","floor":37,"turns":3},{"damage":20,"enemies":"Sphere and 2 Shapes","floor":38,"turns":2},{"damage":5,"enemies":"Jaw Worm Horde","floor":41,"turns":4},{"damage":5,"enemies":"4 Shapes","floor":44,"turns":2},{"damage":24,"enemies":"Spire Growth","floor":45,"turns":4},{"damage":19,"enemies":"Mind Bloom Boss Battle","floor":46,"turns":3},{"damage":0,"enemies":"Transient","floor":47,"turns":5},{"damage":6,"enemies":"Jaw Worm Horde","floor":48,"turns":3},{"damage":88,"enemies":"Donu and Deca","floor":50,"turns":5}],"seed_played":"-3257146841420982907","potions_obtained":[{"floor":1,"key":"Poison Potion"},{"floor":2,"key":"Ancient Potion"},{"floor":6,"key":"EntropicBrew"},{"floor":16,"key":"Swift Potion"},{"floor":22,"key":"Regen Potion"},{"floor":33,"key":"EssenceOfSteel"},{"floor":34,"key":"BloodPotion"},{"floor":37,"key":"SmokeBomb"},{"floor":41,"key":"Fire Potion"},{"floor":45,"key":"SteroidPotion"},{"floor":47,"key":"PowerPotion"}],"is_trial":false,"path_per_floor":["M","M","$","M","?","M","?","R","T","M","?","R","M","M","R","B",null,"M","$","?","$","M","R","$","R","T","T","R","M","M","M","R","B",null,"M","?","M","M","$","R","M","R","T","M","M","?","M","M","R","B"],"character_chosen":"IRONCLAD","items_purchased":["Flex","Bag of Preparation"],"campfire_rested":1,"item_purchase_floors":[3,39],"current_hp_per_floor":[78,80,80,80,69,71,71,71,71,74,67,67,65,71,71,55,80,80,80,80,80,80,80,80,80,80,80,80,80,69,70,70,62,85,84,84,66,52,52,52,65,65,65,66,48,49,55,55,85,0],"gold":226,"neow_bonus":"UPGRADE_CARD","is_prod":false,"is_daily":false,"chose_seed":false,"campfire_upgraded":9,"win_rate":0,"timestamp":1547462488,"path_taken":["M","M","$","M","?","M","?","R","T","M","?","R","M","M","R","BOSS","M","$","?","$","M","R","$","R","T","?","R","M","M","M","R","BOSS","M","?","M","?","?","R","M","R","T","M","M","?","M","M","R","BOSS"],"build_version":"2019-01-10","purchased_purges":4,"victory":false,"max_hp_per_floor":[80,80,80,80,80,80,80,80,80,80,80,80,80,80,80,80,80,80,80,80,80,80,80,80,80,80,80,80,80,80,80,80,80,85,85,85,85,85,85,85,89,89,89,89,89,103,103,103,103,103],"card_choices":[{"not_picked":["Anger","True Grit"],"picked":"Battle Trance","floor":1},{"not_picked":["Seeing Red","Dual Wield"],"picked":"Headbutt","floor":2},{"not_picked":["Perfected Strike","Cleave"],"picked":"Inflame","floor":4},{"not_picked":["Thunderclap","Fire Breathing","Rage"],"picked":"SKIP","floor":6},{"not_picked":["Cleave","Bloodletting"],"picked":"Whirlwind","floor":10},{"not_picked":["Reckless Charge","Battle Trance","Warcry"],"picked":"SKIP","floor":13},{"not_picked":["Fire Breathing","Headbutt"],"picked":"Iron Wave","floor":14},{"not_picked":["Barricade","Reaper"],"picked":"Limit Break","floor":16},{"not_picked":["Headbutt","Anger"],"picked":"Sword Boomerang+1","floor":18},{"not_picked":["Seeing Red","Sword Boomerang"],"picked":"Flex","floor":20},{"not_picked":["Headbutt+1","Sentinel+1","Anger+1"],"picked":"SKIP","floor":22},{"not_picked":["Iron Wave","Twin Strike","Pommel Strike+1"],"picked":"SKIP","floor":29},{"not_picked":["Wild Strike+1","Uppercut","Warcry"],"picked":"SKIP","floor":30},{"not_picked":["Thunderclap","Dark Embrace+1","Searing Blow"],"picked":"SKIP","floor":31},{"not_picked":["Brutality+1","Double Tap"],"picked":"Feed","floor":33},{"not_picked":["Flex","Armaments","Clothesline"],"picked":"SKIP","floor":35},{"not_picked":["Blood for Blood+1","Pommel Strike","Armaments"],"picked":"SKIP","floor":37},{"not_picked":["Pommel Strike+1","Double Tap"],"picked":"Shrug It Off+1","floor":38},{"not_picked":["Warcry","Uppercut"],"picked":"Rampage","floor":41},{"not_picked":["Pommel Strike+1","Clothesline"],"picked":"Heavy Blade+1","floor":44},{"not_picked":["Anger","Fire Breathing+1","Hemokinesis+1"],"picked":"SKIP","floor":45},{"not_picked":["Pummel","Cleave+1"],"picked":"Flex","floor":46},{"not_picked":["Brutality+1","Sword Boomerang"],"picked":"Heavy Blade+1","floor":47},{"not_picked":["Headbutt+1","Flex","Sentinel"],"picked":"SKIP","floor":48}],"player_experience":250596,"relics_obtained":[{"floor":9,"key":"Mummified Hand"},{"floor":20,"key":"Red Mask"},{"floor":26,"key":"Tiny Chest"},{"floor":27,"key":"Frozen Egg 2"},{"floor":43,"key":"Ornamental Fan"},{"floor":46,"key":"Mango"}],"event_choices":[{"damage_healed":0,"gold_gain":75,"player_choice":"Gather Gold","damage_taken":11,"max_hp_gain":0,"max_hp_loss":0,"event_name":"World of Goop","floor":5,"gold_loss":0},{"damage_healed":0,"gold_gain":0,"player_choice":"Grow","damage_taken":0,"max_hp_gain":0,"max_hp_loss":0,"event_name":"Living Wall","floor":7,"gold_loss":0,"cards_upgraded":["Flex"]},{"damage_healed":0,"gold_gain":0,"player_choice":"Success","damage_taken":7,"relics_obtained":["Sundial"],"max_hp_gain":0,"max_hp_loss":0,"event_name":"Scrap Ooze","floor":11,"gold_loss":0},{"damage_healed":0,"gold_gain":0,"player_choice":"Fought Bandits","damage_taken":0,"max_hp_gain":0,"max_hp_loss":0,"event_name":"Masked Bandits","floor":20,"gold_loss":0},{"damage_healed":0,"gold_gain":0,"player_choice":"Ignored","damage_taken":0,"max_hp_gain":0,"max_hp_loss":0,"event_name":"NoteForYourself","floor":36,"gold_loss":0},{"damage_healed":0,"gold_gain":0,"player_choice":"Fight","damage_taken":0,"max_hp_gain":0,"max_hp_loss":0,"event_name":"MindBloom","floor":46,"gold_loss":0}],"is_beta":false,"boss_relics":[{"not_picked":["Runic Dome","Ectoplasm"],"picked":"Velvet Choker"},{"not_picked":["Mark of Pain","Black Star"],"picked":"Tiny House"}],"items_purged_floors":[3,19,21,39],"is_endless":false,"potions_floor_spawned":[1,2,6,16,22,33,37,41,45,47],"killed_by":"Donu and Deca","ascension_level":0}