{"gold_per_floor":[115,134,147,160,177,177,188,188,188,204,204,214,245,260,260,260],"floor_reached":16,"playtime":980,"items_purged":[],"score":146,"play_id":"49487da0-9150-4f83-ad25-74c984e448fd","local_time":"20181111012257","is_ascension_mode":true,"campfire_choices":[{"data":"Barricade","floor":6,"key":"SMITH"},{"data":"Whirlwind","floor":8,"key":"SMITH"},{"data":"Pommel Strike","floor":11,"key":"SMITH"},{"data":"Body Slam","floor":15,"key":"SMITH"}],"neow_cost":"NONE","seed_source_timestamp":2768520746634308,"circlet_count":0,"master_deck":["Strike_R","Strike_R","Strike_R","Strike_R","Defend_R","Defend_R","Defend_R","Defend_R","Bash","Whirlwind+1","Pommel Strike+1","Barricade+1","Headbutt","Ghostly Armor","Twin Strike","Body Slam+1"],"relics":["Burning Blood","Du-Vu Doll","Bottled Flame"],"potions_floor_usage":[5,13,13,13],"damage_taken":[{"damage":1,"enemies":"Cultist","floor":1,"turns":4},{"damage":6,"enemies":"Small Slimes","floor":2,"turns":6},{"damage":3,"enemies":"Jaw Worm","floor":3,"turns":6},{"damage":0,"enemies":"Lots of Slimes","floor":4,"turns":1},{"damage":20,"enemies":"Large Slime","floor":5,"turns":11},{"damage":11,"enemies":"Looter","floor":7,"turns":5},{"damage":22,"enemies":"Lots of Slimes","floor":10,"turns":2},{"damage":14,"enemies":"Red Slaver","floor":12,"turns":3},{"damage":4,"enemies":"Gremlin Nob","floor":13,"turns":4},{"damage":0,"enemies":"3 Louse","floor":14,"turns":1},{"damage":57,"enemies":"The Guardian","floor":16,"turns":16}],"seed_played":"-407330761742248865","potions_obtained":[{"floor":2,"key":"AttackPotion"},{"floor":7,"key":"Weak Potion"},{"floor":10,"key":"Block Potion"},{"floor":12,"key":"Block Potion"},{"floor":14,"key":"FairyPotion"}],"is_trial":false,"path_per_floor":["M","M","M","M","M","R","M","R","T","M","R","M","E","M","R","B"],"character_chosen":"IRONCLAD","items_purchased":[],"campfire_rested":0,"item_purchase_floors":[],"current_hp_per_floor":[77,77,80,80,66,66,61,61,61,45,45,37,39,45,45,0],"gold":260,"neow_bonus":"REMOVE_CARD","is_prod":false,"is_daily":false,"chose_seed":false,"campfire_upgraded":4,"win_rate":0,"timestamp":1541895777,"path_taken":["M","M","M","M","M","R","M","R","T","M","R","M","E","M","R","BOSS"],"build_version":"2018-11-08","purchased_purges":0,"victory":false,"max_hp_per_floor":[80,80,80,80,80,80,80,80,80,80,80,80,80,80,80,80],"card_choices":[{"not_picked":["Havoc","Body Slam","Clothesline"],"picked":"SKIP","floor":1},{"not_picked":["Ghostly Armor","Anger"],"picked":"Whirlwind","floor":2},{"not_picked":["Iron Wave","Wild Strike"],"picked":"Pommel Strike","floor":3},{"not_picked":["Power Through","Wild Strike"],"picked":"Barricade","floor":4},{"not_picked":["Pommel Strike","Whirlwind","Blood for Blood"],"picked":"SKIP","floor":5},{"not_picked":["Clash","Inflame"],"picked":"Headbutt","floor":7},{"not_picked":["Headbutt","Clash","Pommel Strike"],"picked":"SKIP","floor":10},{"not_picked":["Inflame","Carnage"],"picked":"Ghostly Armor","floor":12},{"not_picked":["Headbutt","Heavy Blade"],"picked":"Twin Strike","floor":13},{"not_picked":["Spot Weakness","Sentinel"],"picked":"Body Slam","floor":14}],"player_experience":537579,"relics_obtained":[{"floor":9,"key":"Du-Vu Doll"},{"floor":13,"key":"Bottled Flame"}],"event_choices":[],"is_beta":false,"boss_relics":[],"items_purged_floors":[],"is_endless":false,"potions_floor_spawned":[2,7,10,12,14],"killed_by":"The Guardian","ascension_level":7}