{"path_per_floor":["M","M","M","M","?","M","M","M","T","E","R","$","R","M","R","B",null,"M","M","M","?"],"character_chosen":"DEFECT","items_purchased":["Buffer"],"gold_per_floor":[112,132,147,167,117,136,150,162,217,250,250,169,169,183,183,278,278,293,312,322,322,322],"floor_reached":22,"campfire_rested":1,"playtime":1132,"item_purchase_floors":[12],"current_hp_per_floor":[75,71,70,54,54,48,48,28,28,21,43,43,43,40,40,15,75,50,28,16,16,0],"items_purged":[],"gold":322,"score":192,"play_id":"d2b5ac56-1b71-46f5-881d-89ecd5580e86","local_time":"20180620025252","is_prod":false,"is_daily":false,"chose_seed":false,"is_ascension_mode":false,"campfire_upgraded":2,"win_rate":0,"timestamp":1529455972,"campfire_choices":[{"floor":11,"key":"REST"},{"data":"Buffer","floor":13,"key":"SMITH"},{"data":"Force Field","floor":15,"key":"SMITH"}],"path_taken":["M","M","M","M","?","M","?","M","T","E","R","$","R","M","R","BOSS","M","M","M","?","M"],"build_version":"2018-06-14v2","seed_source_timestamp":1171946255459407,"purchased_purges":0,"victory":false,"master_deck":["Strike_B+1","Strike_B","Strike_B+1","Defend_B","Defend_B","Defend_B","Defend_B","Zap","Dualcast","Force Field","Force Field+1","Glacier","Static Discharge","Buffer+1","Force Field","Electrodynamics","Genetic Algorithm+1"],"max_hp_per_floor":[75,75,75,75,75,75,75,75,75,75,75,75,75,75,75,75,75,75,75,75,75,75],"relics":["Cracked Core","Whetstone","Centennial Puzzle","Orrery"],"card_choices":[{"not_picked":["Hologram","Aggregate"],"picked":"Force Field","floor":1},{"not_picked":["Coolheaded","Stack","Lockon"],"picked":"SKIP","floor":2},{"not_picked":["Cold Snap","Sweeping Beam","Scrape"],"picked":"SKIP","floor":3},{"not_picked":["Hologram","Barrage","Leap"],"picked":"SKIP","floor":4},{"not_picked":["Rebound","Beam Cell"],"picked":"Force Field","floor":6},{"not_picked":["Aggregate","Steam","Gash"],"picked":"SKIP","floor":7},{"not_picked":["Barrage","Undo"],"picked":"Glacier","floor":8},{"not_picked":["Ball Lightning","Darkness"],"picked":"Static Discharge","floor":10},{"not_picked":["Reinforced Body","Stack"],"picked":"Force Field","floor":14},{"not_picked":["Reboot","Amplify"],"picked":"Electrodynamics","floor":16},{"not_picked":["Barrage+1","Compile Driver"],"picked":"Genetic Algorithm+1","floor":18},{"not_picked":["Sweeping Beam","Genetic Algorithm","Steam"],"picked":"SKIP","floor":19},{"not_picked":["Beam Cell","Streamline","Rainbow"],"picked":"SKIP","floor":20}],"player_experience":363332,"potions_floor_usage":[10,10,16],"damage_taken":[{"damage":0,"enemies":"Small Slimes","floor":1,"turns":2},{"damage":4,"enemies":"Jaw Worm","floor":2,"turns":4},{"damage":1,"enemies":"Cultist","floor":3,"turns":3},{"damage":16,"enemies":"2 Fungi Beasts","floor":4,"turns":4},{"damage":6,"enemies":"Blue Slaver","floor":6,"turns":5},{"damage":0,"enemies":"Large Slime","floor":7,"turns":4},{"damage":20,"enemies":"Exordium Wildlife","floor":8,"turns":6},{"damage":7,"enemies":"3 Sentries","floor":10,"turns":7},{"damage":3,"enemies":"2 Fungi Beasts","floor":14,"turns":4},{"damage":25,"enemies":"Slime Boss","floor":16,"turns":13},{"damage":25,"enemies":"Spheric Guardian","floor":18,"turns":7},{"damage":22,"enemies":"Shell Parasite","floor":19,"turns":9},{"damage":12,"enemies":"Centurion and Healer","floor":20,"turns":12},{"damage":19,"enemies":"Cultist and Chosen","floor":22,"turns":3}],"relics_obtained":[{"floor":9,"key":"Whetstone"},{"floor":10,"key":"Centennial Puzzle"}],"event_choices":[{"event_name":"The Cleric","player_choice":"Card Removal","floor":5,"damage_taken":0},{"event_name":"Beggar","player_choice":"Ignored","floor":21,"damage_taken":0}],"boss_relics":[{"not_picked":["Eternal Feather","Philosopher\u0027s Stone"],"picked":"Orrery"}],"items_purged_floors":[],"is_endless":false,"potions_floor_spawned":[2,3,6,8,16,19],"seed_played":"-4930134360520268816","killed_by":"Cultist and Chosen","ascension_level":0,"potions_obtained":[{"floor":2,"key":"SteroidPotion"},{"floor":3,"key":"AttackPotion"},{"floor":6,"key":"LiquidBronze"},{"floor":8,"key":"LiquidBronze"},{"floor":16,"key":"Weak Potion"},{"floor":19,"key":"Ancient Potion"}],"is_trial":false}