{"gold_per_floor":[110,124,136,153,166,201,217,217,217,217,229,32,42,56,56,157,157,172,201,11,29,29,29,29],"floor_reached":24,"playtime":866,"items_purged":[],"score":202,"play_id":"0ec6d9a1-074c-44fe-86f3-d3dd713e0766","local_time":"20190222114254","is_ascension_mode":false,"campfire_choices":[{"data":"Ball Lightning","floor":8,"key":"SMITH"},{"floor":10,"key":"REST"},{"floor":15,"key":"REST"},{"data":"Leap","floor":23,"key":"SMITH"}],"neow_cost":"NONE","seed_source_timestamp":1504998377133,"circlet_count":0,"master_deck":["Strike_B","Strike_B","Strike_B","Strike_B","Defend_B","Defend_B","Defend_B","Defend_B","Zap","Dualcast","Leap+1","Rip and Tear","Ball Lightning+1","Coolheaded","Tempest","Static Discharge","Lockon","Skim","Ball Lightning","Genetic Algorithm","Melter","Seek","Parasite","Go for the Eyes","Conserve Battery+1","Double Energy+1"],"relics":["Cracked Core","Bottled Flame","Omamori","Regal Pillow","Calling Bell","Pen Nib","Letter Opener","Emotion Chip","Red Mask","HandDrill"],"potions_floor_usage":[5,6,6,16,16,21,24,24],"damage_taken":[{"damage":5,"enemies":"Small Slimes","floor":1,"turns":3},{"damage":1,"enemies":"Jaw Worm","floor":2,"turns":4},{"damage":1,"enemies":"Cultist","floor":3,"turns":3},{"damage":2,"enemies":"Blue Slaver","floor":4,"turns":3},{"damage":0,"enemies":"Gremlin Gang","floor":5,"turns":3},{"damage":14,"enemies":"Lagavulin","floor":6,"turns":5},{"damage":18,"enemies":"Lots of Slimes","floor":7,"turns":3},{"damage":11,"enemies":"Red Slaver","floor":11,"turns":3},{"damage":0,"enemies":"3 Louse","floor":13,"turns":2},{"damage":7,"enemies":"Blue Slaver","floor":14,"turns":2},{"damage":16,"enemies":"Slime Boss","floor":16,"turns":5},{"damage":0,"enemies":"Spheric Guardian","floor":18,"turns":2},{"damage":50,"enemies":"Masked Bandits","floor":19,"turns":4},{"damage":0,"enemies":"3 Byrds","floor":21,"turns":2},{"damage":57,"enemies":"Gremlin Leader","floor":24,"turns":5}],"seed_played":"7452742344970155705","potions_obtained":[{"floor":0,"key":"Poison Potion"},{"floor":0,"key":"FearPotion"},{"floor":0,"key":"FairyPotion"},{"floor":2,"key":"Fire Potion"},{"floor":4,"key":"Block Potion"},{"floor":11,"key":"PowerPotion"},{"floor":13,"key":"PowerPotion"},{"floor":16,"key":"GamblersBrew"},{"floor":18,"key":"Fruit Juice"},{"floor":19,"key":"AttackPotion"}],"is_trial":false,"path_per_floor":["M","M","M","M","M","E","M","R","T","R","M","$","M","M","R","B",null,"M","?","$","M","?","R","E"],"character_chosen":"DEFECT","items_purchased":["Regal Pillow","Ball Lightning","HandDrill"],"campfire_rested":2,"item_purchase_floors":[12,12,20],"current_hp_per_floor":[70,69,68,66,66,52,34,34,34,56,45,45,45,38,75,59,75,75,25,25,25,50,50,0],"gold":29,"neow_bonus":"THREE_SMALL_POTIONS","is_prod":false,"is_daily":false,"chose_seed":false,"campfire_upgraded":2,"win_rate":0,"timestamp":1550857374,"path_taken":["M","M","M","M","M","E","M","R","T","R","M","$","M","M","R","BOSS","M","?","$","M","?","R","E"],"build_version":"2019-01-23","purchased_purges":0,"victory":false,"max_hp_per_floor":[75,75,75,75,75,75,75,75,75,75,75,75,75,75,75,75,75,75,75,75,75,75,75,80],"card_choices":[{"not_picked":["Turbo","Barrage"],"picked":"Leap","floor":1},{"not_picked":["Coolheaded","Hello World"],"picked":"Rip and Tear","floor":2},{"not_picked":["Reprogram","Capacitor"],"picked":"Ball Lightning","floor":3},{"not_picked":["Rebound","Consume"],"picked":"Coolheaded","floor":4},{"not_picked":["Hello World","Meteor Strike"],"picked":"Tempest","floor":5},{"not_picked":["Compile Driver","Rebound"],"picked":"Static Discharge","floor":6},{"not_picked":["Loop","Redo"],"picked":"Lockon","floor":7},{"not_picked":["Barrage","White Noise"],"picked":"Skim","floor":11},{"not_picked":["White Noise","Leap"],"picked":"Genetic Algorithm","floor":13},{"not_picked":["Gash","Doom and Gloom"],"picked":"Melter","floor":14},{"not_picked":["Reboot","Rainbow"],"picked":"Seek","floor":16},{"not_picked":["Barrage","Rebound"],"picked":"Go for the Eyes","floor":18},{"not_picked":["Cold Snap","Compile Driver+1"],"picked":"Conserve Battery+1","floor":19},{"not_picked":["Chill","Redo+1"],"picked":"Double Energy+1","floor":21}],"player_experience":294704,"relics_obtained":[{"floor":6,"key":"Bottled Flame"},{"floor":9,"key":"Omamori"},{"floor":17,"key":"Pen Nib"},{"floor":17,"key":"Letter Opener"},{"floor":17,"key":"Emotion Chip"},{"floor":19,"key":"Red Mask"}],"event_choices":[{"damage_healed":0,"gold_gain":0,"player_choice":"Fought Bandits","damage_taken":0,"max_hp_gain":0,"max_hp_loss":0,"event_name":"Masked Bandits","floor":19,"gold_loss":0},{"damage_healed":25,"gold_gain":0,"player_choice":"Heal","damage_taken":0,"max_hp_gain":0,"max_hp_loss":0,"event_name":"The Library","floor":22,"gold_loss":0}],"is_beta":false,"boss_relics":[{"not_picked":["Pandora\u0027s Box","White Beast Statue"],"picked":"Calling Bell"}],"items_purged_floors":[],"is_endless":false,"potions_floor_spawned":[2,4,11,13,16,18,19],"killed_by":"Gremlin Leader","ascension_level":0}