{"path_per_floor":["M","M","?","?","M","R","E","R","T","?","M","M","?","E","R"],"character_chosen":"DEFECT","items_purchased":[],"gold_per_floor":[115,134,134,209,223,223,249,249,300,300,311,322,377,406,406,406],"floor_reached":16,"campfire_rested":0,"playtime":973,"item_purchase_floors":[],"current_hp_per_floor":[75,70,63,52,46,46,28,28,28,75,63,42,31,21,21,0],"items_purged":[],"gold":406,"score":110,"play_id":"5abdcb35-629c-4de2-9baa-4dee272321c4","local_time":"20180602031114","is_prod":false,"is_daily":false,"chose_seed":false,"is_ascension_mode":false,"campfire_upgraded":3,"win_rate":0.0,"timestamp":1527901874,"campfire_choices":[{"data":"Chaos","floor":6,"key":"SMITH"},{"data":"Double Energy","floor":8,"key":"SMITH"},{"data":"Defragment","floor":15,"key":"SMITH"}],"path_taken":["M","M","?","?","M","R","E","R","T","?","M","M","?","E","R","BOSS"],"build_version":"2018-05-31","seed_source_timestamp":8241021550185,"purchased_purges":0,"victory":false,"master_deck":["Strike_B","Strike_B","Defend_B","Defend_B","Defend_B","Defend_B","Zap","Dualcast","Chaos+1","Storm","Defragment+1"],"max_hp_per_floor":[75,75,75,75,75,75,75,75,75,75,75,75,82,82,82,82],"relics":["Cracked Core","Potion Belt","Juzu Bracelet","Strawberry","Darkstone Periapt"],"card_choices":[{"not_picked":["Streamline","Leap"],"picked":"Chaos","floor":1},{"not_picked":["Redo","Hologram","Scrape"],"picked":"SKIP","floor":2},{"not_picked":["Streamline","Compile Driver","Stack"],"picked":"SKIP","floor":5},{"not_picked":["Leap","Coolheaded"],"picked":"Double Energy","floor":7},{"not_picked":["Conserve Battery","Steam"],"picked":"Storm","floor":11},{"not_picked":["Coolheaded","Streamline","Hologram"],"picked":"SKIP","floor":12},{"not_picked":["Ball Lightning","Biased Cognition"],"picked":"Defragment","floor":14}],"player_experience":293230,"potions_floor_usage":[13,14,16,16,16],"damage_taken":[{"damage":0,"enemies":"Cultist","floor":1,"turns":3},{"damage":5,"enemies":"Small Slimes","floor":2,"turns":3},{"damage":6,"enemies":"2 Louse","floor":5,"turns":4},{"damage":18,"enemies":"3 Sentries","floor":7,"turns":11},{"damage":12,"enemies":"Exordium Thugs","floor":11,"turns":4},{"damage":21,"enemies":"Large Slime","floor":12,"turns":7},{"damage":18,"enemies":"Lagavulin Event","floor":13,"turns":5},{"damage":10,"enemies":"Lagavulin","floor":14,"turns":7},{"damage":23,"enemies":"Slime Boss","floor":16,"turns":9}],"relics_obtained":[{"floor":7,"key":"Potion Belt"},{"floor":9,"key":"Juzu Bracelet"},{"floor":13,"key":"Strawberry"},{"floor":14,"key":"Darkstone Periapt"}],"event_choices":[{"event_name":"Golden Wing","player_choice":"Card Removal","floor":3,"damage_taken":0},{"event_name":"World of Goop","player_choice":"Gather Gold","floor":4,"damage_taken":0},{"event_name":"Bonfire Elementals","player_choice":"UNCOMMON","floor":10,"damage_taken":0},{"event_name":"Dead Adventurer","player_choice":"Searched \u00272\u0027 times","floor":13,"damage_taken":0}],"boss_relics":[],"items_purged_floors":[],"potions_floor_spawned":[1,5,7,13,13],"seed_played":"-8053896951329631319","killed_by":"Slime Boss","ascension_level":0,"potions_obtained":[{"floor":1,"key":"PowerPotion"},{"floor":5,"key":"Fire Potion"},{"floor":7,"key":"GamblersBrew"},{"floor":13,"key":"AttackPotion"},{"floor":13,"key":"Poison Potion"}],"is_trial":false}