{"gold_per_floor":[119,132,145,145,145,145,172,172,196,196,196,196,5,21,21,124,124,140,140,239,255,255,255,282,282,307,52,62,62,77,93,93,196,196,213,213,213,232,78,106,151,170,196,210,10,29,48,48,48,48],"floor_reached":51,"playtime":3369,"items_purged":[],"score":824,"play_id":"6ddf29bc-6f0b-43ca-84f7-f4e09647b8b0","local_time":"20190306152833","is_ascension_mode":true,"campfire_choices":[{"data":"Zap","floor":6,"key":"SMITH"},{"data":"Consume","floor":8,"key":"SMITH"},{"data":"White Noise","floor":10,"key":"SMITH"},{"data":"Dualcast","floor":12,"key":"SMITH"},{"floor":15,"key":"REST"},{"data":"Leap","floor":23,"key":"SMITH"},{"data":"Blizzard","floor":25,"key":"SMITH"},{"data":"Chaos","floor":29,"key":"SMITH"},{"data":"Leap","floor":32,"key":"SMITH"},{"floor":49,"key":"REST"}],"neow_cost":"NONE","seed_source_timestamp":263463058060600,"circlet_count":0,"master_deck":["Strike_B+1","Strike_B+1","Strike_B+1","Strike_B+1","Defend_B+1","Defend_B+1","Defend_B+1","Defend_B+1","Zap+1","Dualcast+1","Go for the Eyes","White Noise+1","Consume+1","Cold Snap","Sweeping Beam","Ball Lightning","Ball Lightning+1","Darkness+1","Cold Snap","Leap+1","Glacier+1","Conserve Battery+1","Blizzard+1","Chaos+1","Leap+1","Steam+1","Seek","Darkness+1","Madness","Redo+1","Rip and Tear+1","White Noise+1","Coolheaded+1","Leap+1","Streamline+1"],"relics":["Orrery","DataDisk","Bronze Scales","Membership Card","Nuclear Battery","War Paint","Blood Vial","Sling","Matryoshka","Emotion Chip","Gremlin Horn","Du-Vu Doll","The Courier","Anchor","Pantograph","Bottled Lightning"],"potions_floor_usage":[7,16,24,24,24,33,33,38,40,41,41,41,42,50,50],"damage_taken":[{"damage":2,"enemies":"2 Louse","floor":1,"turns":3},{"damage":2,"enemies":"Jaw Worm","floor":2,"turns":3},{"damage":0,"enemies":"Cultist","floor":3,"turns":3},{"damage":29,"enemies":"3 Sentries","floor":7,"turns":6},{"damage":5,"enemies":"Blue Slaver","floor":14,"turns":2},{"damage":23,"enemies":"The Guardian","floor":16,"turns":7},{"damage":4,"enemies":"Spheric Guardian","floor":18,"turns":4},{"damage":8,"enemies":"2 Thieves","floor":21,"turns":3},{"damage":4,"enemies":"Book of Stabbing","floor":24,"turns":3},{"damage":0,"enemies":"Snecko","floor":28,"turns":3},{"damage":0,"enemies":"Cultist and Chosen","floor":30,"turns":3},{"damage":0,"enemies":"Snake Plant","floor":31,"turns":3},{"damage":63,"enemies":"Automaton","floor":33,"turns":11},{"damage":7,"enemies":"Orb Walker","floor":35,"turns":4},{"damage":3,"enemies":"3 Shapes","floor":38,"turns":5},{"damage":28,"enemies":"Nemesis","floor":40,"turns":7},{"damage":3,"enemies":"2 Orb Walkers","floor":41,"turns":3},{"damage":18,"enemies":"Transient","floor":42,"turns":5},{"damage":0,"enemies":"3 Darklings","floor":44,"turns":5},{"damage":13,"enemies":"Writhing Mass","floor":46,"turns":7},{"damage":0,"enemies":"4 Shapes","floor":47,"turns":4},{"damage":40,"enemies":"Time Eater","floor":50,"turns":13}],"seed_played":"4136338991821516739","potions_obtained":[{"floor":2,"key":"AttackPotion"},{"floor":3,"key":"Poison Potion"},{"floor":7,"key":"SkillPotion"},{"floor":14,"key":"SkillPotion"},{"floor":16,"key":"Dexterity Potion"},{"floor":21,"key":"AttackPotion"},{"floor":28,"key":"Dexterity Potion"},{"floor":33,"key":"Explosive Potion"},{"floor":35,"key":"Weak Potion"},{"floor":40,"key":"EntropicBrew"},{"floor":42,"key":"Dexterity Potion"},{"floor":46,"key":"GamblersBrew"}],"is_trial":false,"path_per_floor":["M","M","M","?","$","R","E","R","T","R","?","R","$","M","R","B",null,"M","?","?","M","?","R","E","R","T","$","M","R","M","M","R","B",null,"M","?","?","M","$","E","?","M","T","M","$","M","M","?","R","B",null],"character_chosen":"DEFECT","items_purchased":["Membership Card","Sling","Strength Potion","Matryoshka","Emotion Chip","Pantograph","Bottled Lightning"],"campfire_rested":2,"item_purchase_floors":[13,27,27,27,39,45,45],"current_hp_per_floor":[73,71,71,71,71,71,42,42,42,42,42,42,42,37,59,36,75,71,71,71,63,63,63,59,59,59,59,61,61,63,65,65,4,75,68,68,68,67,67,41,40,24,24,26,26,15,17,17,39,26],"gold":48,"neow_bonus":"BOSS_RELIC","is_prod":false,"is_daily":false,"chose_seed":false,"campfire_upgraded":8,"win_rate":0,"timestamp":1551882513,"path_taken":["M","M","M","?","$","R","E","R","T","R","?","R","$","?","R","BOSS","M","?","?","M","?","R","E","R","T","$","M","R","M","M","R","BOSS","M","?","?","M","$","E","?","M","T","M","$","M","?","?","R","BOSS"],"build_version":"2019-01-23","purchased_purges":0,"victory":true,"max_hp_per_floor":[75,75,75,75,75,75,75,75,75,75,75,75,75,75,75,75,75,75,75,75,75,75,75,75,75,75,75,75,75,75,75,75,75,75,75,75,75,75,75,75,75,75,75,75,75,75,75,75,75,75],"card_choices":[{"not_picked":["Static Discharge","White Noise"],"picked":"Go for the Eyes","floor":0},{"not_picked":["Rebound","Beam Cell"],"picked":"White Noise","floor":0},{"not_picked":["Hologram","Rebound"],"picked":"Consume","floor":0},{"not_picked":["Static Discharge","Sweeping Beam"],"picked":"Cold Snap","floor":0},{"not_picked":["Rebound","Steam"],"picked":"Sweeping Beam","floor":0},{"not_picked":["Go for the Eyes","Heatsinks"],"picked":"Ball Lightning","floor":1},{"not_picked":["Sweeping Beam","Barrage"],"picked":"Ball Lightning","floor":2},{"not_picked":["Go for the Eyes","Biased Cognition"],"picked":"Darkness","floor":3},{"not_picked":["White Noise","Go for the Eyes"],"picked":"Cold Snap","floor":7},{"not_picked":["Blizzard","Coolheaded"],"picked":"Leap","floor":14},{"not_picked":["Reboot","Rainbow"],"picked":"Electrodynamics","floor":16},{"not_picked":["Sweeping Beam","Chaos"],"picked":"Glacier+1","floor":18},{"not_picked":["Steam+1","Go for the Eyes+1"],"picked":"Conserve Battery+1","floor":21},{"not_picked":["Conserve Battery","Beam Cell"],"picked":"Blizzard","floor":24},{"not_picked":["Conserve Battery","Barrage"],"picked":"Chaos","floor":28},{"not_picked":["Electrodynamics","Turbo+1"],"picked":"Leap","floor":30},{"not_picked":["Consume","Conserve Battery"],"picked":"Steam+1","floor":31},{"not_picked":["Biased Cognition","Machine Learning"],"picked":"Seek","floor":33},{"not_picked":["Rebound","Beam Cell"],"picked":"Darkness+1","floor":35},{"not_picked":["Deep Breath","Violence"],"picked":"Madness","floor":37},{"not_picked":["Rebound","Sweeping Beam+1"],"picked":"Redo+1","floor":38},{"not_picked":["Ball Lightning","Coolheaded"],"picked":"Rip and Tear+1","floor":40},{"not_picked":["Redo","Turbo+1"],"picked":"White Noise+1","floor":41},{"not_picked":["Reprogram","Turbo"],"picked":"Coolheaded+1","floor":42},{"not_picked":["Cold Snap+1","Hyperbeam"],"picked":"Leap+1","floor":44},{"not_picked":["Redo","Coolheaded+1"],"picked":"Streamline+1","floor":46},{"not_picked":["Coolheaded+1","Barrage+1","Heatsinks"],"picked":"SKIP","floor":47}],"player_experience":544859,"relics_obtained":[{"floor":7,"key":"DataDisk"},{"floor":9,"key":"Bronze Scales"},{"floor":24,"key":"War Paint"},{"floor":26,"key":"Blood Vial"},{"floor":40,"key":"Gremlin Horn"},{"floor":41,"key":"Du-Vu Doll"},{"floor":43,"key":"The Courier"},{"floor":43,"key":"Anchor"}],"event_choices":[{"damage_healed":0,"gold_gain":0,"player_choice":"Leave","damage_taken":0,"max_hp_gain":0,"max_hp_loss":0,"event_name":"The Cleric","floor":4,"gold_loss":0},{"damage_healed":0,"gold_gain":0,"player_choice":"Upgraded","damage_taken":0,"max_hp_gain":0,"max_hp_loss":0,"event_name":"Upgrade Shrine","floor":11,"gold_loss":0,"cards_upgraded":["Ball Lightning"]},{"damage_healed":0,"gold_gain":0,"player_choice":"Simplicity","damage_taken":0,"max_hp_gain":0,"max_hp_loss":0,"event_name":"Back to Basics","floor":19,"gold_loss":0,"cards_upgraded":["Strike_B","Strike_B","Strike_B","Strike_B","Defend_B","Defend_B","Defend_B","Defend_B"]},{"damage_healed":0,"gold_gain":99,"player_choice":"Stole From Cult","damage_taken":0,"max_hp_gain":0,"max_hp_loss":0,"event_name":"Nest","floor":20,"gold_loss":0},{"damage_healed":0,"gold_gain":0,"player_choice":"Ignored","damage_taken":0,"max_hp_gain":0,"max_hp_loss":0,"event_name":"Ghosts","floor":22,"gold_loss":0},{"damage_healed":0,"gold_gain":0,"player_choice":"Ignored","damage_taken":0,"max_hp_gain":0,"max_hp_loss":0,"event_name":"Tomb of Lord Red Mask","floor":36,"gold_loss":0},{"damage_healed":0,"gold_gain":0,"player_choice":"Memory 1","damage_taken":0,"max_hp_gain":0,"max_hp_loss":0,"event_name":"SensoryStone","floor":37,"gold_loss":0},{"damage_healed":0,"gold_gain":0,"player_choice":"Fight","damage_taken":0,"max_hp_gain":0,"max_hp_loss":0,"event_name":"Mysterious Sphere","floor":41,"gold_loss":0},{"cards_removed":["Electrodynamics"],"damage_healed":0,"gold_gain":0,"player_choice":"Removed Power","damage_taken":0,"max_hp_gain":0,"max_hp_loss":0,"event_name":"Falling","floor":48,"gold_loss":0}],"is_beta":false,"boss_relics":[{"not_picked":["Black Star","Snecko Eye"],"picked":"Nuclear Battery"},{"not_picked":["Pandora\u0027s Box","Runic Dome","Sozu"]}],"items_purged_floors":[],"is_endless":false,"potions_floor_spawned":[2,3,7,14,16,21,28,33,35,40,42,46],"ascension_level":4}