{"gold_per_floor":[114,189,189,208,227,262,262,296,344,344,344,423,440,440],"floor_reached":14,"playtime":437,"items_purged":[],"score":152,"play_id":"48566068-9c76-46c5-a245-fffcfaa5b6cf","local_time":"20190124220301","is_ascension_mode":true,"campfire_choices":[{"floor":7,"key":"REST"},{"floor":11,"key":"REST"}],"neow_cost":"NONE","seed_source_timestamp":8778396752463,"circlet_count":0,"master_deck":["AscendersBane","Strike_B","Strike_B","Strike_B","Strike_B","Defend_B+1","Defend_B","Defend_B+1","Defend_B","Zap","Dualcast","Meteor Strike","Glacier","Chaos","Leap","Leap","Ball Lightning","Auto Shields"],"relics":["Cracked Core","Bag of Preparation","Ancient Tea Set","Shuriken","War Paint","Kunai"],"potions_floor_usage":[8,8],"damage_taken":[{"damage":4,"enemies":"Jaw Worm","floor":1,"turns":5},{"damage":0,"enemies":"Cultist","floor":4,"turns":4},{"damage":3,"enemies":"2 Louse","floor":5,"turns":4},{"damage":30,"enemies":"3 Sentries","floor":6,"turns":12},{"damage":10,"enemies":"Lagavulin","floor":8,"turns":12},{"damage":0,"enemies":"Large Slime","floor":13,"turns":4},{"damage":54,"enemies":"Gremlin Nob","floor":14,"turns":5}],"seed_played":"8338542067697237128","potions_obtained":[{"floor":1,"key":"Weak Potion"},{"floor":5,"key":"Poison Potion"}],"is_trial":false,"path_per_floor":["M","?","T","M","M","E","R","E","T","T","R","?","M","E"],"character_chosen":"DEFECT","items_purchased":[],"campfire_rested":2,"item_purchase_floors":[],"current_hp_per_floor":[64,53,53,53,50,20,42,32,32,32,54,54,54,0],"gold":440,"neow_bonus":"ONE_RANDOM_RARE_CARD","is_prod":false,"is_daily":false,"chose_seed":false,"campfire_upgraded":0,"win_rate":0,"timestamp":1548385381,"path_taken":["M","?","?","?","M","E","R","E","T","?","R","?","M","E"],"build_version":"2019-01-23","purchased_purges":0,"victory":false,"max_hp_per_floor":[75,75,75,75,75,75,75,75,75,75,75,75,75,75],"card_choices":[{"not_picked":["Redo","Recycle"],"picked":"Glacier","floor":1},{"not_picked":["Turbo","Steam"],"picked":"Chaos","floor":4},{"not_picked":["Tempest","Redo"],"picked":"Leap","floor":5},{"not_picked":["Streamline","Force Field"],"picked":"Leap","floor":6},{"not_picked":["Steam","Turbo"],"picked":"Ball Lightning","floor":8},{"not_picked":["Ball Lightning","Leap"],"picked":"Auto Shields","floor":13}],"player_experience":529390,"relics_obtained":[{"floor":3,"key":"Bag of Preparation"},{"floor":6,"key":"Ancient Tea Set"},{"floor":8,"key":"Shuriken"},{"floor":9,"key":"War Paint"},{"floor":10,"key":"Kunai"}],"event_choices":[{"damage_healed":0,"gold_gain":75,"player_choice":"Gather Gold","damage_taken":11,"max_hp_gain":0,"max_hp_loss":0,"event_name":"World of Goop","floor":2,"gold_loss":0},{"damage_healed":0,"gold_gain":79,"player_choice":"Gained Gold","damage_taken":0,"max_hp_gain":0,"max_hp_loss":0,"event_name":"Golden Wing","floor":12,"gold_loss":0}],"is_beta":true,"boss_relics":[],"items_purged_floors":[],"is_endless":false,"potions_floor_spawned":[1,5],"killed_by":"Gremlin Nob","ascension_level":11}