{"gold_per_floor":[110,121,46,46,56,56,68,101,126,156,156,56,81,101,101,201,201,218,229,154,154],"floor_reached":21,"playtime":816,"items_purged":["Strike_B","Strike_B"],"score":289,"play_id":"a8e84f55-ad2c-400d-944f-5c557086b3ff","local_time":"20190114223535","is_ascension_mode":true,"campfire_choices":[{"data":"Dualcast","floor":6,"key":"SMITH"},{"floor":11,"key":"REST"},{"floor":15,"key":"REST"}],"neow_cost":"NONE","seed_source_timestamp":495836451425420,"circlet_count":0,"master_deck":["Strike_B+1","Defend_B+1","Defend_B","Defend_B","Zap","Dualcast+1","Streamline","Blizzard","White Noise","Conserve Battery","Core Surge","Barrage","Electrodynamics","Capacitor+1","Blizzard"],"relics":["Cracked Core","Blood Vial","Juzu Bracelet","Strawberry","PreservedInsect","Philosopher\u0027s Stone"],"potions_floor_usage":[7,10,10,21],"damage_taken":[{"damage":1,"enemies":"Small Slimes","floor":1,"turns":4},{"damage":2,"enemies":"Jaw Worm","floor":2,"turns":3},{"damage":0,"enemies":"2 Louse","floor":5,"turns":2},{"damage":9,"enemies":"Gremlin Gang","floor":7,"turns":5},{"damage":12,"enemies":"Lagavulin","floor":8,"turns":5},{"damage":21,"enemies":"Gremlin Nob","floor":10,"turns":4},{"damage":28,"enemies":"Lagavulin","floor":13,"turns":7},{"damage":3,"enemies":"Blue Slaver","floor":14,"turns":3},{"damage":16,"enemies":"The Guardian","floor":16,"turns":11},{"damage":12,"enemies":"Spheric Guardian","floor":18,"turns":5},{"damage":40,"enemies":"3 Byrds","floor":19,"turns":3},{"damage":32,"enemies":"Snecko","floor":21,"turns":4}],"seed_played":"-8431953885394382073","potions_obtained":[{"floor":2,"key":"Dexterity Potion"},{"floor":7,"key":"Block Potion"},{"floor":8,"key":"SkillPotion"},{"floor":19,"key":"Regen Potion"}],"is_trial":false,"path_per_floor":["M","M","$","?","M","R","M","E","T","E","R","$","E","M","R","B",null,"M","M","?","M"],"character_chosen":"DEFECT","items_purchased":[],"campfire_rested":2,"item_purchase_floors":[],"current_hp_per_floor":[67,65,65,50,50,50,41,29,29,17,41,41,15,14,38,24,68,58,20,20,0],"gold":154,"neow_bonus":"REMOVE_CARD","is_prod":false,"is_daily":false,"chose_seed":false,"campfire_upgraded":1,"win_rate":0,"timestamp":1547501735,"path_taken":["M","M","$","?","M","R","M","E","T","E","R","$","E","M","R","BOSS","M","M","?","M"],"build_version":"2019-01-10","purchased_purges":2,"victory":false,"max_hp_per_floor":[75,75,75,75,75,75,75,75,75,82,82,82,82,82,82,82,82,82,82,82,82],"card_choices":[{"not_picked":["Recycle","Turbo"],"picked":"Streamline","floor":1},{"not_picked":["Melter","Turbo"],"picked":"Blizzard","floor":2},{"not_picked":["Ball Lightning","Hologram","Rebound"],"picked":"SKIP","floor":5},{"not_picked":["Gash","Genetic Algorithm"],"picked":"White Noise","floor":7},{"not_picked":["Darkness","Beam Cell","Stack"],"picked":"SKIP","floor":8},{"not_picked":["Sunder","Beam Cell"],"picked":"Conserve Battery","floor":10},{"not_picked":["Stack","Consume"],"picked":"Core Surge","floor":13},{"not_picked":["Loop","Sunder"],"picked":"Barrage","floor":14},{"not_picked":["Multi-Cast","Amplify"],"picked":"Electrodynamics","floor":16},{"not_picked":["Skim+1","Hologram+1"],"picked":"Capacitor+1","floor":18},{"not_picked":["Aggregate+1","Conserve Battery"],"picked":"Blizzard","floor":19}],"player_experience":680229,"relics_obtained":[{"floor":8,"key":"Blood Vial"},{"floor":9,"key":"Juzu Bracelet"},{"floor":10,"key":"Strawberry"},{"floor":13,"key":"PreservedInsect"}],"event_choices":[{"damage_healed":0,"gold_gain":0,"player_choice":"Entered Light","damage_taken":15,"max_hp_gain":0,"max_hp_loss":0,"event_name":"Shining Light","floor":4,"gold_loss":0,"cards_upgraded":["Strike_B","Defend_B"]},{"cards_removed":["Defend_B"],"damage_healed":0,"gold_gain":0,"player_choice":"Gave Gold","damage_taken":0,"max_hp_gain":0,"max_hp_loss":0,"event_name":"Beggar","floor":20,"gold_loss":75}],"is_beta":false,"boss_relics":[{"not_picked":["Sozu","White Beast Statue"],"picked":"Philosopher\u0027s Stone"}],"items_purged_floors":[3,12],"is_endless":false,"potions_floor_spawned":[2,7,8,19],"killed_by":"Snecko","ascension_level":9}