{"gold_per_floor":[117,136,86,104,179,213,213,213,213,230,230,48,48,48,48,147,147,159,124,0,20,20,20,20,20,47,66,66,78,78,78],"floor_reached":31,"playtime":1178,"items_purged":[],"score":338,"play_id":"22535753-8492-405a-b5f4-5f8eb56cbda4","local_time":"20181220173137","is_ascension_mode":true,"campfire_choices":[{"data":"Zap","floor":7,"key":"SMITH"},{"data":"Dualcast","floor":11,"key":"SMITH"},{"data":"Apotheosis","floor":15,"key":"SMITH"},{"floor":23,"key":"REST"},{"data":"Genetic Algorithm","floor":25,"key":"SMITH"},{"floor":28,"key":"REST"}],"neow_cost":"NONE","seed_source_timestamp":30783483661600,"circlet_count":0,"master_deck":["Strike_B","Strike_B","Strike_B","Defend_B","Defend_B","Defend_B","Defend_B","Zap+1","Dualcast+1","Sweeping Beam","Apotheosis+1","Echo Form","Genetic Algorithm+1","Decay","Redo+1"],"relics":["FrozenCore","PreservedInsect","Torii","Dead Branch","Cables","Art of War","MutagenicStrength"],"potions_floor_usage":[6,10,11,16],"damage_taken":[{"damage":4,"enemies":"2 Louse","floor":1,"turns":3},{"damage":0,"enemies":"Small Slimes","floor":2,"turns":2},{"damage":0,"enemies":"Cultist","floor":4,"turns":3},{"damage":15,"enemies":"3 Sentries","floor":6,"turns":5},{"damage":0,"enemies":"Red Slaver","floor":10,"turns":3},{"damage":24,"enemies":"Hexaghost","floor":16,"turns":14},{"damage":19,"enemies":"Spheric Guardian","floor":18,"turns":5},{"damage":34,"enemies":"2 Thieves","floor":19,"turns":5},{"damage":9,"enemies":"Shelled Parasite and Fungi","floor":21,"turns":10},{"damage":13,"enemies":"Snecko","floor":27,"turns":7},{"damage":1,"enemies":"Centurion and Healer","floor":29,"turns":13},{"damage":39,"enemies":"Cultist and Chosen","floor":31,"turns":4}],"seed_played":"-2476071644232562336","potions_obtained":[{"floor":1,"key":"Fire Potion"},{"floor":8,"key":"SkillPotion"},{"floor":8,"key":"Fruit Juice"},{"floor":8,"key":"SteroidPotion"},{"floor":10,"key":"Block Potion"},{"floor":27,"key":"SkillPotion"},{"floor":29,"key":"FocusPotion"}],"is_trial":false,"path_per_floor":["M","M","?","M","?","E","R","?","T","M","R","$","$","?","R","B",null,"M","M","?","M","?","R","?","R","T","M","R","M","?","M"],"character_chosen":"DEFECT","items_purchased":["Apotheosis"],"campfire_rested":2,"item_purchase_floors":[12],"current_hp_per_floor":[64,64,64,64,53,38,38,38,38,38,43,43,43,43,43,19,65,46,12,12,3,3,27,27,27,27,14,38,37,37,0],"gold":78,"neow_bonus":"RANDOM_COMMON_RELIC","is_prod":false,"is_daily":false,"chose_seed":false,"campfire_upgraded":4,"win_rate":0,"timestamp":1545323497,"path_taken":["M","M","?","M","?","E","R","?","T","?","R","?","$","?","R","BOSS","M","M","?","M","?","R","?","R","T","M","R","M","?","M"],"build_version":"2018-12-13","purchased_purges":0,"victory":false,"max_hp_per_floor":[75,75,75,75,75,75,75,75,75,75,80,80,80,80,80,80,80,80,80,80,80,80,80,80,80,80,80,80,80,80,80],"card_choices":[{"not_picked":["Heatsinks","Darkness"],"picked":"Sweeping Beam","floor":1},{"not_picked":["Double Energy","Sunder","Rip and Tear"],"picked":"SKIP","floor":2},{"not_picked":["Compile Driver","Sweeping Beam","Turbo"],"picked":"SKIP","floor":4},{"not_picked":["Tempest","Darkness","Go for the Eyes"],"picked":"SKIP","floor":6},{"not_picked":["Streamline","Hologram","Compile Driver"],"picked":"SKIP","floor":10},{"not_picked":["Buffer","Multi-Cast"],"picked":"Echo Form","floor":16},{"not_picked":["Conserve Battery","Tempest"],"picked":"Genetic Algorithm","floor":18},{"not_picked":["Chill","Turbo","Genetic Algorithm"],"picked":"SKIP","floor":19},{"not_picked":["Sweeping Beam","Ball Lightning+1","Gash"],"picked":"SKIP","floor":21},{"not_picked":["Go for the Eyes","Darkness"],"picked":"Redo+1","floor":27},{"not_picked":["Ball Lightning","White Noise","Beam Cell+1"],"picked":"SKIP","floor":29}],"player_experience":291101,"relics_obtained":[{"floor":6,"key":"Torii"},{"floor":9,"key":"Dead Branch"},{"floor":26,"key":"Art of War"}],"event_choices":[{"cards_removed":["Strike_B"],"damage_healed":0,"gold_gain":0,"player_choice":"Card Removal","damage_taken":0,"max_hp_gain":0,"max_hp_loss":0,"event_name":"The Cleric","floor":3,"gold_loss":50},{"damage_healed":0,"gold_gain":75,"player_choice":"Gather Gold","damage_taken":11,"max_hp_gain":0,"max_hp_loss":0,"event_name":"World of Goop","floor":5,"gold_loss":0},{"damage_healed":0,"gold_gain":0,"player_choice":"Got Potions","damage_taken":0,"max_hp_gain":0,"max_hp_loss":0,"event_name":"Lab","floor":8,"gold_loss":0},{"damage_healed":0,"gold_gain":0,"player_choice":"Ignored","damage_taken":0,"max_hp_gain":0,"max_hp_loss":0,"event_name":"Liars Game","floor":14,"gold_loss":0},{"damage_healed":0,"gold_gain":0,"player_choice":"Paid Fearfully","damage_taken":0,"max_hp_gain":0,"max_hp_loss":0,"event_name":"Masked Bandits","floor":20,"gold_loss":124},{"damage_healed":0,"gold_gain":0,"player_choice":"Smashed Altar","damage_taken":0,"max_hp_gain":0,"max_hp_loss":0,"event_name":"Forgotten Altar","floor":22,"gold_loss":0,"cards_obtained":["Decay"]},{"damage_healed":0,"gold_gain":0,"player_choice":"Opened","damage_taken":0,"relics_obtained":["Cables"],"max_hp_gain":0,"max_hp_loss":0,"event_name":"The Mausoleum","floor":24,"gold_loss":0},{"damage_healed":0,"gold_gain":0,"player_choice":"Inject Mutagens","damage_taken":0,"relics_obtained":["MutagenicStrength"],"max_hp_gain":0,"max_hp_loss":0,"event_name":"Drug Dealer","floor":30,"gold_loss":0}],"is_beta":false,"boss_relics":[{"not_picked":["Philosopher\u0027s Stone","Coffee Dripper"],"picked":"FrozenCore"}],"items_purged_floors":[],"is_endless":false,"potions_floor_spawned":[1,10,27,29],"killed_by":"Cultist and Chosen","ascension_level":9}