{"gold_per_floor":[119,135,310,310,310,310,310,325,348,367,51,51,74,118,118,249,249,267,467,486,205,220,220,244,244,326,131,150,30,30,50,50,174,174,188,29,47,47,65,65,89,102,128,128,153,166,27,51,51,51,51,51,12,12],"floor_reached":54,"playtime":2608,"items_purged":["Strike_B","Strike_B","Defend_B"],"score":643,"play_id":"fdefbbe4-093f-4a2a-9760-17770d9e4d17","local_time":"20190305180538","is_ascension_mode":false,"campfire_choices":[{"floor":6,"key":"RECALL"},{"floor":12,"key":"REST"},{"data":"Core Surge","floor":15,"key":"SMITH"},{"floor":23,"key":"REST"},{"floor":25,"key":"REST"},{"data":"Echo Form","floor":32,"key":"SMITH"},{"floor":40,"key":"REST"},{"data":"Conserve Battery","floor":44,"key":"SMITH"},{"data":"Defend_B","floor":49,"key":"SMITH"},{"data":"Defend_B","floor":52,"key":"SMITH"}],"neow_cost":"NONE","seed_source_timestamp":28965197010161,"circlet_count":0,"master_deck":["Strike_B+1","Strike_B+1","Defend_B","Defend_B+1","Defend_B+1","Zap","Dualcast","Doom and Gloom+1","Leap","Genetic Algorithm","Compile Driver","Ball Lightning","Core Surge+1","Echo Form+1","Conserve Battery+1","Beam Cell+1","Melter","Self Repair","Defragment","Capacitor+1","Reinforced Body+1","Dark Shackles","Chill","Electrodynamics","Cold Snap+1","BootSequence","Loop+1","Lockon+1","Leap+1","Stack","Lockon+1","Stack+1","Go for the Eyes"],"relics":["Cracked Core","Juzu Bracelet","Golden Idol","Gremlin Horn","Dream Catcher","Philosopher\u0027s Stone","Tiny Chest","The Courier","Ancient Tea Set","Whetstone","Runic Pyramid","Potion Belt"],"potions_floor_usage":[10,18,20,22,22,22,33,37,39,41,46,46,50],"damage_taken":[{"damage":1,"enemies":"Jaw Worm","floor":1,"turns":4},{"damage":0,"enemies":"2 Louse","floor":2,"turns":2},{"damage":0,"enemies":"Cultist","floor":8,"turns":2},{"damage":0,"enemies":"Red Slaver","floor":10,"turns":3},{"damage":7,"enemies":"Looter","floor":13,"turns":3},{"damage":14,"enemies":"Gremlin Nob","floor":14,"turns":3},{"damage":22,"enemies":"Slime Boss","floor":16,"turns":7},{"damage":13,"enemies":"2 Thieves","floor":18,"turns":2},{"damage":15,"enemies":"3 Byrds","floor":20,"turns":2},{"damage":21,"enemies":"Snake Plant","floor":22,"turns":3},{"damage":20,"enemies":"Cultist and Chosen","floor":24,"turns":6},{"damage":13,"enemies":"Centurion and Healer","floor":28,"turns":5},{"damage":0,"enemies":"Sentry and Sphere","floor":31,"turns":4},{"damage":66,"enemies":"Collector","floor":33,"turns":11},{"damage":5,"enemies":"Orb Walker","floor":35,"turns":4},{"damage":16,"enemies":"3 Darklings","floor":37,"turns":2},{"damage":12,"enemies":"Jaw Worm Horde","floor":39,"turns":5},{"damage":8,"enemies":"Maw","floor":41,"turns":9},{"damage":14,"enemies":"3 Darklings","floor":42,"turns":3},{"damage":6,"enemies":"Jaw Worm Horde","floor":45,"turns":5},{"damage":27,"enemies":"Writhing Mass","floor":46,"turns":7},{"damage":5,"enemies":"Sphere and 2 Shapes","floor":48,"turns":4},{"damage":53,"enemies":"Time Eater","floor":50,"turns":13},{"damage":85,"enemies":"Shield and Spear","floor":54,"turns":6}],"seed_played":"-8257375551878551341","potions_obtained":[{"floor":1,"key":"GamblersBrew"},{"floor":8,"key":"Block Potion"},{"floor":10,"key":"LiquidBronze"},{"floor":13,"key":"GamblersBrew"},{"floor":16,"key":"FearPotion"},{"floor":18,"key":"GamblersBrew"},{"floor":20,"key":"Block Potion"},{"floor":31,"key":"AttackPotion"},{"floor":35,"key":"Weak Potion"},{"floor":42,"key":"Regen Potion"},{"floor":45,"key":"Regen Potion"},{"floor":48,"key":"AttackPotion"}],"is_trial":false,"path_per_floor":["M","M","?","?","?","R","?","M","T","M","$","R","M","E","R","B",null,"M","?","M","$","M","R","M","R","T","$","M","$","?","M","R","B",null,"M","$","M","?","M","R","M","M","T","R","M","M","$","M","R","B",null,"R","$","E"],"character_chosen":"DEFECT","items_purchased":["Gremlin Horn","Melter","Self Repair","Tiny Chest","Ancient Tea Set","Dark Shackles","Whetstone","Dexterity Potion","Energy Potion","Strength Potion","Go for the Eyes"],"campfire_rested":4,"item_purchase_floors":[11,21,21,21,27,27,29,36,36,47,53],"current_hp_per_floor":[74,74,74,74,56,56,56,56,56,56,56,75,68,54,54,32,75,62,62,47,47,33,55,42,64,64,64,65,65,65,72,72,13,75,75,75,66,66,61,75,74,67,67,67,61,75,75,75,75,29,75,75,75,0],"gold":12,"neow_bonus":"RANDOM_COMMON_RELIC","is_prod":false,"is_daily":false,"chose_seed":false,"campfire_upgraded":5,"win_rate":0,"timestamp":1551830738,"path_taken":["M","M","?","?","?","R","?","M","T","M","$","R","M","E","R","BOSS","M","?","M","?","M","R","M","R","T","$","M","$","?","M","R","BOSS","M","$","M","?","M","R","M","M","T","R","M","M","$","M","R","BOSS","R","$","E"],"build_version":"2019-01-23","purchased_purges":3,"victory":false,"max_hp_per_floor":[75,75,75,75,75,75,75,75,75,75,75,75,75,75,75,75,75,75,75,75,75,75,75,75,75,75,75,75,75,75,75,75,75,75,75,75,75,75,75,75,75,75,75,75,75,75,75,75,75,75,75,75,75,75],"card_choices":[{"not_picked":["Heatsinks","Reinforced Body"],"picked":"Doom and Gloom","floor":1},{"not_picked":["White Noise","Turbo"],"picked":"Leap","floor":2},{"not_picked":["White Noise","Barrage"],"picked":"Genetic Algorithm","floor":8},{"not_picked":["BootSequence","Undo"],"picked":"Compile Driver","floor":10},{"not_picked":["Cold Snap","Go for the Eyes"],"picked":"Ball Lightning","floor":13},{"not_picked":["Streamline","Self Repair"],"picked":"Core Surge","floor":14},{"not_picked":["Core Surge","Thunder Strike"],"picked":"Echo Form","floor":16},{"not_picked":["Rip and Tear+1","Ball Lightning+1"],"picked":"Conserve Battery","floor":18},{"not_picked":["Compile Driver+1","Turbo"],"picked":"Beam Cell+1","floor":20},{"not_picked":["Turbo","Darkness"],"picked":"Defragment","floor":22},{"not_picked":["Redo","Tempest"],"picked":"Capacitor+1","floor":23},{"not_picked":["Fusion","Steam","Sweeping Beam"],"picked":"SKIP","floor":24},{"not_picked":["Steam","Thunder Strike"],"picked":"Reinforced Body+1","floor":25},{"not_picked":["Compile Driver","Coolheaded"],"picked":"Chill","floor":28},{"not_picked":["Turbo","Go for the Eyes","Rip and Tear"],"picked":"SKIP","floor":31},{"not_picked":["All For One","Core Surge"],"picked":"Electrodynamics","floor":33},{"not_picked":["Aggregate","Hologram"],"picked":"Cold Snap+1","floor":35},{"not_picked":["Steam Power","Streamline+1"],"picked":"BootSequence","floor":37},{"not_picked":["Consume","Hello World","Cold Snap"],"picked":"SKIP","floor":39},{"not_picked":["Beam Cell","Defragment"],"picked":"Loop+1","floor":40},{"not_picked":["Hello World+1","Chaos"],"picked":"Lockon+1","floor":41},{"not_picked":["Gash+1","Coolheaded+1"],"picked":"Leap+1","floor":42},{"not_picked":["Reboot","Turbo"],"picked":"Stack","floor":45},{"not_picked":["Rebound+1","Steam"],"picked":"Lockon+1","floor":46},{"not_picked":["Rebound","Turbo"],"picked":"Stack+1","floor":48}],"player_experience":563991,"relics_obtained":[{"floor":14,"key":"Dream Catcher"},{"floor":26,"key":"The Courier"},{"floor":43,"key":"Potion Belt"}],"event_choices":[{"damage_healed":0,"gold_gain":175,"player_choice":"AGREE","damage_taken":0,"max_hp_gain":0,"max_hp_loss":0,"event_name":"Liars Game","floor":3,"gold_loss":0,"cards_obtained":["Doubt"]},{"cards_removed":["Doubt"],"damage_healed":0,"gold_gain":0,"player_choice":"Forget","damage_taken":0,"max_hp_gain":0,"max_hp_loss":0,"event_name":"Living Wall","floor":4,"gold_loss":0},{"damage_healed":0,"gold_gain":0,"player_choice":"Take Damage","damage_taken":18,"relics_obtained":["Golden Idol"],"max_hp_gain":0,"max_hp_loss":0,"event_name":"Golden Idol","floor":5,"gold_loss":0},{"damage_healed":0,"gold_gain":0,"player_choice":"Upgraded","damage_taken":0,"max_hp_gain":0,"max_hp_loss":0,"event_name":"Upgrade Shrine","floor":7,"gold_loss":0,"cards_upgraded":["Doom and Gloom"]},{"damage_healed":0,"gold_gain":250,"player_choice":"Bet on Owner","damage_taken":0,"max_hp_gain":0,"max_hp_loss":0,"event_name":"The Joust","floor":19,"gold_loss":50},{"damage_healed":0,"gold_gain":0,"player_choice":"Ignored","damage_taken":0,"max_hp_gain":0,"max_hp_loss":0,"event_name":"Ghosts","floor":30,"gold_loss":0},{"damage_healed":0,"gold_gain":0,"player_choice":"0 cards matched","damage_taken":0,"max_hp_gain":0,"max_hp_loss":0,"event_name":"Match and Keep!","floor":38,"gold_loss":0,"cards_obtained":[]}],"is_beta":false,"boss_relics":[{"not_picked":["Sozu","Runic Dome"],"picked":"Philosopher\u0027s Stone"},{"not_picked":["Astrolabe","Inserter"],"picked":"Runic Pyramid"}],"items_purged_floors":[11,36,47],"is_endless":false,"potions_floor_spawned":[1,8,10,13,16,18,20,31,35,42,45,48],"killed_by":"Shield and Spear","ascension_level":0}