{"gold_per_floor":[11,24,24,37,49,81,6,6,6,22,22,22,54,42,42,42],"floor_reached":16,"playtime":507,"items_purged":["Strike_B"],"score":168,"play_id":"de7c80ca-552b-4622-9a48-34c8e6587ea6","local_time":"20190120031335","is_ascension_mode":true,"campfire_choices":[{"data":"Dualcast","floor":8,"key":"SMITH"},{"floor":12,"key":"REST"},{"floor":15,"key":"REST"}],"neow_cost":"NO_GOLD","seed_source_timestamp":31312157969838,"circlet_count":0,"master_deck":["AscendersBane","Strike_B+1","Defend_B","Defend_B","Defend_B","Defend_B","Zap","Dualcast+1","Machine Learning","Barrage+1","Self Repair","Fusion","Conserve Battery"],"relics":["Cracked Core","Bag of Marbles","Whetstone","Meat on the Bone"],"potions_floor_usage":[6,10,13,16],"damage_taken":[{"damage":1,"enemies":"2 Louse","floor":1,"turns":2},{"damage":7,"enemies":"Jaw Worm","floor":2,"turns":4},{"damage":0,"enemies":"Cultist","floor":4,"turns":5},{"damage":2,"enemies":"Looter","floor":5,"turns":3},{"damage":40,"enemies":"Lagavulin","floor":6,"turns":6},{"damage":20,"enemies":"Gremlin Gang","floor":10,"turns":5},{"damage":36,"enemies":"Gremlin Nob","floor":13,"turns":4},{"damage":5,"enemies":"Exordium Thugs","floor":14,"turns":4},{"damage":59,"enemies":"Slime Boss","floor":16,"turns":6}],"seed_played":"-7843904220347044137","potions_obtained":[{"floor":2,"key":"PowerPotion"},{"floor":4,"key":"Fire Potion"},{"floor":6,"key":"Strength Potion"},{"floor":13,"key":"FearPotion"},{"floor":14,"key":"GamblersBrew"}],"is_trial":false,"path_per_floor":["M","M","?","M","M","E","$","R","T","M","?","R","E","M","R","B"],"character_chosen":"DEFECT","items_purchased":[],"campfire_rested":2,"item_purchase_floors":[],"current_hp_per_floor":[67,60,65,65,63,30,30,30,30,17,17,41,12,26,50,0],"gold":42,"neow_bonus":"REMOVE_TWO","is_prod":false,"is_daily":false,"chose_seed":false,"campfire_upgraded":1,"win_rate":0,"timestamp":1547950415,"path_taken":["M","M","?","M","M","E","$","R","T","M","?","R","E","M","R","BOSS"],"build_version":"2019-01-17v2","purchased_purges":1,"victory":false,"max_hp_per_floor":[75,75,80,80,80,80,80,80,80,80,80,80,80,80,80,80],"card_choices":[{"not_picked":["Leap","Stack","Gash"],"picked":"SKIP","floor":1},{"not_picked":["Beam Cell","Turbo"],"picked":"Machine Learning","floor":2},{"not_picked":["Beam Cell","Double Energy"],"picked":"Barrage","floor":4},{"not_picked":["Stack","Chill"],"picked":"Self Repair","floor":5},{"not_picked":["Sweeping Beam","Ball Lightning"],"picked":"Fusion","floor":6},{"not_picked":["Reprogram","Rebound"],"picked":"Conserve Battery","floor":10},{"not_picked":["Hyperbeam","Recycle","Hologram"],"picked":"SKIP","floor":13},{"not_picked":["Turbo","Reinforced Body","Reprogram"],"picked":"SKIP","floor":14}],"player_experience":689943,"relics_obtained":[{"floor":6,"key":"Bag of Marbles"},{"floor":9,"key":"Whetstone"},{"floor":13,"key":"Meat on the Bone"}],"event_choices":[{"damage_healed":0,"gold_gain":0,"player_choice":"Donut","damage_taken":0,"max_hp_gain":5,"max_hp_loss":0,"event_name":"Big Fish","floor":3,"gold_loss":0},{"damage_healed":0,"gold_gain":0,"player_choice":"Leave","damage_taken":0,"max_hp_gain":0,"max_hp_loss":0,"event_name":"The Cleric","floor":11,"gold_loss":0}],"is_beta":false,"boss_relics":[],"items_purged_floors":[7],"is_endless":false,"potions_floor_spawned":[2,4,6,13,14],"killed_by":"Slime Boss","ascension_level":10}