{"gold_per_floor":[215,227,77,90,108,139,139,155,155,168,15,30,30,42,42,141,141,159,145,1,19,38,38,73,73,73,93,112,112,112,38,38,133,133,149,149,166,0,0,0,13,13,38,51,51,51,71,84,84,84],"floor_reached":51,"playtime":1861,"items_purged":["Strike_R"],"score":725,"play_id":"333d9afe-d770-4aa1-966f-a44002d472e5","local_time":"20190303234152","is_ascension_mode":false,"campfire_choices":[{"data":"Feed","floor":7,"key":"SMITH"},{"floor":13,"key":"REST"},{"data":"Cleave","floor":15,"key":"SMITH"},{"floor":23,"key":"REST"},{"floor":25,"key":"REST"},{"floor":30,"key":"REST"},{"data":"J.A.X.","floor":32,"key":"SMITH"},{"data":"Seeing Red","floor":40,"key":"SMITH"},{"floor":46,"key":"REST"},{"floor":49,"key":"REST"}],"neow_cost":"NONE","seed_source_timestamp":12875954844295,"circlet_count":0,"master_deck":["Strike_R","Defend_R","Defend_R","Defend_R","Defend_R","Bash","Clash","Cleave+1","Seeing Red+1","Pummel","Feed+1","Infernal Blade","Battle Trance","Offering","Warcry+1","Wild Strike+1","Infernal Blade+1","Infernal Blade+1","Shrug It Off","Burning Pact","Juggernaut+1","J.A.X.+1","Combust+1","Juggernaut+1","Shrug It Off+1","Evolve+1","Carnage+1","Headbutt+1","Fire Breathing+1","Metallicize+1","Body Slam+1","Feel No Pain+1"],"relics":["Burning Blood","Oddly Smooth Stone","Bag of Preparation","Happy Flower","Empty Cage","Strawberry","Dream Catcher","Frozen Egg 2","Mark of Pain","Red Mask","Pen Nib"],"potions_floor_usage":[6,6,6,14,22,24,33,44,44,48,50],"damage_taken":[{"damage":1,"enemies":"Cultist","floor":1,"turns":3},{"damage":3,"enemies":"Small Slimes","floor":2,"turns":3},{"damage":0,"enemies":"2 Louse","floor":4,"turns":1},{"damage":9,"enemies":"2 Fungi Beasts","floor":5,"turns":3},{"damage":35,"enemies":"3 Sentries","floor":6,"turns":6},{"damage":9,"enemies":"Gremlin Gang","floor":8,"turns":4},{"damage":0,"enemies":"Exordium Thugs","floor":10,"turns":3},{"damage":7,"enemies":"Red Slaver","floor":12,"turns":3},{"damage":0,"enemies":"Looter","floor":14,"turns":1},{"damage":96,"enemies":"Hexaghost","floor":16,"turns":11},{"damage":37,"enemies":"Chosen","floor":18,"turns":6},{"damage":22,"enemies":"2 Thieves","floor":19,"turns":4},{"damage":18,"enemies":"Snake Plant","floor":21,"turns":4},{"damage":15,"enemies":"3 Cultists","floor":22,"turns":4},{"damage":21,"enemies":"Slavers","floor":24,"turns":3},{"damage":11,"enemies":"Cultist and Chosen","floor":27,"turns":6},{"damage":24,"enemies":"Snecko","floor":28,"turns":5},{"damage":113,"enemies":"Automaton","floor":33,"turns":10},{"damage":6,"enemies":"Orb Walker","floor":35,"turns":3},{"damage":26,"enemies":"3 Shapes","floor":37,"turns":4},{"damage":23,"enemies":"3 Darklings","floor":41,"turns":3},{"damage":14,"enemies":"Sphere and 2 Shapes","floor":44,"turns":3},{"damage":86,"enemies":"Writhing Mass","floor":47,"turns":5},{"damage":15,"enemies":"Maw","floor":48,"turns":6},{"damage":68,"enemies":"Donu and Deca","floor":50,"turns":8}],"seed_played":"-4800690719705148667","potions_obtained":[{"floor":2,"key":"LiquidBronze"},{"floor":4,"key":"Ancient Potion"},{"floor":5,"key":"Swift Potion"},{"floor":8,"key":"Fire Potion"},{"floor":18,"key":"Explosive Potion"},{"floor":22,"key":"Strength Potion"},{"floor":24,"key":"GamblersBrew"},{"floor":28,"key":"Swift Potion"},{"floor":33,"key":"Energy Potion"},{"floor":37,"key":"EssenceOfSteel"},{"floor":47,"key":"GamblersBrew"}],"is_trial":false,"path_per_floor":["M","M","$","M","M","E","R","M","T","M","$","M","R","M","R","B",null,"M","M","$","M","M","R","E","R","T","M","M","?","R","$","R","B",null,"M","?","M","?","$","R","M","?","T","M","$","R","M","M","R","B",null],"character_chosen":"IRONCLAD","items_purchased":["Seeing Red","Happy Flower","Strawberry","Combust+1"],"campfire_rested":6,"item_purchase_floors":[3,11,20,31],"current_hp_per_floor":[80,80,80,80,77,51,51,52,52,62,62,65,93,99,99,13,103,76,60,67,55,46,80,69,104,104,103,85,85,121,121,121,14,122,122,122,106,106,106,106,89,89,89,81,81,118,42,33,72,10],"gold":84,"neow_bonus":"HUNDRED_GOLD","is_prod":false,"is_daily":false,"chose_seed":false,"campfire_upgraded":4,"win_rate":0,"timestamp":1551678112,"path_taken":["M","M","$","M","M","E","R","M","T","M","$","M","R","?","R","BOSS","M","M","$","M","M","R","E","R","T","M","M","?","R","$","R","BOSS","M","?","M","?","$","R","M","?","T","?","?","R","M","M","R","BOSS"],"build_version":"2019-01-23","purchased_purges":1,"victory":true,"max_hp_per_floor":[80,80,80,80,80,83,83,87,87,91,91,95,95,99,99,103,103,107,107,114,114,114,114,118,118,118,122,122,122,122,122,122,122,122,122,122,126,126,126,126,126,126,126,126,126,126,130,130,130,130],"card_choices":[{"not_picked":["Iron Wave","Heavy Blade"],"picked":"Clash","floor":1},{"not_picked":["Blood for Blood","Dropkick"],"picked":"Cleave","floor":2},{"not_picked":["Thunderclap","Metallicize"],"picked":"Pummel","floor":4},{"not_picked":["Armaments","Cleave"],"picked":"Feed","floor":5},{"not_picked":["Clash","Thunderclap"],"picked":"Infernal Blade","floor":6},{"not_picked":["Dark Embrace","Body Slam"],"picked":"Sword Boomerang","floor":8},{"not_picked":["Seeing Red","Cleave","Infernal Blade"],"picked":"SKIP","floor":10},{"not_picked":["Entrench","Uppercut"],"picked":"Battle Trance","floor":12},{"not_picked":["Flex","Entrench","Sword Boomerang"],"picked":"SKIP","floor":14},{"not_picked":["Bludgeon","Double Tap"],"picked":"Offering","floor":16},{"not_picked":["Evolve","Bloodletting"],"picked":"Warcry+1","floor":18},{"not_picked":["Reckless Charge","Havoc"],"picked":"Wild Strike+1","floor":19},{"not_picked":["Heavy Blade+1","Seeing Red+1"],"picked":"Infernal Blade+1","floor":21},{"not_picked":["Sword Boomerang","Headbutt"],"picked":"Infernal Blade+1","floor":22},{"not_picked":["Iron Wave","Spot Weakness"],"picked":"Shrug It Off","floor":24},{"not_picked":["Uppercut","Body Slam"],"picked":"Burning Pact","floor":27},{"not_picked":["Reckless Charge","Headbutt"],"picked":"Juggernaut+1","floor":28},{"not_picked":["Barricade+1","Impervious"],"picked":"Juggernaut+1","floor":33},{"not_picked":["Wild Strike+1","Perfected Strike+1"],"picked":"Shrug It Off+1","floor":35},{"not_picked":["Whirlwind","Perfected Strike","Evolve+1"],"picked":"SKIP","floor":37},{"not_picked":["Whirlwind","Perfected Strike"],"picked":"Evolve+1","floor":37},{"not_picked":["Sword Boomerang","Combust+1"],"picked":"Carnage+1","floor":41},{"not_picked":["Havoc","Fiend Fire"],"picked":"Headbutt+1","floor":44},{"not_picked":["Flex","Thunderclap"],"picked":"Fire Breathing+1","floor":46},{"not_picked":["Shrug It Off+1","Anger"],"picked":"Metallicize+1","floor":47},{"not_picked":["Sword Boomerang+1","Second Wind"],"picked":"Body Slam+1","floor":48},{"not_picked":["Shrug It Off+1","Flex"],"picked":"Feel No Pain+1","floor":49}],"player_experience":495680,"relics_obtained":[{"floor":6,"key":"Oddly Smooth Stone"},{"floor":9,"key":"Bag of Preparation"},{"floor":24,"key":"Dream Catcher"},{"floor":26,"key":"Frozen Egg 2"},{"floor":43,"key":"Pen Nib"}],"event_choices":[{"damage_healed":0,"gold_gain":0,"player_choice":"Obtain J.A.X.","damage_taken":0,"max_hp_gain":0,"max_hp_loss":0,"event_name":"Drug Dealer","floor":29,"gold_loss":0,"cards_obtained":["J.A.X."]},{"cards_removed":["Sword Boomerang"],"damage_healed":0,"gold_gain":0,"player_choice":"Removed Attack","damage_taken":0,"max_hp_gain":0,"max_hp_loss":0,"event_name":"Falling","floor":36,"gold_loss":0},{"damage_healed":0,"gold_gain":0,"player_choice":"Paid","damage_taken":0,"relics_obtained":["Red Mask"],"max_hp_gain":0,"max_hp_loss":0,"event_name":"Tomb of Lord Red Mask","floor":38,"gold_loss":166},{"cards_removed":["Strike_R"],"damage_healed":0,"gold_gain":0,"player_choice":"Purged","damage_taken":0,"max_hp_gain":0,"max_hp_loss":0,"event_name":"Purifier","floor":42,"gold_loss":0}],"is_beta":false,"boss_relics":[{"not_picked":["Snecko Eye","Sozu"],"picked":"Empty Cage"},{"not_picked":["Calling Bell","White Beast Statue"],"picked":"Mark of Pain"}],"items_purged_floors":[3],"is_endless":false,"potions_floor_spawned":[2,4,5,8,18,22,24,28,33,37,47],"ascension_level":0}