{"gold_per_floor":[114,127,127,145,29,29,62,74,97,97,110,110,130,141,141,242,242,182,182,182,107,107,107,107,107,107,107,107,107,7,7,7,7,7,7,7,7,7,7,7,7,7,7,7,7,7,7,7,7,7],"floor_reached":50,"playtime":4324,"items_purged":["Strike_B","Strike_B"],"score":823,"play_id":"b149a49b-663f-46c3-9b81-b1e0630fad17","local_time":"20190305010243","is_ascension_mode":true,"campfire_choices":[{"data":"Consume","floor":6.0,"key":"SMITH"},{"floor":12.0,"key":"REST"},{"floor":15.0,"key":"REST"},{"data":"Ghostly","floor":27.0,"key":"SMITH"},{"data":"Capacitor","floor":32.0,"key":"SMITH"},{"data":"Ghostly","floor":40.0,"key":"SMITH"},{"data":"Defragment","floor":44.0,"key":"SMITH"},{"floor":47.0,"key":"RECALL"},{"data":"Ghostly","floor":49.0,"key":"SMITH"}],"neow_cost":"NONE","seed_source_timestamp":618209441034400,"circlet_count":0,"master_deck":["Defend_B","Defend_B","Defend_B+1","Defend_B","Zap+1","Dualcast","Electrodynamics","Cold Snap","Consume+1","Loop","Capacitor+1","Leap","Go for the Eyes","Rainbow","Leap+1","Ghostly+1","Ghostly","Ghostly","Ghostly+1","Ghostly+1","Self Repair","Recycle","Glacier","Reboot","Redo+1","Ball Lightning","Auto Shields+1","Parasite","Defragment+1"],"special_seed":0,"relics":["Cracked Core","War Paint","PreservedInsect","Ectoplasm","Bronze Scales","Pen Nib","Boot","Centennial Puzzle","Busted Crown","Regal Pillow","Potion Belt"],"potions_floor_usage":[50],"damage_taken":[{"damage":16.0,"enemies":"Cultist","floor":1.0,"turns":4.0},{"damage":0.0,"enemies":"Jaw Worm","floor":2.0,"turns":4.0},{"damage":0.0,"enemies":"Small Slimes","floor":4.0,"turns":2.0},{"damage":17.0,"enemies":"3 Sentries","floor":7.0,"turns":4.0},{"damage":2.0,"enemies":"Exordium Wildlife","floor":8.0,"turns":4.0},{"damage":0.0,"enemies":"3 Louse","floor":11.0,"turns":2.0},{"damage":8.0,"enemies":"Red Slaver","floor":13.0,"turns":4.0},{"damage":2.0,"enemies":"Gremlin Gang","floor":14.0,"turns":4.0},{"damage":7.0,"enemies":"Slime Boss","floor":16.0,"turns":6.0},{"damage":23.0,"enemies":"2 Thieves","floor":18.0,"turns":3.0},{"damage":12.0,"enemies":"3 Byrds","floor":20.0,"turns":5.0},{"damage":3.0,"enemies":"Cultist and Chosen","floor":22.0,"turns":6.0},{"damage":2.0,"enemies":"Book of Stabbing","floor":23.0,"turns":6.0},{"damage":3.0,"enemies":"Gremlin Leader","floor":25.0,"turns":5.0},{"damage":0.0,"enemies":"Centurion and Healer","floor":28.0,"turns":6.0},{"damage":1.0,"enemies":"Snecko","floor":31.0,"turns":5.0},{"damage":0.0,"enemies":"Collector","floor":33.0,"turns":15.0},{"damage":0.0,"enemies":"Orb Walker","floor":35.0,"turns":5.0},{"damage":1.0,"enemies":"3 Shapes","floor":36.0,"turns":5.0},{"damage":4.0,"enemies":"Transient","floor":37.0,"turns":5.0},{"damage":1.0,"enemies":"Jaw Worm Horde","floor":39.0,"turns":4.0},{"damage":5.0,"enemies":"Writhing Mass","floor":41.0,"turns":8.0},{"damage":0.0,"enemies":"Maw","floor":42.0,"turns":9.0},{"damage":2.0,"enemies":"4 Shapes","floor":45.0,"turns":4.0},{"damage":5.0,"enemies":"Reptomancer","floor":46.0,"turns":7.0},{"damage":0.0,"enemies":"Transient","floor":48.0,"turns":3.0},{"damage":39,"enemies":"Donu and Deca","floor":50,"turns":8}],"seed_played":"-1500410634038159301","potions_obtained":[{"floor":2.0,"key":"EssenceOfSteel"},{"floor":4.0,"key":"SteroidPotion"},{"floor":7.0,"key":"Ancient Potion"},{"floor":13.0,"key":"SkillPotion"},{"floor":25.0,"key":"SmokeBomb"},{"floor":33.0,"key":"GamblersBrew"},{"floor":42.0,"key":"EssenceOfSteel"},{"floor":45.0,"key":"Block Potion"},{"floor":46.0,"key":"Strength Potion"}],"is_trial":false,"path_per_floor":["M","M","?","M","$","R","E","M","T","?","M","R","M","M","R","B",null,"M","?","M","$","M","E","T","E","T","R","M","?","$","M","R","B",null,"M","M","M","?","M","R","M","M","T","R","M","E","R","M","R","B"],"character_chosen":"DEFECT","items_purchased":["Consume","Loop"],"campfire_rested":2,"item_purchase_floors":[5,5],"current_hp_per_floor":[52,52,34,34,34,34,17,15,15,15,15,37,29,27,49,42,67,44,37,25,25,22,27,27,24,24,24,31,31,31,37,37,37,37,37,37,37,37,37,37,37,37,37,37,37,37,37,37,37,0],"gold":7,"neow_bonus":"ONE_RANDOM_RARE_CARD","is_prod":false,"is_daily":false,"chose_seed":false,"campfire_upgraded":6,"win_rate":0,"timestamp":1551772963,"path_taken":["M","?","?","M","$","R","E","M","T","?","M","R","M","M","R","BOSS","M","?","M","$","M","E","?","E","T","R","M","?","$","M","R","BOSS","M","M","M","?","M","R","?","M","T","R","M","E","R","M","R","BOSS"],"build_version":"2019-01-23","purchased_purges":2,"victory":false,"max_hp_per_floor":[75,75,75,75,75,75,75,75,75,75,75,75,75,75,75,75,75,75,37,37,37,37,37,37,37,37,37,37,37,37,37,37,37,37,37,37,37,37,37,37,37,37,37,37,37,37,37,37,37,37],"card_choices":[{"not_picked":["Rebound","Redo"],"picked":"Cold Snap","floor":1.0},{"not_picked":["Hello World","Streamline","Gash"],"picked":"SKIP","floor":2.0},{"not_picked":["Rebound","Conserve Battery","Compile Driver"],"picked":"SKIP","floor":4.0},{"not_picked":["Electrodynamics","Redo","Gash"],"picked":"SKIP","floor":7.0},{"not_picked":["Hologram","Reprogram"],"picked":"Capacitor","floor":8.0},{"not_picked":["Hologram","Rebound"],"picked":"Leap","floor":11.0},{"not_picked":["Lockon","Rip and Tear"],"picked":"Go for the Eyes","floor":13.0},{"not_picked":["Streamline","Hologram","Beam Cell"],"picked":"SKIP","floor":14.0},{"not_picked":["All For One","Echo Form"],"picked":"Rainbow","floor":16.0},{"not_picked":["Stack+1","Storm+1"],"picked":"Leap+1","floor":18.0},{"not_picked":["Cold Snap","Heatsinks","Conserve Battery+1"],"picked":"SKIP","floor":20.0},{"not_picked":["Cold Snap+1","Leap"],"picked":"Self Repair","floor":22.0},{"not_picked":["Rip and Tear+1","Streamline+1","Go for the Eyes+1"],"picked":"SKIP","floor":23.0},{"not_picked":["Steam Power","Aggregate","Consume"],"picked":"SKIP","floor":25.0},{"not_picked":["Leap+1","Beam Cell"],"picked":"Recycle","floor":28.0},{"not_picked":["Genetic Algorithm+1","Rip and Tear","Sweeping Beam"],"picked":"SKIP","floor":31.0},{"not_picked":["Creative AI","Multi-Cast"],"picked":"Reboot","floor":33.0},{"not_picked":[],"picked":"Redo+1","floor":35.0},{"not_picked":["Go for the Eyes+1"],"picked":"SKIP","floor":36.0},{"not_picked":[],"picked":"Ball Lightning","floor":37.0},{"not_picked":[],"picked":"Auto Shields+1","floor":39.0},{"not_picked":[],"picked":"Defragment","floor":41.0},{"not_picked":["Redo+1"],"picked":"SKIP","floor":42.0},{"not_picked":["Hologram"],"picked":"SKIP","floor":45.0},{"not_picked":["Sweeping Beam+1"],"picked":"SKIP","floor":46.0}],"player_experience":443788,"relics_obtained":[{"floor":7.0,"key":"PreservedInsect"},{"floor":23.0,"key":"Bronze Scales"},{"floor":24.0,"key":"Pen Nib"},{"floor":25.0,"key":"Boot"},{"floor":26.0,"key":"Centennial Puzzle"},{"floor":43.0,"key":"Regal Pillow"},{"floor":46.0,"key":"Potion Belt"}],"event_choices":[{"damage_healed":0.0,"max_hp_gain":0.0,"max_hp_loss":0.0,"gold_gain":0.0,"event_name":"Scrap Ooze","player_choice":"Success","floor":3.0,"gold_loss":0.0,"damage_taken":18.0,"relics_obtained":["War Paint"]},{"cards_removed":["Strike_B"],"damage_healed":0.0,"max_hp_gain":0.0,"max_hp_loss":0.0,"gold_gain":0.0,"event_name":"Living Wall","player_choice":"Forget","floor":10.0,"gold_loss":0.0,"damage_taken":0.0},{"damage_healed":0.0,"max_hp_gain":0.0,"max_hp_loss":38.0,"gold_gain":0.0,"event_name":"Ghosts","player_choice":"Became a Ghost","floor":19.0,"gold_loss":0.0,"damage_taken":0.0,"cards_obtained":["Ghostly","Ghostly","Ghostly","Ghostly","Ghostly"]},{"damage_healed":0.0,"max_hp_gain":0.0,"max_hp_loss":0.0,"gold_gain":0.0,"event_name":"The Library","player_choice":"Read","floor":29.0,"gold_loss":0.0,"damage_taken":0.0,"cards_obtained":["Glacier"]},{"cards_removed":["Strike_B"],"damage_healed":0.0,"max_hp_gain":0.0,"max_hp_loss":0.0,"gold_gain":0.0,"event_name":"Bonfire Elementals","player_choice":"Offered Basic","floor":38.0,"gold_loss":0.0,"damage_taken":0.0}],"is_beta":false,"boss_relics":[{"not_picked":["Eternal Feather","Empty Cage"],"picked":"Ectoplasm"},{"not_picked":["Fusion Hammer","Lizard Tail"],"picked":"Busted Crown"}],"items_purged_floors":[21,30],"is_endless":false,"potions_floor_spawned":[2,4,7,13,16,25,28,33,39,42,45,46,48],"killed_by":"Donu and Deca","ascension_level":8}