{"gold_per_floor":[119,129,141,141,153,153,253,253,330,350,361,375,375,393,393,393],"floor_reached":16,"playtime":804,"items_purged":[],"score":96,"play_id":"b2a14c90-d018-4060-89f7-07ceb82ebce0","local_time":"20190217135832","is_ascension_mode":false,"campfire_choices":[{"data":"Dash","floor":6,"key":"SMITH"},{"data":"Skewer","floor":8,"key":"SMITH"},{"data":"Poisoned Stab","floor":13,"key":"SMITH"},{"data":"Survivor","floor":15,"key":"SMITH"}],"neow_cost":"NONE","seed_source_timestamp":9918707493042,"circlet_count":0,"master_deck":["Defend_G","Defend_G","Defend_G","Defend_G","Defend_G","Strike_G","Strike_G","Strike_G","Strike_G","Strike_G","Survivor+1","Neutralize","Skewer+1","PiercingWail","Dash+1","Backflip","Poisoned Stab+1","Underhanded Strike"],"relics":["Ring of the Snake","Bottled Flame"],"potions_floor_usage":[14,16,16],"damage_taken":[{"damage":0,"enemies":"Cultist","floor":1,"turns":5},{"damage":0,"enemies":"Small Slimes","floor":2,"turns":5},{"damage":0,"enemies":"Jaw Worm","floor":3,"turns":5},{"damage":0,"enemies":"Looter","floor":5,"turns":4},{"damage":8,"enemies":"Exordium Thugs","floor":10,"turns":5},{"damage":0,"enemies":"Red Slaver","floor":11,"turns":4},{"damage":0,"enemies":"3 Louse","floor":12,"turns":4},{"damage":0,"enemies":"Gremlin Gang","floor":14,"turns":3},{"damage":62,"enemies":"The Guardian","floor":16,"turns":9}],"seed_played":"-2799015500664806469","potions_obtained":[{"floor":0,"key":"Ancient Potion"},{"floor":0,"key":"PowerPotion"},{"floor":0,"key":"Explosive Potion"},{"floor":14,"key":"Strength Potion"}],"is_trial":false,"path_per_floor":["M","M","M","$","M","R","?","R","T","M","M","M","R","M","R","B"],"character_chosen":"THE_SILENT","items_purchased":[],"campfire_rested":0,"item_purchase_floors":[],"current_hp_per_floor":[70,70,70,70,70,70,70,70,70,62,62,62,62,62,62,0],"gold":393,"neow_bonus":"THREE_SMALL_POTIONS","is_prod":false,"is_daily":false,"chose_seed":false,"campfire_upgraded":4,"win_rate":0,"timestamp":1550433512,"path_taken":["M","?","M","?","M","R","?","R","T","M","M","M","R","M","R","BOSS"],"build_version":"2019-01-23","purchased_purges":0,"victory":false,"max_hp_per_floor":[70,70,70,70,70,70,70,70,70,70,70,70,70,70,70,70],"card_choices":[{"not_picked":["Infinite Blades","Poisoned Stab"],"picked":"Skewer","floor":1},{"not_picked":["Dagger Spray","Deadly Poison"],"picked":"PiercingWail","floor":2},{"not_picked":["PiercingWail","Quick Slash"],"picked":"Dash","floor":3},{"not_picked":["Flying Knee","Grand Finale"],"picked":"Backflip","floor":5},{"not_picked":["Dash","Leg Sweep"],"picked":"Poisoned Stab","floor":10},{"not_picked":["Poisoned Stab","Backflip"],"picked":"Underhanded Strike","floor":11},{"not_picked":["Prepared","Poisoned Stab","Quick Slash"],"picked":"SKIP","floor":12},{"not_picked":["Predator","Quick Slash","Riddle With Holes"],"picked":"SKIP","floor":14}],"player_experience":177014,"relics_obtained":[{"floor":9,"key":"Bottled Flame"}],"event_choices":[{"damage_healed":0,"gold_gain":100,"player_choice":"Pray","damage_taken":0,"max_hp_gain":0,"max_hp_loss":0,"event_name":"Golden Shrine","floor":7,"gold_loss":0}],"is_beta":false,"boss_relics":[],"items_purged_floors":[],"is_endless":false,"potions_floor_spawned":[3,5,12,14],"killed_by":"The Guardian","ascension_level":0}