{"gold_per_floor":[110,285,297,23,37,37,62,62,87,52,52,70,70,99,99,204,204,217,235,252,127,127,127,156,170,170,183,196,214,214,225,225,329,329,347,347,257,271,288,288,305,305,305,319,319,337,337,349,349,349],"floor_reached":50,"playtime":2053,"items_purged":["Doubt","Strike_G"],"score":528,"play_id":"b3c36d97-7770-4a22-8459-2a2cb9ed18bd","local_time":"20190226161345","is_ascension_mode":false,"campfire_choices":[{"data":"Skewer","floor":6,"key":"SMITH"},{"data":"Terror","floor":8,"key":"SMITH"},{"data":"Bandage Up","floor":13,"key":"SMITH"},{"data":"Survivor","floor":15,"key":"SMITH"},{"data":"Doppelganger","floor":23,"key":"SMITH"},{"floor":30,"key":"REST"},{"floor":32,"key":"REST"},{"floor":40,"key":"REST"},{"floor":42,"key":"REST"},{"floor":45,"key":"REST"},{"floor":47,"key":"REST"},{"data":"Catalyst","floor":49,"key":"SMITH"}],"neow_cost":"NONE","seed_source_timestamp":19855711447527,"circlet_count":0,"master_deck":["Defend_G","Defend_G","Defend_G","Defend_G","Defend_G","Strike_G","Strike_G","Strike_G+1","Survivor+1","Neutralize","Crippling Poison","Bane","Skewer+1","Bandage Up+1","Quick Slash","Terror+1","Flying Knee","Footwork","Doppelganger+1","Poisoned Stab","Well Laid Plans","Quick Slash","All Out Attack+1","Quick Slash","Clumsy","Quick Slash","Catalyst+1","Crippling Poison","Backstab","Burst","Bouncing Flask+1","Parasite","Acrobatics+1"],"special_seed":0,"relics":["Runic Dome","Pen Nib","Bag of Marbles","Du-Vu Doll","Centennial Puzzle","Cursed Key","Tough Bandages","Snake Skull","Busted Crown","Bottled Tornado"],"potions_floor_usage":[16,24,24,24,25,33,33,39,41,50],"damage_taken":[{"damage":0.0,"enemies":"Small Slimes","floor":1.0,"turns":4.0},{"damage":3.0,"enemies":"Jaw Worm","floor":3.0,"turns":4.0},{"damage":0,"enemies":"Cultist","floor":5,"turns":3},{"damage":19,"enemies":"3 Sentries","floor":7,"turns":8},{"damage":0,"enemies":"3 Louse","floor":12,"turns":4},{"damage":0,"enemies":"Gremlin Nob","floor":14,"turns":2},{"damage":24,"enemies":"The Guardian","floor":16,"turns":8},{"damage":12,"enemies":"2 Thieves","floor":18,"turns":2},{"damage":10,"enemies":"Shell Parasite","floor":19,"turns":2},{"damage":0,"enemies":"Snecko","floor":20,"turns":3},{"damage":31,"enemies":"Slavers","floor":24,"turns":5},{"damage":8,"enemies":"Centurion and Healer","floor":25,"turns":3},{"damage":9,"enemies":"3 Cultists","floor":27,"turns":5},{"damage":0,"enemies":"Chosen and Byrds","floor":28,"turns":3},{"damage":0,"enemies":"Snecko","floor":29,"turns":3},{"damage":14,"enemies":"Centurion and Healer","floor":31,"turns":5},{"damage":63,"enemies":"Champ","floor":33,"turns":8},{"damage":15,"enemies":"3 Shapes","floor":35,"turns":2},{"damage":30,"enemies":"3 Darklings","floor":38,"turns":4},{"damage":11,"enemies":"Maw","floor":39,"turns":6},{"damage":5,"enemies":"Transient","floor":41,"turns":5},{"damage":28,"enemies":"Spire Growth","floor":44,"turns":3},{"damage":20,"enemies":"4 Shapes","floor":46,"turns":3},{"damage":0,"enemies":"Maw","floor":48,"turns":5},{"damage":79,"enemies":"Time Eater","floor":50,"turns":9}],"seed_played":"2950170627331057376","potions_obtained":[{"floor":7,"key":"Energy Potion"},{"floor":12,"key":"AttackPotion"},{"floor":19,"key":"GamblersBrew"},{"floor":20,"key":"LiquidBronze"},{"floor":22,"key":"Block Potion"},{"floor":22,"key":"Poison Potion"},{"floor":24,"key":"SkillPotion"},{"floor":25,"key":"Strength Potion"},{"floor":31,"key":"Regen Potion"},{"floor":35,"key":"FearPotion"},{"floor":39,"key":"Energy Potion"},{"floor":44,"key":"GamblersBrew"}],"is_trial":false,"path_per_floor":["M","?","M","$","M","R","E","R","T","?","T","M","R","E","R","B",null,"M","M","M","$","?","R","E","M","T","M","M","M","R","M","R","B",null,"M","?","?","M","M","R","M","R","T","M","R","M","R","M","R","B"],"character_chosen":"THE_SILENT","items_purchased":["Skewer","Bandage Up","Quick Slash","Quick Slash"],"campfire_rested":6,"item_purchase_floors":[4,4,4,21],"current_hp_per_floor":[70,70,67,67,70,70,55,55,55,70,70,70,70,70,70,52,70,58,54,54,54,54,54,29,27,27,24,30,36,57,49,70,18,70,55,55,55,37,32,53,54,70,70,42,63,49,70,70,70,0],"gold":349,"neow_bonus":"BOSS_RELIC","is_prod":false,"is_daily":false,"chose_seed":false,"campfire_upgraded":6,"win_rate":0,"timestamp":1551219225,"path_taken":["M","?","M","$","M","R","E","R","T","?","?","M","R","E","R","BOSS","M","M","M","$","?","R","E","M","T","M","M","?","R","M","R","BOSS","M","?","?","M","M","R","M","R","T","M","R","M","R","?","R","BOSS"],"build_version":"2019-01-23","purchased_purges":2,"victory":false,"max_hp_per_floor":[70,70,70,70,70,70,70,70,70,70,70,70,70,70,70,70,70,70,70,70,70,70,70,70,70,70,70,70,70,70,70,70,70,70,70,70,70,70,70,70,70,70,70,70,70,70,70,70,70,70],"card_choices":[{"not_picked":["Cloak And Dagger","Eviscerate"],"picked":"Crippling Poison","floor":1.0},{"not_picked":["Blade Dance","Distraction"],"picked":"Bane","floor":3.0},{"not_picked":["Dodge and Roll","Tactician"],"picked":"Terror","floor":5},{"not_picked":["Wraith Form v2","Setup"],"picked":"Flying Knee","floor":7},{"not_picked":["Concentrate","Outmaneuver"],"picked":"Footwork","floor":12},{"not_picked":["Tactician","Deflect","Malaise"],"picked":"SKIP","floor":14},{"not_picked":["A Thousand Cuts","Wraith Form v2"],"picked":"Doppelganger","floor":16},{"not_picked":["Blur","Bane","Acrobatics"],"picked":"SKIP","floor":18},{"not_picked":["Deflect","Bane"],"picked":"Poisoned Stab","floor":19},{"not_picked":["Escape Plan","Noxious Fumes"],"picked":"Well Laid Plans","floor":20},{"not_picked":["Dagger Spray","Acrobatics"],"picked":"All Out Attack+1","floor":24},{"not_picked":["Slice","Dash"],"picked":"Quick Slash","floor":25},{"not_picked":["Deadly Poison","Slice+1"],"picked":"Quick Slash","floor":27},{"not_picked":["Doppelganger","Underhanded Strike+1"],"picked":"Catalyst","floor":28},{"not_picked":["Deflect","Acrobatics"],"picked":"Crippling Poison","floor":29},{"not_picked":["Catalyst+1","Predator"],"picked":"Backstab","floor":31},{"not_picked":["Unload","Storm of Steel"],"picked":"Burst","floor":33},{"not_picked":["Deflect"],"picked":"SKIP","floor":35},{"not_picked":["Acrobatics+1"],"picked":"SKIP","floor":38},{"not_picked":[],"picked":"Bouncing Flask+1","floor":39},{"not_picked":["Bane"],"picked":"SKIP","floor":41},{"not_picked":["Blade Dance"],"picked":"SKIP","floor":44},{"not_picked":[],"picked":"Acrobatics+1","floor":46},{"not_picked":["Eviscerate+1"],"picked":"SKIP","floor":48}],"player_experience":437051,"relics_obtained":[{"floor":7,"key":"Pen Nib"},{"floor":9,"key":"Bag of Marbles"},{"floor":11,"key":"Du-Vu Doll"},{"floor":14,"key":"Centennial Puzzle"},{"floor":24,"key":"Tough Bandages"},{"floor":26,"key":"Snake Skull"},{"floor":43,"key":"Bottled Tornado"}],"event_choices":[{"damage_healed":0.0,"max_hp_gain":0.0,"max_hp_loss":0.0,"gold_gain":175.0,"event_name":"Liars Game","player_choice":"AGREE","floor":2.0,"gold_loss":0.0,"damage_taken":0.0,"cards_obtained":["Doubt"]},{"damage_healed":17,"gold_gain":0,"player_choice":"Healed","damage_taken":0,"max_hp_gain":0,"max_hp_loss":0,"event_name":"The Cleric","floor":10,"gold_loss":35},{"damage_healed":0,"gold_gain":0,"player_choice":"Got Potions","damage_taken":0,"max_hp_gain":0,"max_hp_loss":0,"event_name":"Lab","floor":22,"gold_loss":0},{"damage_healed":0,"gold_gain":0,"player_choice":"Memory 1","damage_taken":0,"max_hp_gain":0,"max_hp_loss":0,"event_name":"SensoryStone","floor":36,"gold_loss":0},{"cards_removed":["Strike_G"],"damage_healed":0,"gold_gain":0,"player_choice":"Upgrade and Remove","damage_taken":0,"max_hp_gain":0,"max_hp_loss":0,"event_name":"Designer","floor":37,"gold_loss":90,"cards_upgraded":["Strike_G"]}],"is_beta":false,"boss_relics":[{"not_picked":["Coffee Dripper","Empty Cage"],"picked":"Cursed Key"},{"not_picked":["Fusion Hammer","Lizard Tail"],"picked":"Busted Crown"}],"items_purged_floors":[4,21],"is_endless":false,"potions_floor_spawned":[7,12,19,20,24,25,31,35,39,44],"killed_by":"Time Eater","ascension_level":0}