{"gold_per_floor":[116,127,147,160,173,173,205,205,231,231,255,283,303,322,322,418,418,432,401,418,418],"floor_reached":21,"playtime":1106,"items_purged":[],"score":331,"play_id":"2d15bec9-5141-4e2a-bd71-09eae808dee6","local_time":"20181115211715","is_ascension_mode":true,"campfire_choices":[{"data":"Pommel Strike","floor":6,"key":"SMITH"},{"data":"Twin Strike","floor":8,"key":"SMITH"},{"floor":15,"key":"REST"}],"neow_cost":"NONE","seed_source_timestamp":9469573774551,"circlet_count":0,"master_deck":["Strike_R+1","Strike_R","Strike_R","Strike_R","Strike_R","Defend_R+1","Defend_R","Defend_R","Defend_R","Bash","Impervious","Pommel Strike+1","Twin Strike+1","Inflame","Cleave","Shrug It Off","Barricade","Shrug It Off+1","Body Slam"],"relics":["Burning Blood","Ginger","Vajra","Odd Mushroom","Happy Flower","White Beast Statue"],"potions_floor_usage":[12,12,14,18,19,20,20,20,21],"damage_taken":[{"damage":4,"enemies":"2 Louse","floor":1,"turns":3},{"damage":4,"enemies":"Small Slimes","floor":2,"turns":4},{"damage":1,"enemies":"Cultist","floor":3,"turns":4},{"damage":6,"enemies":"3 Louse","floor":4,"turns":5},{"damage":22,"enemies":"Looter","floor":5,"turns":3},{"damage":20,"enemies":"Lagavulin","floor":7,"turns":5},{"damage":16,"enemies":"The Mushroom Lair","floor":11,"turns":6},{"damage":12,"enemies":"Gremlin Nob","floor":12,"turns":3},{"damage":6,"enemies":"Exordium Thugs","floor":13,"turns":5},{"damage":0,"enemies":"2 Fungi Beasts","floor":14,"turns":2},{"damage":0,"enemies":"Slime Boss","floor":16,"turns":7},{"damage":21,"enemies":"Shell Parasite","floor":18,"turns":6},{"damage":45,"enemies":"2 Thieves","floor":19,"turns":5},{"damage":0,"enemies":"Cultist and Chosen","floor":20,"turns":4},{"damage":32,"enemies":"Snake Plant","floor":21,"turns":4}],"seed_played":"-7393884762624574152","potions_obtained":[{"floor":1,"key":"BloodPotion"},{"floor":5,"key":"LiquidBronze"},{"floor":11,"key":"EssenceOfSteel"},{"floor":12,"key":"Fire Potion"},{"floor":13,"key":"Fire Potion"},{"floor":16,"key":"SkillPotion"},{"floor":18,"key":"FearPotion"},{"floor":19,"key":"Fire Potion"},{"floor":20,"key":"SkillPotion"}],"is_trial":false,"path_per_floor":["M","M","M","M","M","R","E","R","T","?","?","E","M","M","R","B",null,"M","M","M","M"],"character_chosen":"IRONCLAD","items_purchased":[],"campfire_rested":1,"item_purchase_floors":[],"current_hp_per_floor":[74,76,80,80,64,64,50,50,50,34,24,26,26,32,56,62,76,61,22,28,0],"gold":418,"neow_bonus":"ONE_RANDOM_RARE_CARD","is_prod":false,"is_daily":false,"chose_seed":false,"campfire_upgraded":2,"win_rate":0,"timestamp":1542313035,"path_taken":["M","M","M","M","M","R","E","R","T","?","?","E","M","M","R","BOSS","M","M","M","M"],"build_version":"2018-11-08","purchased_purges":0,"victory":false,"max_hp_per_floor":[80,80,80,80,80,80,80,80,80,80,80,80,80,80,80,80,80,80,80,80,80],"card_choices":[{"not_picked":["Hemokinesis","Perfected Strike","Anger"],"picked":"SKIP","floor":1},{"not_picked":["Rampage","Clash"],"picked":"Pommel Strike","floor":2},{"not_picked":["Havoc","Reckless Charge"],"picked":"Twin Strike","floor":3},{"not_picked":["Second Wind","Flex","Feel No Pain"],"picked":"SKIP","floor":4},{"not_picked":["Pommel Strike","Feel No Pain"],"picked":"Inflame","floor":5},{"not_picked":["Anger","Offering","Warcry"],"picked":"SKIP","floor":7},{"not_picked":["Pommel Strike","Second Wind"],"picked":"Cleave","floor":11},{"not_picked":["Metallicize","Sentinel"],"picked":"Shrug It Off","floor":12},{"not_picked":["Heavy Blade","Twin Strike","Clash"],"picked":"SKIP","floor":13},{"not_picked":["Fire Breathing","Flex","Heavy Blade"],"picked":"SKIP","floor":14},{"not_picked":["Brutality","Bludgeon"],"picked":"Barricade","floor":16},{"not_picked":["Anger","Armaments","Wild Strike"],"picked":"SKIP","floor":18},{"not_picked":["True Grit","Clothesline"],"picked":"Shrug It Off+1","floor":19},{"not_picked":["Twin Strike","True Grit"],"picked":"Body Slam","floor":20}],"player_experience":538559,"relics_obtained":[{"floor":7,"key":"Ginger"},{"floor":9,"key":"Vajra"},{"floor":11,"key":"Odd Mushroom"},{"floor":12,"key":"Happy Flower"}],"event_choices":[{"damage_healed":0,"gold_gain":0,"player_choice":"Entered Light","damage_taken":16,"max_hp_gain":0,"max_hp_loss":0,"event_name":"Shining Light","floor":10,"gold_loss":0,"cards_upgraded":["Strike_R","Defend_R"]},{"damage_healed":0,"gold_gain":0,"player_choice":"Fought Mushrooms","damage_taken":0,"max_hp_gain":0,"max_hp_loss":0,"event_name":"Mushrooms","floor":11,"gold_loss":0}],"is_beta":false,"boss_relics":[{"not_picked":["Snecko Eye","Calling Bell"],"picked":"White Beast Statue"}],"items_purged_floors":[],"is_endless":false,"potions_floor_spawned":[1,5,11,12,13,16,18,19,20],"killed_by":"Snake Plant","ascension_level":7}