{"path_per_floor":["M","M","?","?","?","R","M","?","T","?","E","$","E","M","R","B",null,"M","$","M","M","M","R","M","M","T","R","E","R"],"character_chosen":"IRONCLAD","items_purchased":["Sadistic Nature","Enlightenment","Flame Barrier"],"gold_per_floor":[114,127,127,127,202,202,220,290,368,333,372,100,144,157,157,287,287,306,48,71,86,99,99,124,149,218,218,259,259],"floor_reached":30,"campfire_rested":0,"playtime":2219,"current_hp_per_floor":[80,77,57,57,46,46,52,39,49,71,64,64,69,77,77,48,90,75,75,51,37,16,16,35,44,44,44,22,22],"items_purged":["Strike_R"],"gold":259,"score":260,"play_id":"92ecf296-d9f8-4532-8d6c-852953bd040d","is_prod":false,"is_daily":false,"is_ascension_mode":false,"campfire_upgraded":5,"path_taken":["M","M","?","?","?","R","M","?","T","?","E","?","E","?","R","BOSS","M","$","M","M","M","R","M","M","T","R","E","R","M"],"build_version":"2018-02-15-PROD1","purchased_purges":1,"victory":false,"master_deck":["Strike_R","Strike_R","Strike_R","Strike_R","Defend_R","Defend_R","Defend_R","Defend_R","Bash+1","Exhume","Headbutt+1","Clothesline","Metallicize+1","Battle Trance","Sadistic Nature+1","Limit Break","Iron Wave+1","Berserk","Disarm","Enlightenment","Flame Barrier+1","Rage","Dual Wield","Pummel"],"max_hp_per_floor":[80,80,80,80,80,80,80,80,90,90,90,90,90,90,90,90,90,90,90,90,90,90,90,90,90,90,90,90,90],"relics":["Burning Blood","Bronze Scales","Golden Idol","Magic Flower","Pear","Mercury Hourglass","Regal Pillow","Philosopher\u0027s Stone","Letter Opener","Molten Egg 2"],"card_choices":[{"not_picked":["Cleave","Clash"],"picked":"Exhume"},{"not_picked":["Clash","Havoc"],"picked":"Headbutt"},{"not_picked":["Perfected Strike","Seeing Red"],"picked":"Clothesline"},{"not_picked":["Dual Wield","Perfected Strike"],"picked":"Metallicize"},{"not_picked":["Armaments","Reckless Charge"],"picked":"Battle Trance"},{"not_picked":["Body Slam","Sever Soul"],"picked":"Limit Break"},{"not_picked":["Flex","Heavy Blade"],"picked":"Iron Wave"},{"not_picked":["Feed","Reaper"],"picked":"Berserk"},{"not_picked":["Clash","Sever Soul"],"picked":"Disarm"},{"not_picked":["Iron Wave","Armaments"],"picked":"Rage"},{"not_picked":["Iron Wave","Evolve"],"picked":"Dual Wield"},{"not_picked":["Immolate","Anger"],"picked":"Pummel"}],"player_experience":111041,"potions_floor_usage":[11,11,21,24,25,25,28,28],"damage_taken":[{"damage":3,"enemies":"2 Louse","floor":1,"turns":2},{"damage":9,"enemies":"Jaw Worm","floor":2,"turns":4},{"damage":0,"enemies":"Small Slimes","floor":7,"turns":3},{"damage":22,"enemies":"3 Sentries","floor":8,"turns":6},{"damage":16,"enemies":"Lagavulin","floor":11,"turns":6},{"damage":4,"enemies":"Gremlin Nob","floor":13,"turns":4},{"damage":1,"enemies":"Exordium Wildlife","floor":14,"turns":3},{"damage":38,"enemies":"The Guardian","floor":16,"turns":10},{"damage":24,"enemies":"3 Byrds","floor":18,"turns":3},{"damage":33,"enemies":"Spheric Guardian","floor":20,"turns":5},{"damage":23,"enemies":"3 Cultists","floor":21,"turns":5},{"damage":30,"enemies":"Snake Plant","floor":22,"turns":5},{"damage":5,"enemies":"Snecko","floor":24,"turns":5},{"damage":0,"enemies":"Chosen and Byrds","floor":25,"turns":4},{"damage":31,"enemies":"Slavers","floor":28,"turns":4},{"damage":25,"enemies":"3 Cultists","floor":30,"turns":3}],"event_choices":[{"event_name":"Golden Idol","player_choice":"Take Damage","floor":3,"damage_taken":0},{"event_name":"Living Wall","player_choice":"Grow","floor":4,"damage_taken":0},{"event_name":"World of Goop","player_choice":"Gather Gold","floor":5,"damage_taken":0},{"event_name":"Dead Adventurer","player_choice":"Searched \u00273\u0027 times","floor":8,"damage_taken":0},{"event_name":"The Cleric","player_choice":"Healed","floor":10,"damage_taken":0}],"boss_relics":[{"not_picked":["Calling Bell","Ectoplasm"],"picked":"Philosopher\u0027s Stone"}],"potions_floor_spawned":[2,7,11,14,16,20,22,24,25],"seed_played":"7669305393437851928","killed_by":"3 Cultists","ascension_level":0,"is_trial":false}