{"path_per_floor":["M","?","$","T","M","E","?","E","T","?","M","M","R","M","R","B",null,"M","?","?","M","M","E","M"],"character_chosen":"THE_SILENT","items_purchased":["Caltrops"],"gold_per_floor":[110,110,38,38,54,88,88,114,140,196,215,232,232,249,249,351,351,351,351,266,266,266,266,266,266],"floor_reached":25,"campfire_rested":1,"playtime":1878,"item_purchase_floors":[3],"current_hp_per_floor":[70,56,56,56,56,42,42,23,23,2,2,1,22,18,18,2,70,70,54,54,45,47,20,20,0],"items_purged":[],"gold":266,"score":233,"play_id":"5c09c40d-2bc5-4f9a-bda2-36be1377ef25","local_time":"20180602011808","is_prod":false,"is_daily":false,"chose_seed":false,"is_ascension_mode":false,"campfire_upgraded":1,"win_rate":0,"timestamp":1527895088,"campfire_choices":[{"floor":13,"key":"REST"},{"data":"Dash","floor":15,"key":"SMITH"}],"path_taken":["M","?","?","?","?","E","?","E","T","?","M","M","R","M","R","BOSS","M","?","?","M","M","E","M","E"],"build_version":"2018-05-31","seed_source_timestamp":536399665531,"purchased_purges":0,"victory":false,"master_deck":["Defend_G","Defend_G+1","Defend_G+1","Defend_G","Defend_G","Strike_G","Strike_G","Strike_G","Strike_G","Strike_G","Survivor","Neutralize+1","Deadly Poison","Caltrops","Predator","Outmaneuver+1","Dash+1","Well Laid Plans","Envenom","Blur+1","Bouncing Flask+1","After Image","Noxious Fumes","Escape Plan+1","Bouncing Flask+1"],"max_hp_per_floor":[70,70,70,70,70,70,70,70,70,70,70,70,70,70,70,70,70,70,70,70,72,74,74,74,74],"relics":["Ring of the Snake","Shuriken","Toxic Egg 2","Potion Belt","Singing Bowl","Snake Skull","Ectoplasm","Nilry\u0027s Codex","Ancient Tea Set","Tiny Chest"],"card_choices":[{"not_picked":["Dagger Spray","Backflip"],"picked":"Deadly Poison","floor":1},{"not_picked":["Outmaneuver","Finisher"],"picked":"Predator","floor":5},{"not_picked":["Poisoned Stab","Bane"],"picked":"Outmaneuver","floor":6},{"not_picked":["Reflex+1","Flechettes"],"picked":"Dash","floor":8},{"not_picked":["Escape Plan+1","Cloak And Dagger+1"],"picked":"Well Laid Plans","floor":10},{"not_picked":["Flechettes","Quick Slash"],"picked":"Envenom","floor":11},{"not_picked":["Backflip+1","Endless Agony"],"picked":"Blur+1","floor":12},{"not_picked":["Endless Agony","Backflip+1"],"picked":"Bouncing Flask+1","floor":14},{"not_picked":["Grand Finale","Adrenaline+1"],"picked":"After Image","floor":16},{"not_picked":["Blade Dance+1","Escape Plan+1"],"picked":"Noxious Fumes","floor":18},{"not_picked":["Flying Knee+1","Distraction+1","Poisoned Stab"],"picked":"Singing Bowl","floor":21},{"not_picked":["Flying Knee","Heel Hook+1","Poisoned Stab+1"],"picked":"Singing Bowl","floor":22},{"not_picked":["Riddle With Holes","Backflip+1"],"picked":"Escape Plan+1","floor":23},{"not_picked":["Infinite Blades","Sucker Punch+1"],"picked":"Bouncing Flask+1","floor":24}],"player_experience":285864,"potions_floor_usage":[10,16,21,25],"damage_taken":[{"damage":0,"enemies":"2 Louse","floor":1,"turns":4},{"damage":0,"enemies":"Jaw Worm","floor":5,"turns":4},{"damage":14,"enemies":"3 Sentries","floor":6,"turns":9},{"damage":19,"enemies":"Gremlin Nob","floor":8,"turns":4},{"damage":21,"enemies":"Lagavulin Event","floor":10,"turns":6},{"damage":0,"enemies":"Cultist","floor":11,"turns":4},{"damage":1,"enemies":"Exordium Thugs","floor":12,"turns":5},{"damage":4,"enemies":"Exordium Wildlife","floor":14,"turns":6},{"damage":16,"enemies":"Slime Boss","floor":16,"turns":12},{"damage":0,"enemies":"Shell Parasite","floor":18,"turns":4},{"damage":20,"enemies":"3 Byrds","floor":21,"turns":4},{"damage":0,"enemies":"Cultist and Chosen","floor":22,"turns":7},{"damage":27,"enemies":"Slavers","floor":23,"turns":5},{"damage":0,"enemies":"Snake Plant","floor":24,"turns":4},{"damage":28,"enemies":"Gremlin Leader","floor":25,"turns":6}],"relics_obtained":[{"floor":4,"key":"Shuriken"},{"floor":6,"key":"Toxic Egg 2"},{"floor":8,"key":"Potion Belt"},{"floor":9,"key":"Singing Bowl"},{"floor":10,"key":"Snake Skull"},{"floor":19,"key":"Nilry\u0027s Codex"},{"floor":23,"key":"Tiny Chest"}],"event_choices":[{"event_name":"Shining Light","player_choice":"Entered Light","floor":2,"damage_taken":0},{"event_name":"The Woman in Blue","player_choice":"Bought 0 Potions","floor":7,"damage_taken":0},{"event_name":"Dead Adventurer","player_choice":"Searched \u00272\u0027 times","floor":10,"damage_taken":0},{"event_name":"Cursed Tome","player_choice":"Obtained Book","floor":19,"damage_taken":0},{"event_name":"Addict","player_choice":"Obtained Relic","floor":20,"damage_taken":0}],"boss_relics":[{"not_picked":["Lizard Tail","Orrery"],"picked":"Ectoplasm"}],"items_purged_floors":[],"potions_floor_spawned":[6,12,14,16,18,24],"seed_played":"1792821225163060544","killed_by":"Gremlin Leader","ascension_level":0,"potions_obtained":[{"floor":6,"key":"Block Potion"},{"floor":12,"key":"FearPotion"},{"floor":14,"key":"AttackPotion"},{"floor":16,"key":"Regen Potion"},{"floor":18,"key":"SpeedPotion"},{"floor":24,"key":"Ancient Potion"}],"is_trial":false}