{"gold_per_floor":[110,110,120,120,27,39,51,66,66,66,78,78,108,128,128,231,281,297,1,18,118,118],"floor_reached":22,"playtime":1988,"items_purged":[],"score":203,"play_id":"dd44b33c-c2d3-4b74-aa1b-10fcfaa58f63","local_time":"20190210010349","is_ascension_mode":false,"campfire_choices":[{"data":"Uppercut","floor":10,"key":"SMITH"},{"floor":12,"key":"REST"},{"data":"Ghostly Armor","floor":15,"key":"SMITH"}],"neow_cost":"NONE","seed_source_timestamp":30039313317484,"circlet_count":0,"master_deck":["Strike_R","Strike_R","Strike_R","Strike_R","Strike_R","Defend_R","Defend_R","Defend_R","Defend_R+1","Bash+1","Headbutt+1","Cleave+1","Uppercut+1","Flex","Shrug It Off","Ghostly Armor+1","Body Slam","Feel No Pain","Iron Wave","Berserk","Sever Soul","Iron Wave","Sword Boomerang"],"relics":["Burning Blood","Strawberry","Tiny House","Anchor","Red Skull"],"potions_floor_usage":[16,16,16],"damage_taken":[{"damage":11,"enemies":"Jaw Worm","floor":1,"turns":5},{"damage":5,"enemies":"Small Slimes","floor":3,"turns":3},{"damage":6,"enemies":"2 Louse","floor":6,"turns":2},{"damage":8,"enemies":"Red Slaver","floor":7,"turns":3},{"damage":5,"enemies":"Looter","floor":8,"turns":3},{"damage":5,"enemies":"2 Fungi Beasts","floor":11,"turns":3},{"damage":12,"enemies":"Red Slaver","floor":14,"turns":4},{"damage":43,"enemies":"The Guardian","floor":16,"turns":12},{"damage":23,"enemies":"Spheric Guardian","floor":18,"turns":5},{"damage":66,"enemies":"3 Byrds","floor":20,"turns":7},{"damage":24,"enemies":"Shelled Parasite and Fungi","floor":22,"turns":3}],"seed_played":"2985805502823410038","potions_obtained":[{"floor":3,"key":"Block Potion"},{"floor":8,"key":"FearPotion"},{"floor":14,"key":"Poison Potion"},{"floor":17,"key":"Regen Potion"},{"floor":18,"key":"LiquidBronze"}],"is_trial":false,"path_per_floor":["M","?","M","?","$","M","M","M","T","R","M","R","?","M","R","B",null,"M","$","M","?","M"],"character_chosen":"IRONCLAD","items_purchased":["Uppercut","Flex","Anchor","Red Skull"],"campfire_rested":1,"item_purchase_floors":[5,5,19,19],"current_hp_per_floor":[83,83,84,66,66,66,64,65,65,65,66,88,95,89,89,52,100,83,83,23,23,0],"gold":118,"neow_bonus":"TEN_PERCENT_HP_BONUS","is_prod":false,"is_daily":false,"chose_seed":false,"campfire_upgraded":2,"win_rate":0.0,"timestamp":1549782229,"path_taken":["M","?","M","?","$","M","M","M","T","R","M","R","?","M","R","BOSS","M","$","M","?","M"],"build_version":"2019-01-23","purchased_purges":0,"victory":false,"max_hp_per_floor":[88,88,88,88,88,88,88,88,88,88,88,88,95,95,95,95,100,100,100,100,100,100],"card_choices":[{"not_picked":["Thunderclap","Flex"],"picked":"Headbutt","floor":1},{"not_picked":["True Grit","Feel No Pain"],"picked":"Cleave","floor":3},{"not_picked":["Infernal Blade","Uppercut"],"picked":"Shrug It Off","floor":6},{"not_picked":["Blood for Blood","Anger"],"picked":"Ghostly Armor","floor":7},{"not_picked":["Anger","Sword Boomerang"],"picked":"Body Slam","floor":8},{"not_picked":["Hemokinesis","Burning Pact"],"picked":"Feel No Pain","floor":11},{"not_picked":["Offering","Carnage"],"picked":"Iron Wave","floor":14},{"not_picked":["Dark Embrace","Brutality"],"picked":"Berserk","floor":16},{"not_picked":["True Grit","Disarm"],"picked":"Sever Soul","floor":17},{"not_picked":["Thunderclap","Body Slam+1"],"picked":"Iron Wave","floor":18},{"not_picked":["Anger","Combust"],"picked":"Sword Boomerang","floor":20}],"player_experience":0,"relics_obtained":[],"event_choices":[{"damage_healed":0,"gold_gain":0,"player_choice":"Grow","damage_taken":0,"max_hp_gain":0,"max_hp_loss":0,"event_name":"Living Wall","floor":2,"gold_loss":0,"cards_upgraded":["Headbutt"]},{"damage_healed":0,"gold_gain":0,"player_choice":"Entered Light","damage_taken":18,"max_hp_gain":0,"max_hp_loss":0,"event_name":"Shining Light","floor":4,"gold_loss":0,"cards_upgraded":["Cleave","Bash"]},{"damage_healed":0,"gold_gain":30,"player_choice":"Searched \u00272\u0027 times","damage_taken":0,"relics_obtained":["Strawberry"],"max_hp_gain":0,"max_hp_loss":0,"event_name":"Dead Adventurer","floor":13,"gold_loss":0},{"damage_healed":0,"gold_gain":100,"player_choice":"Pray","damage_taken":0,"max_hp_gain":0,"max_hp_loss":0,"event_name":"Golden Shrine","floor":21,"gold_loss":0}],"is_beta":false,"boss_relics":[{"not_picked":["Astrolabe","Empty Cage"],"picked":"Tiny House"}],"items_purged_floors":[],"is_endless":false,"potions_floor_spawned":[3,8,14,18],"killed_by":"Shelled Parasite and Fungi","ascension_level":0}