{"gold_per_floor":[109,59,59,59,59,59,59,59,59,59,72,85,106,27,27,126,126,138,138,154,171,70,70,86,103,149,159,59,59,59,73,73,169,169,182,57,157,168,168,168,7,26,26,26],"floor_reached":44,"playtime":1334,"items_purged":["Strike_R","Defend_R","Bash+1"],"score":398,"play_id":"8de97339-b102-40b2-a240-c20e60f07a26","local_time":"20190304170444","is_ascension_mode":false,"campfire_choices":[{"data":"Strike_R","floor":6,"key":"SMITH"},{"data":"Bash","floor":8,"key":"SMITH"},{"data":"Strike_R","floor":10,"key":"SMITH"},{"floor":15,"key":"REST"},{"floor":23,"key":"REST"},{"data":"Rampage","floor":30,"key":"SMITH"},{"floor":32,"key":"REST"},{"floor":40,"key":"REST"}],"neow_cost":"TEN_PERCENT_HP_LOSS","seed_source_timestamp":25635101959800,"circlet_count":0,"master_deck":["Strike_R+1","Strike_R+1","Defend_R+1","Defend_R+1","Seeing Red","Anger","Rampage+1","Offering","Shrug It Off","Spot Weakness","Purity","Ghostly Armor"],"relics":["Burning Blood","Calipers","Odd Mushroom","Busted Crown","Nloth\u0027s Gift","Runic Pyramid","The Courier"],"potions_floor_usage":[16,33,33,39,44],"damage_taken":[{"damage":1,"enemies":"Cultist","floor":1,"turns":4},{"damage":3,"enemies":"Jaw Worm","floor":11,"turns":3},{"damage":0,"enemies":"Small Slimes","floor":12,"turns":3},{"damage":22,"enemies":"The Mushroom Lair","floor":13,"turns":5},{"damage":30,"enemies":"Slime Boss","floor":16,"turns":7},{"damage":6,"enemies":"Chosen","floor":18,"turns":3},{"damage":7,"enemies":"3 Byrds","floor":20,"turns":5},{"damage":27,"enemies":"3 Cultists","floor":21,"turns":5},{"damage":20,"enemies":"Snecko","floor":24,"turns":6},{"damage":10,"enemies":"Centurion and Healer","floor":25,"turns":4},{"damage":6,"enemies":"Cultist and Chosen","floor":27,"turns":4},{"damage":6,"enemies":"Chosen and Byrds","floor":31,"turns":3},{"damage":77,"enemies":"Automaton","floor":33,"turns":9},{"damage":31,"enemies":"3 Darklings","floor":35,"turns":5},{"damage":43,"enemies":"Orb Walker","floor":38,"turns":5},{"damage":0,"enemies":"Spire Growth","floor":39,"turns":1},{"damage":26,"enemies":"Transient","floor":42,"turns":5},{"damage":34,"enemies":"Reptomancer","floor":44,"turns":3}],"seed_played":"-8936463567445299154","potions_obtained":[{"floor":11,"key":"Strength Potion"},{"floor":12,"key":"SmokeBomb"},{"floor":20,"key":"LiquidBronze"},{"floor":25,"key":"Regen Potion"},{"floor":42,"key":"BloodPotion"}],"is_trial":false,"path_per_floor":["M","?","$","?","?","R","$","R","T","R","M","M","?","$","R","B",null,"M","?","M","M","$","R","M","M","T","M","$","?","R","M","R","B",null,"M","$","?","M","M","R","$","M","T","E"],"character_chosen":"IRONCLAD","items_purchased":["Rampage","Shrug It Off","Purity","Ghostly Armor"],"campfire_rested":4,"item_purchase_floors":[14,22,41,41],"current_hp_per_floor":[72,72,72,65,51,51,51,51,51,51,54,60,44,44,65,41,72,72,59,58,37,37,60,46,42,42,42,42,42,42,42,65,9,77,52,52,52,15,21,44,44,24,24,0],"gold":26,"neow_bonus":"REMOVE_TWO","is_prod":false,"is_daily":false,"chose_seed":false,"campfire_upgraded":4,"win_rate":0,"timestamp":1551740684,"path_taken":["M","?","$","?","?","R","?","R","T","R","M","?","?","?","R","BOSS","M","?","M","M","$","R","M","M","T","M","$","?","R","M","R","BOSS","M","$","?","M","?","R","?","?","T","E"],"build_version":"2019-01-23","purchased_purges":3,"victory":false,"max_hp_per_floor":[72,72,72,72,72,72,72,72,72,72,72,72,72,72,72,72,72,72,77,77,77,77,77,77,77,77,77,77,77,77,77,77,77,77,77,77,77,77,77,77,77,77,77,77],"card_choices":[{"not_picked":["Thunderclap","True Grit","Heavy Blade"],"picked":"SKIP","floor":1},{"not_picked":["Havoc","Thunderclap"],"picked":"Seeing Red","floor":11},{"not_picked":["Exhume","Spot Weakness","Warcry"],"picked":"SKIP","floor":12},{"not_picked":["Havoc","Flex"],"picked":"Anger","floor":13},{"not_picked":["Bludgeon","Exhume"],"picked":"Offering","floor":16},{"not_picked":["Cleave"],"picked":"SKIP","floor":18},{"not_picked":["Thunderclap+1"],"picked":"SKIP","floor":20},{"not_picked":["Seeing Red"],"picked":"SKIP","floor":21},{"not_picked":["Cleave"],"picked":"SKIP","floor":24},{"not_picked":["Cleave"],"picked":"SKIP","floor":25},{"not_picked":["Cleave"],"picked":"SKIP","floor":27},{"not_picked":["Thunderclap"],"picked":"SKIP","floor":31},{"not_picked":["Perfected Strike"],"picked":"SKIP","floor":35},{"not_picked":[],"picked":"Spot Weakness","floor":38},{"not_picked":["Anger+1"],"picked":"SKIP","floor":42}],"player_experience":520435,"relics_obtained":[{"floor":9,"key":"Red Skull"},{"floor":13,"key":"Odd Mushroom"},{"floor":43,"key":"The Courier"}],"event_choices":[{"cards_removed":["Defend_R"],"damage_healed":0,"gold_gain":0,"player_choice":"Card Removal","damage_taken":0,"max_hp_gain":0,"max_hp_loss":0,"event_name":"The Cleric","floor":2,"gold_loss":50},{"damage_healed":0,"gold_gain":0,"player_choice":"Success","damage_taken":7,"relics_obtained":["Calipers"],"max_hp_gain":0,"max_hp_loss":0,"event_name":"Scrap Ooze","floor":4,"gold_loss":0},{"damage_healed":0,"gold_gain":0,"player_choice":"Entered Light","damage_taken":14,"max_hp_gain":0,"max_hp_loss":0,"event_name":"Shining Light","floor":5,"gold_loss":0,"cards_upgraded":["Defend_R","Defend_R"]},{"damage_healed":0,"gold_gain":0,"player_choice":"Fought Mushrooms","damage_taken":0,"max_hp_gain":0,"max_hp_loss":0,"event_name":"Mushrooms","floor":13,"gold_loss":0},{"damage_healed":0,"gold_gain":0,"player_choice":"Shed Blood","damage_taken":18,"max_hp_gain":5,"max_hp_loss":0,"event_name":"Forgotten Altar","floor":19,"gold_loss":0},{"damage_healed":0,"gold_gain":0,"player_choice":"Traded Relic","damage_taken":0,"relics_obtained":["Nloth\u0027s Gift"],"max_hp_gain":0,"max_hp_loss":0,"event_name":"N\u0027loth","floor":29,"relics_lost":["Red Skull"],"gold_loss":0},{"damage_healed":0,"gold_gain":100,"player_choice":"Pray","damage_taken":0,"max_hp_gain":0,"max_hp_loss":0,"event_name":"Golden Shrine","floor":37,"gold_loss":0}],"is_beta":false,"boss_relics":[{"not_picked":["Snecko Eye","Fusion Hammer"],"picked":"Busted Crown"},{"not_picked":["Calling Bell","Mark of Pain"],"picked":"Runic Pyramid"}],"items_purged_floors":[22,28,36],"is_endless":false,"potions_floor_spawned":[11,12,20,25,42],"killed_by":"Reptomancer","ascension_level":0}