{"gold_per_floor":[118,131,146,71,71,71,81,92,92,111,44,44,44,54,54,155,155,172,172,172,184,201,201,201,201,225,225,245,257,217,237,237,341,341,358,371,391,491,491],"floor_reached":39,"playtime":1838,"items_purged":["Bash"],"score":377,"play_id":"3fb1eac0-6ec6-4213-b33a-2d452038153f","local_time":"20190219153341","is_ascension_mode":false,"campfire_choices":[{"data":"Inflame","floor":6,"key":"SMITH"},{"data":"Whirlwind","floor":12,"key":"SMITH"},{"data":"Heavy Blade","floor":15,"key":"SMITH"},{"data":"Barricade","floor":23,"key":"SMITH"},{"floor":25,"key":"REST"},{"floor":32,"key":"REST"}],"neow_cost":"NONE","seed_source_timestamp":23973800659468,"circlet_count":0,"master_deck":["Strike_R","Strike_R","Strike_R","Strike_R","Strike_R+1","Defend_R","Defend_R","Defend_R","Defend_R","Rampage+1","Inflame+1","Shrug It Off","Heavy Blade+1","Twin Strike","Cleave+1","Whirlwind+1","Barricade+1","True Grit+1","Body Slam+1","Metallicize","Battle Trance","Juggernaut","Iron Wave+1","Heavy Blade+1","Infernal Blade+1"],"relics":["Burning Blood","Shuriken","Lizard Tail","Magic Flower","Blood Vial","Orrery","StoneCalendar"],"potions_floor_usage":[8,10,16,21,22,22,29,31,37,38,38],"damage_taken":[{"damage":1,"enemies":"Cultist","floor":1,"turns":4},{"damage":0,"enemies":"Small Slimes","floor":2,"turns":3},{"damage":2,"enemies":"2 Louse","floor":3,"turns":4},{"damage":5,"enemies":"Red Slaver","floor":7,"turns":4},{"damage":12,"enemies":"Exordium Thugs","floor":8,"turns":6},{"damage":0,"enemies":"3 Louse","floor":10,"turns":5},{"damage":18,"enemies":"Large Slime","floor":14,"turns":4},{"damage":58,"enemies":"The Guardian","floor":16,"turns":10},{"damage":6,"enemies":"3 Byrds","floor":18,"turns":4},{"damage":26,"enemies":"Shell Parasite","floor":21,"turns":6},{"damage":35,"enemies":"Sentry and Sphere","floor":22,"turns":6},{"damage":15,"enemies":"Cultist and Chosen","floor":28,"turns":7},{"damage":21,"enemies":"Centurion and Healer","floor":29,"turns":5},{"damage":9,"enemies":"3 Cultists","floor":31,"turns":3},{"damage":76,"enemies":"Champ","floor":33,"turns":17},{"damage":15,"enemies":"3 Shapes","floor":35,"turns":7},{"damage":47,"enemies":"Orb Walker","floor":36,"turns":7},{"damage":60,"enemies":"Jaw Worm Horde","floor":37,"turns":5},{"damage":36,"enemies":"Mind Bloom Boss Battle","floor":38,"turns":8},{"damage":38,"enemies":"4 Shapes","floor":39,"turns":2}],"seed_played":"-1691788790386367394","potions_obtained":[{"floor":1,"key":"SpeedPotion"},{"floor":7,"key":"Block Potion"},{"floor":14,"key":"Explosive Potion"},{"floor":16,"key":"Block Potion"},{"floor":18,"key":"SneckoOil"},{"floor":19,"key":"Regen Potion"},{"floor":19,"key":"Explosive Potion"},{"floor":22,"key":"SteroidPotion"},{"floor":28,"key":"AttackPotion"},{"floor":33,"key":"FearPotion"},{"floor":36,"key":"Dexterity Potion"},{"floor":37,"key":"Strength Potion"}],"is_trial":false,"path_per_floor":["M","M","M","$","?","R","M","M","T","M","$","R","?","M","R","B",null,"M","?","$","M","M","R","T","R","T","?","M","M","?","M","R","B",null,"M","M","M","?","M"],"character_chosen":"IRONCLAD","items_purchased":["Whirlwind"],"campfire_rested":2,"item_purchase_floors":[11],"current_hp_per_floor":[80,80,80,80,80,80,80,74,74,80,80,80,80,68,68,16,80,80,80,80,60,43,43,43,67,67,67,64,55,55,58,80,13,80,74,39,56,32,0],"gold":491,"neow_bonus":"THREE_CARDS","is_prod":false,"is_daily":false,"chose_seed":false,"campfire_upgraded":4,"win_rate":0,"timestamp":1550612021,"path_taken":["M","M","M","$","?","R","M","M","T","M","$","R","?","M","R","BOSS","M","?","$","M","?","R","?","R","T","?","M","M","?","M","R","BOSS","M","M","?","?","M"],"build_version":"2019-01-23","purchased_purges":1,"victory":false,"max_hp_per_floor":[80,80,80,80,80,80,80,80,80,80,80,80,80,80,80,80,80,80,80,80,80,80,80,80,80,80,80,80,80,80,80,80,80,80,80,80,80,80,80],"card_choices":[{"not_picked":["Cleave","Heavy Blade"],"picked":"Rampage","floor":0},{"not_picked":["Burning Pact","Armaments","Heavy Blade"],"picked":"SKIP","floor":1},{"not_picked":["Sword Boomerang","Heavy Blade"],"picked":"Inflame","floor":2},{"not_picked":["Headbutt","Sever Soul"],"picked":"Shrug It Off","floor":3},{"not_picked":["True Grit","Combust"],"picked":"Heavy Blade","floor":7},{"not_picked":["Clothesline","Dark Embrace"],"picked":"Twin Strike","floor":8},{"not_picked":["Body Slam","Wild Strike"],"picked":"Cleave","floor":10},{"not_picked":["Warcry","Burning Pact","Clothesline"],"picked":"SKIP","floor":14},{"not_picked":["Immolate","Juggernaut"],"picked":"Barricade","floor":16},{"not_picked":["Perfected Strike","Pommel Strike","Armaments"],"picked":"SKIP","floor":18},{"not_picked":["Clash","Reckless Charge+1"],"picked":"True Grit+1","floor":21},{"not_picked":["Brutality","Shrug It Off"],"picked":"Body Slam+1","floor":22},{"not_picked":["Uppercut","Sword Boomerang"],"picked":"Metallicize","floor":28},{"not_picked":["Warcry","Cleave"],"picked":"Battle Trance","floor":29},{"not_picked":["Feel No Pain+1","Spot Weakness","Wild Strike"],"picked":"SKIP","floor":31},{"not_picked":["Dark Embrace","Offering"],"picked":"Juggernaut","floor":33},{"not_picked":["Seeing Red+1","Body Slam"],"picked":"Iron Wave+1","floor":34},{"not_picked":["Combust","Rage"],"picked":"Heavy Blade+1","floor":34},{"not_picked":["Headbutt","Perfected Strike+1","Combust"],"picked":"SKIP","floor":35},{"not_picked":["Anger+1","True Grit","Hemokinesis+1"],"picked":"SKIP","floor":36},{"not_picked":["Iron Wave+1","Body Slam"],"picked":"Infernal Blade+1","floor":37}],"player_experience":255680,"relics_obtained":[{"floor":9,"key":"Shuriken"},{"floor":24,"key":"Magic Flower"},{"floor":26,"key":"Blood Vial"},{"floor":38,"key":"StoneCalendar"}],"event_choices":[{"damage_healed":0,"gold_gain":0,"player_choice":"Grow","damage_taken":0,"max_hp_gain":0,"max_hp_loss":0,"event_name":"Living Wall","floor":5,"gold_loss":0,"cards_upgraded":["Rampage"]},{"damage_healed":0,"gold_gain":0,"player_choice":"Ignored","damage_taken":0,"max_hp_gain":0,"max_hp_loss":0,"event_name":"Golden Idol","floor":13,"gold_loss":0},{"damage_healed":0,"gold_gain":0,"player_choice":"Got Potions","damage_taken":0,"max_hp_gain":0,"max_hp_loss":0,"event_name":"Lab","floor":19,"gold_loss":0},{"damage_healed":0,"gold_gain":0,"player_choice":"Ignored","damage_taken":0,"max_hp_gain":0,"max_hp_loss":0,"event_name":"Ghosts","floor":27,"gold_loss":0},{"damage_healed":0,"gold_gain":0,"player_choice":"Upgraded Two","damage_taken":0,"max_hp_gain":0,"max_hp_loss":0,"event_name":"Designer","floor":30,"gold_loss":40,"cards_upgraded":["Strike_R","Cleave"]},{"damage_healed":0,"gold_gain":0,"player_choice":"Fight","damage_taken":0,"max_hp_gain":0,"max_hp_loss":0,"event_name":"MindBloom","floor":38,"gold_loss":0}],"is_beta":false,"boss_relics":[{"not_picked":["Coffee Dripper","Pandora\u0027s Box"],"picked":"Lizard Tail"},{"not_picked":["Empty Cage","Fusion Hammer"],"picked":"Orrery"}],"items_purged_floors":[4],"is_endless":false,"potions_floor_spawned":[1,7,14,16,18,22,28,33,36,37],"killed_by":"4 Shapes","ascension_level":0}