{"gold_per_floor":[115,133,133,146,165,193,205,205,273,291,291,291,309,323,323,452,452,476,459,32,32],"floor_reached":21,"playtime":1019,"items_purged":["Defend_B"],"score":185,"play_id":"7357148b-8982-4e32-a1c9-a822028adaa4","local_time":"20190211102452","is_ascension_mode":false,"campfire_choices":[{"floor":12,"key":"REST"},{"floor":15,"key":"REST"}],"neow_cost":"NONE","seed_source_timestamp":2895544971903,"circlet_count":0,"master_deck":["Strike_B","Strike_B","Defend_B","Defend_B","Defend_B","Zap","Dualcast","Loop","Redo","Zap","Doubt","Hyperbeam","Conserve Battery","Redo","Meteor Strike","Go for the Eyes","Defragment","Stack","Auto Shields","Electrodynamics","Reprogram","Streamline+1"],"relics":["Cracked Core","NeowsBlessing","Meat on the Bone","Golden Idol","Bottled Lightning","Turnip","Empty Cage","MealTicket","Omamori"],"potions_floor_usage":[10,10,16],"damage_taken":[{"damage":0,"enemies":"Jaw Worm","floor":1,"turns":1},{"damage":0,"enemies":"Cultist","floor":2,"turns":1},{"damage":0,"enemies":"Small Slimes","floor":4,"turns":1},{"damage":3,"enemies":"Gremlin Gang","floor":5,"turns":3},{"damage":37,"enemies":"Lagavulin","floor":6,"turns":6},{"damage":11,"enemies":"Exordium Thugs","floor":7,"turns":4},{"damage":7,"enemies":"Large Slime","floor":10,"turns":5},{"damage":13,"enemies":"Looter","floor":13,"turns":3},{"damage":5,"enemies":"Gremlin Gang","floor":14,"turns":2},{"damage":39,"enemies":"Hexaghost","floor":16,"turns":11},{"damage":30,"enemies":"Chosen","floor":18,"turns":5},{"damage":15,"enemies":"2 Thieves","floor":19,"turns":5},{"damage":43,"enemies":"Shelled Parasite and Fungi","floor":21,"turns":6}],"seed_played":"5287836544703318557","potions_obtained":[{"floor":2,"key":"Energy Potion"},{"floor":4,"key":"FearPotion"},{"floor":5,"key":"PowerPotion"},{"floor":13,"key":"Poison Potion"}],"is_trial":false,"path_per_floor":["M","M","?","M","M","E","M","?","T","M","?","R","M","M","R","B",null,"M","M","$","M"],"character_chosen":"DEFECT","items_purchased":["MealTicket","Omamori"],"campfire_rested":2,"item_purchase_floors":[20,20],"current_hp_per_floor":[75,75,75,75,72,35,36,18,18,23,23,45,44,39,61,34,75,45,42,42,0],"gold":32,"neow_bonus":"THREE_ENEMY_KILL","is_prod":false,"is_daily":false,"chose_seed":false,"campfire_upgraded":0,"win_rate":0.0,"timestamp":1549902292,"path_taken":["M","M","?","M","?","E","M","?","T","M","?","R","M","M","R","BOSS","M","M","$","M"],"build_version":"2019-01-23","purchased_purges":1,"victory":false,"max_hp_per_floor":[75,75,75,75,75,75,75,75,75,75,75,75,75,75,75,75,75,75,75,75,75],"card_choices":[{"not_picked":["Gash","Blizzard"],"picked":"Loop","floor":1},{"not_picked":["Consume","Skim"],"picked":"Redo","floor":2},{"not_picked":["Redo","Hologram"],"picked":"Conserve Battery","floor":4},{"not_picked":["Glacier","Turbo"],"picked":"Redo","floor":5},{"not_picked":["Barrage","Conserve Battery"],"picked":"Meteor Strike","floor":6},{"not_picked":["Turbo","Heatsinks"],"picked":"Go for the Eyes","floor":7},{"not_picked":["Ball Lightning","Steam"],"picked":"Defragment","floor":10},{"not_picked":["Barrage","Steam Power"],"picked":"Stack","floor":13},{"not_picked":["Cold Snap","Steam"],"picked":"Auto Shields","floor":14},{"not_picked":["Thunder Strike","Amplify"],"picked":"Electrodynamics","floor":16},{"not_picked":["Aggregate","Consume"],"picked":"Reprogram","floor":18},{"not_picked":["Compile Driver","Conserve Battery+1"],"picked":"Streamline+1","floor":19}],"player_experience":45965,"relics_obtained":[{"floor":6,"key":"Meat on the Bone"},{"floor":9,"key":"Bottled Lightning"}],"event_choices":[{"damage_healed":0,"gold_gain":0,"player_choice":"3 cards matched","damage_taken":0,"max_hp_gain":0,"max_hp_loss":0,"event_name":"Match and Keep!","floor":3,"gold_loss":0,"cards_obtained":["Zap","Doubt","Hyperbeam"]},{"damage_healed":0,"gold_gain":0,"player_choice":"Take Damage","damage_taken":18,"relics_obtained":["Golden Idol"],"max_hp_gain":0,"max_hp_loss":0,"event_name":"Golden Idol","floor":8,"gold_loss":0},{"damage_healed":0,"gold_gain":0,"player_choice":"Gave Potion","damage_taken":0,"relics_obtained":["Turnip"],"max_hp_gain":0,"max_hp_loss":0,"event_name":"WeMeetAgain","floor":11,"gold_loss":0}],"is_beta":false,"boss_relics":[{"not_picked":["Philosopher\u0027s Stone","Velvet Choker"],"picked":"Empty Cage"}],"items_purged_floors":[20],"is_endless":false,"potions_floor_spawned":[2,4,5,7,13],"killed_by":"Shelled Parasite and Fungi","ascension_level":0}