{"gold_per_floor":[112,112,123,140,222,248,28,53,53,53,67,67,32,50,50,155,155,166,265,78,93,18,18,18,18,18,37,52,52,72,83,83,181,181,193,193,0,0,20,20,33,81,81,95,21,21,35,135,135,135],"floor_reached":51,"playtime":4916,"items_purged":["Strike_B"],"score":657,"play_id":"04c31178-830a-469b-a1be-a6f7f4367579","local_time":"20190219182154","is_ascension_mode":false,"campfire_choices":[{"floor":10.0,"key":"REST"},{"data":"Sunder","floor":12.0,"key":"SMITH"},{"data":"Redo","floor":15.0,"key":"SMITH"},{"data":"White Noise","floor":23.0,"key":"SMITH"},{"data":"Barrage","floor":25.0,"key":"SMITH"},{"data":"Dualcast","floor":29.0,"key":"SMITH"},{"floor":32.0,"key":"REST"},{"floor":40.0,"key":"REST"},{"floor":49.0,"key":"REST"}],"neow_cost":"NONE","seed_source_timestamp":192499803221600,"circlet_count":0,"master_deck":["Strike_B","Strike_B","Strike_B","Defend_B","Defend_B","Defend_B","Defend_B","Zap+1","Dualcast+1","White Noise+1","Redo+1","Barrage+1","Loop+1","Self Repair+1","Creative AI+1","Sunder+1","Heatsinks+1","Creative AI+1","Barrage+1","Chill","Self Repair+1","Tempest+1","Stack+1","Hologram+1","Aggregate+1","Reprogram+1","Trip+1","Lockon+1","Redo+1","Skim+1","Parasite","Buffer+1","Cold Snap","Decay","Conserve Battery+1","Rebound+1"],"special_seed":0,"relics":["Cracked Core","NeowsBlessing","Frozen Egg 2","Shuriken","Vajra","Peace Pipe","Lantern","Nuclear Battery","Bag of Marbles","Toxic Egg 2","Fusion Hammer","Red Mask","Shovel","Darkstone Periapt","FossilizedHelix"],"potions_floor_usage":[50],"damage_taken":[{"damage":0.0,"enemies":"Jaw Worm","floor":1.0,"turns":1.0},{"damage":0.0,"enemies":"Cultist","floor":3.0,"turns":1.0},{"damage":0.0,"enemies":"2 Louse","floor":4.0,"turns":1.0},{"damage":41.0,"enemies":"Gremlin Nob","floor":6.0,"turns":4.0},{"damage":21.0,"enemies":"Lagavulin","floor":8.0,"turns":6.0},{"damage":24.0,"enemies":"2 Fungi Beasts","floor":11.0,"turns":4.0},{"damage":0.0,"enemies":"Large Slime","floor":14.0,"turns":4.0},{"damage":52.0,"enemies":"Hexaghost","floor":16.0,"turns":7.0},{"damage":25.0,"enemies":"2 Thieves","floor":18.0,"turns":4.0},{"damage":7.0,"enemies":"3 Byrds","floor":21.0,"turns":4.0},{"damage":28.0,"enemies":"Snake Plant","floor":27.0,"turns":3.0},{"damage":5.0,"enemies":"Centurion and Healer","floor":28.0,"turns":4.0},{"damage":41.0,"enemies":"Chosen and Byrds","floor":30.0,"turns":5.0},{"damage":0.0,"enemies":"Snake Plant","floor":31.0,"turns":2.0},{"damage":55.0,"enemies":"Collector","floor":33.0,"turns":9.0},{"damage":24.0,"enemies":"3 Shapes","floor":35.0,"turns":2.0},{"damage":8.0,"enemies":"Orb Walker","floor":39.0,"turns":3.0},{"damage":22.0,"enemies":"Sphere and 2 Shapes","floor":41.0,"turns":6.0},{"damage":25.0,"enemies":"2 Orb Walkers","floor":42.0,"turns":5.0},{"damage":34.0,"enemies":"Writhing Mass","floor":44.0,"turns":5.0},{"damage":42.0,"enemies":"Transient","floor":47.0,"turns":5.0},{"damage":28.0,"enemies":"Mind Bloom Boss Battle","floor":48.0,"turns":7.0},{"damage":39,"enemies":"Donu and Deca","floor":50,"turns":8}],"seed_played":"7310556274664283226","potions_obtained":[{"floor":3.0,"key":"Explosive Potion"},{"floor":6.0,"key":"Dexterity Potion"},{"floor":18.0,"key":"Block Potion"},{"floor":21.0,"key":"Energy Potion"},{"floor":30.0,"key":"PowerPotion"},{"floor":31.0,"key":"Fire Potion"},{"floor":35.0,"key":"SkillPotion"},{"floor":48.0,"key":"FocusPotion"}],"is_trial":false,"path_per_floor":["M","?","M","M","T","E","$","E","T","R","M","R","?","M","R","B",null,"M","?","$","M","$","R","?","R","T","M","M","R","M","M","R","B",null,"M","?","?","?","M","R","M","?","T","M","$","?","M","?","R","B",null],"character_chosen":"DEFECT","items_purchased":["Self Repair+1","Vajra","Bag of Marbles","Chill","Cold Snap","Block Potion"],"campfire_rested":4,"item_purchase_floors":[7,7,20,20,45,45],"current_hp_per_floor":[75,75,75,75,75,34,34,23,23,45,41,41,59,69,69,17,75,50,50,50,53,53,53,53,53,53,45,60,60,39,39,61,16,75,61,61,61,61,53,75,73,68,68,60,60,66,44,26,52,33],"gold":135,"neow_bonus":"THREE_ENEMY_KILL","is_prod":false,"is_daily":false,"chose_seed":false,"campfire_upgraded":5,"win_rate":0,"timestamp":1550618514,"path_taken":["M","?","M","?","?","E","$","E","T","R","?","R","?","M","R","BOSS","M","?","$","M","$","R","?","R","T","M","?","R","M","M","R","BOSS","M","?","?","?","M","R","M","?","T","M","$","?","?","?","R","BOSS"],"build_version":"2019-02-06","purchased_purges":1,"victory":true,"max_hp_per_floor":[75,75,75,75,75,75,75,75,75,75,75,75,75,75,75,75,75,75,75,75,75,75,75,75,75,75,75,75,75,75,75,75,75,75,75,75,75,75,75,75,75,75,75,81,81,87,87,87,87,87],"card_choices":[{"not_picked":["Rebound","Scrape"],"picked":"White Noise","floor":1.0},{"not_picked":["Conserve Battery","Chill"],"picked":"Redo","floor":3.0},{"not_picked":["Heatsinks","Stack"],"picked":"Barrage","floor":4.0},{"not_picked":["Steam Power","Conserve Battery"],"picked":"Loop+1","floor":6.0},{"not_picked":["Ball Lightning","Blizzard"],"picked":"Creative AI+1","floor":8.0},{"not_picked":["Turbo","Streamline"],"picked":"Sunder","floor":11.0},{"not_picked":["Steam","Hologram"],"picked":"Heatsinks+1","floor":14.0},{"not_picked":["Rainbow","Multi-Cast"],"picked":"Creative AI+1","floor":16.0},{"not_picked":["Turbo","Sweeping Beam"],"picked":"Barrage","floor":18.0},{"not_picked":["Cold Snap","Ball Lightning"],"picked":"Self Repair+1","floor":21.0},{"not_picked":["Sunder","Static Discharge+1"],"picked":"Tempest+1","floor":27.0},{"not_picked":["Doom and Gloom+1","Static Discharge+1"],"picked":"Stack+1","floor":28.0},{"not_picked":["Compile Driver","Steam+1"],"picked":"Hologram+1","floor":30.0},{"not_picked":["Undo+1","FTL+1"],"picked":"Aggregate+1","floor":31.0},{"not_picked":["Hyperbeam","Electrodynamics+1"],"picked":"All For One","floor":33.0},{"not_picked":["Gash","Hologram+1"],"picked":"Reprogram+1","floor":35.0},{"not_picked":["Magnetism+1","Impatience+1"],"picked":"Trip+1","floor":38.0},{"not_picked":["Coolheaded+1","Go for the Eyes"],"picked":"Lockon+1","floor":39.0},{"not_picked":["Hologram+1","Reinforced Body+1"],"picked":"Redo+1","floor":41.0},{"not_picked":["Turbo+1","Heatsinks+1"],"picked":"Skim+1","floor":42.0},{"not_picked":["Cold Snap+1","Rebound"],"picked":"Buffer+1","floor":44.0},{"not_picked":["Hologram+1","Tempest+1"],"picked":"Conserve Battery+1","floor":47.0},{"not_picked":["Streamline+1","Sunder"],"picked":"Rebound+1","floor":48.0}],"player_experience":640368,"relics_obtained":[{"floor":5.0,"key":"Frozen Egg 2"},{"floor":6.0,"key":"Shuriken"},{"floor":8.0,"key":"Peace Pipe"},{"floor":9.0,"key":"Lantern"},{"floor":26.0,"key":"Toxic Egg 2"},{"floor":42.0,"key":"Shovel"},{"floor":43.0,"key":"Darkstone Periapt"},{"floor":48.0,"key":"FossilizedHelix"}],"event_choices":[{"damage_healed":0.0,"max_hp_gain":0.0,"max_hp_loss":0.0,"gold_gain":0.0,"event_name":"Upgrade Shrine","player_choice":"Upgraded","floor":2.0,"gold_loss":0.0,"damage_taken":0.0,"cards_upgraded":["Zap"]},{"damage_healed":18.0,"max_hp_gain":0.0,"max_hp_loss":0.0,"gold_gain":0.0,"event_name":"The Cleric","player_choice":"Healed","floor":13.0,"gold_loss":35.0,"damage_taken":0.0},{"damage_healed":0.0,"max_hp_gain":0.0,"max_hp_loss":0.0,"gold_gain":99.0,"event_name":"Nest","player_choice":"Stole From Cult","floor":19.0,"gold_loss":0.0,"damage_taken":0.0},{"damage_healed":0.0,"max_hp_gain":0.0,"max_hp_loss":0.0,"gold_gain":0.0,"event_name":"Accursed Blacksmith","player_choice":"Forge","floor":24.0,"gold_loss":0.0,"damage_taken":0.0,"cards_upgraded":["Barrage"]},{"cards_removed":["All For One"],"damage_healed":0.0,"max_hp_gain":0.0,"max_hp_loss":0.0,"gold_gain":0.0,"event_name":"Falling","player_choice":"Removed Attack","floor":36.0,"gold_loss":0.0,"damage_taken":0.0},{"damage_healed":0.0,"max_hp_gain":0.0,"max_hp_loss":0.0,"gold_gain":0.0,"event_name":"Tomb of Lord Red Mask","player_choice":"Paid","floor":37.0,"gold_loss":193.0,"damage_taken":0.0,"relics_obtained":["Red Mask"]},{"damage_healed":0.0,"max_hp_gain":0.0,"max_hp_loss":0.0,"gold_gain":0.0,"event_name":"SensoryStone","player_choice":"Memory 1","floor":38.0,"gold_loss":0.0,"damage_taken":0.0},{"damage_healed":0.0,"max_hp_gain":0.0,"max_hp_loss":0.0,"gold_gain":0.0,"event_name":"Mysterious Sphere","player_choice":"Fight","floor":42.0,"gold_loss":0.0,"damage_taken":0.0},{"damage_healed":0.0,"max_hp_gain":0.0,"max_hp_loss":0.0,"gold_gain":0.0,"event_name":"Wheel of Change","player_choice":"Cursed","floor":46.0,"gold_loss":0.0,"damage_taken":0.0,"cards_obtained":["Decay"]},{"damage_healed":0.0,"max_hp_gain":0.0,"max_hp_loss":0.0,"gold_gain":0.0,"event_name":"MindBloom","player_choice":"Fight","floor":48.0,"gold_loss":0.0,"damage_taken":0.0}],"is_beta":true,"boss_relics":[{"not_picked":["Orrery","Busted Crown"],"picked":"Nuclear Battery"},{"not_picked":["Snecko Eye","Velvet Choker"],"picked":"Fusion Hammer"}],"items_purged_floors":[22],"is_endless":false,"potions_floor_spawned":[3,6,18,21,30,31,35,48],"ascension_level":0}