{"gold_per_floor":[116,135,150,150,150,150,186,186,186,217,236,259,259,283,283,412,412,433,0,21,21,21,21,36,36,36,63,63,83,83,83,113,215,215,229,229,241,36,55,55,68,68,95,121,121,138,138,150,150,150],"floor_reached":50,"playtime":2482,"items_purged":["Strike_B+1"],"score":502,"play_id":"e6e273ca-ae16-4827-a353-a9c0fb7ebd53","local_time":"20190304204958","is_ascension_mode":false,"campfire_choices":[{"data":"Zap","floor":6,"key":"SMITH"},{"floor":8,"key":"DIG"},{"floor":13,"key":"REST"},{"floor":15,"key":"REST"},{"floor":23,"key":"RECALL"},{"floor":25,"key":"DIG"},{"floor":28,"key":"DIG"},{"floor":30,"key":"REST"},{"floor":32,"key":"DIG"},{"floor":40,"key":"DIG"},{"floor":42,"key":"REST"},{"floor":45,"key":"REST"},{"floor":49,"key":"REST"}],"neow_cost":"NONE","seed_source_timestamp":38001861448128,"circlet_count":0,"master_deck":["Strike_B+1","Strike_B+1","Defend_B+1","Defend_B+1","Defend_B+1","Defend_B+1","Zap+1","Dualcast","Sweeping Beam+1","Barrage","Undo","Buffer","Melter+1","Stack","Conserve Battery+1","Seek+1","Coolheaded+1","The Bomb","Doom and Gloom+1","Ball Lightning","Electrodynamics","Redo+1","Force Field+1","Reinforced Body+1","Conserve Battery+1","Hologram+1","Ball Lightning","Lockon+1","Writhe","Tempest+1","Ball Lightning+1"],"relics":["Cracked Core","DataDisk","Bloody Idol","GremlinMask","Shovel","Kunai","Juzu Bracelet","Nuclear Battery","Matryoshka","Whetstone","Orichalcum","Potion Belt","Smiling Mask","PreservedInsect","Tiny Chest","Empty Cage","Strawberry","Dream Catcher","War Paint","Art of War","Ornamental Fan"],"potions_floor_usage":[7,12,24,27,27,27,33,35,39,44,50],"damage_taken":[{"damage":0,"enemies":"Small Slimes","floor":1,"turns":3},{"damage":1,"enemies":"Cultist","floor":2,"turns":3},{"damage":6,"enemies":"Jaw Worm","floor":3,"turns":2},{"damage":23,"enemies":"Lagavulin","floor":7,"turns":6},{"damage":35,"enemies":"3 Sentries","floor":10,"turns":6},{"damage":0,"enemies":"Exordium Wildlife","floor":11,"turns":4},{"damage":0,"enemies":"Large Slime","floor":12,"turns":4},{"damage":0,"enemies":"Blue Slaver","floor":14,"turns":4},{"damage":29,"enemies":"Slime Boss","floor":16,"turns":11},{"damage":9,"enemies":"Chosen","floor":18,"turns":7},{"damage":0,"enemies":"Spheric Guardian","floor":20,"turns":1},{"damage":0,"enemies":"Centurion and Healer","floor":24,"turns":7},{"damage":19,"enemies":"Slavers","floor":27,"turns":4},{"damage":0,"enemies":"Cultist and Chosen","floor":29,"turns":6},{"damage":67,"enemies":"Collector","floor":33,"turns":10},{"damage":6,"enemies":"3 Shapes","floor":35,"turns":1},{"damage":3,"enemies":"Orb Walker","floor":37,"turns":4},{"damage":8,"enemies":"Sphere and 2 Shapes","floor":39,"turns":3},{"damage":39,"enemies":"Maw","floor":41,"turns":11},{"damage":55,"enemies":"Giant Head","floor":44,"turns":9},{"damage":22,"enemies":"Jaw Worm Horde","floor":46,"turns":3},{"damage":28,"enemies":"Spire Growth","floor":48,"turns":4},{"damage":66,"enemies":"Awakened One","floor":50,"turns":11}],"seed_played":"2842308762774372316","potions_obtained":[{"floor":1,"key":"AttackPotion"},{"floor":11,"key":"AttackPotion"},{"floor":12,"key":"SpeedPotion"},{"floor":14,"key":"Regen Potion"},{"floor":16,"key":"FearPotion"},{"floor":20,"key":"Fire Potion"},{"floor":24,"key":"Strength Potion"},{"floor":29,"key":"EssenceOfSteel"},{"floor":33,"key":"Explosive Potion"},{"floor":35,"key":"Poison Potion"},{"floor":37,"key":"Strength Potion"},{"floor":48,"key":"Explosive Potion"}],"is_trial":false,"path_per_floor":["M","M","M","?","?","R","E","R","T","E","M","M","R","M","R","B",null,"M","$","M","?","?","R","M","R","T","E","R","M","R","?","R","B",null,"M","?","M","$","M","R","M","R","T","E","R","M","?","M","R","B"],"character_chosen":"DEFECT","items_purchased":["Matryoshka","The Bomb","Strawberry"],"campfire_rested":6,"item_purchase_floors":[19,19,38],"current_hp_per_floor":[75,74,68,68,68,68,45,45,45,10,10,10,32,32,54,25,75,66,66,66,66,66,66,75,75,75,61,61,66,75,75,75,13,75,74,74,75,82,79,79,45,69,74,24,48,31,52,29,53,0],"gold":150,"neow_bonus":"RANDOM_COMMON_RELIC","is_prod":false,"is_daily":false,"chose_seed":false,"campfire_upgraded":1,"win_rate":0,"timestamp":1551754198,"path_taken":["M","M","M","?","?","R","E","R","T","E","M","M","R","M","R","BOSS","M","$","M","?","?","R","M","R","T","E","R","M","R","?","R","BOSS","M","?","M","$","M","R","M","R","T","E","R","M","?","M","R","BOSS"],"build_version":"2019-01-23","purchased_purges":1,"victory":false,"max_hp_per_floor":[75,75,75,75,75,75,75,75,75,75,75,75,75,75,75,75,75,75,75,75,75,75,75,75,75,75,75,75,75,75,75,75,75,75,75,75,75,82,82,82,82,82,82,82,82,82,82,82,82,82],"card_choices":[{"not_picked":["BootSequence","Steam Power"],"picked":"Sweeping Beam","floor":1},{"not_picked":["Capacitor","Hello World"],"picked":"Barrage","floor":2},{"not_picked":["Recycle","Force Field"],"picked":"Undo","floor":3},{"not_picked":["Cold Snap","Scrape"],"picked":"Buffer","floor":7},{"not_picked":["Redo","Echo Form"],"picked":"Melter","floor":10},{"not_picked":["FTL","Compile Driver"],"picked":"Stack","floor":11},{"not_picked":["Stack","Compile Driver"],"picked":"Conserve Battery","floor":12},{"not_picked":["Turbo","Beam Cell","Steam"],"picked":"SKIP","floor":14},{"not_picked":["Multi-Cast","Hyperbeam"],"picked":"Seek","floor":16},{"not_picked":["Gash+1","Genetic Algorithm"],"picked":"Coolheaded+1","floor":18},{"not_picked":["Steam Power","Conserve Battery"],"picked":"Doom and Gloom+1","floor":20},{"not_picked":["Force Field","Doom and Gloom","Beam Cell+1"],"picked":"SKIP","floor":24},{"not_picked":["Rebound","Genetic Algorithm","Gash"],"picked":"SKIP","floor":27},{"not_picked":["Chaos","Streamline"],"picked":"Ball Lightning","floor":29},{"not_picked":["Meteor Strike","Biased Cognition"],"picked":"Electrodynamics","floor":33},{"not_picked":["Barrage","Conserve Battery"],"picked":"Redo+1","floor":35},{"not_picked":["Sweeping Beam","Beam Cell"],"picked":"Force Field+1","floor":37},{"not_picked":["Beam Cell+1","BootSequence"],"picked":"Reinforced Body+1","floor":39},{"not_picked":["Barrage","Reboot","Stack"],"picked":"SKIP","floor":41},{"not_picked":["Gash","Doom and Gloom"],"picked":"Conserve Battery+1","floor":42},{"not_picked":["Turbo","Capacitor"],"picked":"Hologram+1","floor":44},{"not_picked":["Rebound+1","Aggregate"],"picked":"Ball Lightning","floor":45},{"not_picked":["Beam Cell+1","Steam"],"picked":"Lockon+1","floor":46},{"not_picked":["Force Field","Ball Lightning"],"picked":"Tempest+1","floor":48},{"not_picked":["Multi-Cast","Sweeping Beam+1"],"picked":"Ball Lightning+1","floor":49}],"player_experience":531931,"relics_obtained":[{"floor":7,"key":"Shovel"},{"floor":8,"key":"Kunai"},{"floor":10,"key":"Juzu Bracelet"},{"floor":25,"key":"Whetstone"},{"floor":26,"key":"Orichalcum"},{"floor":26,"key":"Potion Belt"},{"floor":27,"key":"Smiling Mask"},{"floor":28,"key":"PreservedInsect"},{"floor":32,"key":"Tiny Chest"},{"floor":40,"key":"Dream Catcher"},{"floor":43,"key":"War Paint"},{"floor":43,"key":"Art of War"},{"floor":44,"key":"Ornamental Fan"}],"event_choices":[{"damage_healed":0,"gold_gain":0,"player_choice":"Take Wound","damage_taken":0,"relics_obtained":["Golden Idol"],"max_hp_gain":0,"max_hp_loss":0,"event_name":"Golden Idol","floor":4,"gold_loss":0,"cards_obtained":["Injury"]},{"damage_healed":0,"gold_gain":0,"player_choice":"Trade","damage_taken":0,"relics_obtained":["GremlinMask"],"max_hp_gain":0,"max_hp_loss":0,"event_name":"FaceTrader","floor":5,"gold_loss":0},{"damage_healed":0,"gold_gain":0,"player_choice":"Simplicity","damage_taken":0,"max_hp_gain":0,"max_hp_loss":0,"event_name":"Back to Basics","floor":21,"gold_loss":0,"cards_upgraded":["Strike_B","Strike_B","Strike_B","Strike_B","Defend_B","Defend_B","Defend_B","Defend_B"]},{"damage_healed":0,"gold_gain":0,"player_choice":"Gave Idol","damage_taken":0,"relics_obtained":["Bloody Idol"],"max_hp_gain":0,"max_hp_loss":0,"event_name":"Forgotten Altar","floor":22,"relics_lost":["Golden Idol"],"gold_loss":0},{"damage_healed":0,"gold_gain":0,"player_choice":"Ignored","damage_taken":0,"max_hp_gain":0,"max_hp_loss":0,"event_name":"Mysterious Sphere","floor":36,"gold_loss":0},{"damage_healed":21,"gold_gain":0,"player_choice":"Writhe","damage_taken":0,"max_hp_gain":0,"max_hp_loss":0,"event_name":"Winding Halls","floor":47,"gold_loss":0,"cards_obtained":["Writhe"]}],"is_beta":false,"boss_relics":[{"not_picked":["Snecko Eye","Cursed Key"],"picked":"Nuclear Battery"},{"not_picked":["Coffee Dripper","FrozenCore"],"picked":"Empty Cage"}],"items_purged_floors":[38],"is_endless":false,"potions_floor_spawned":[1,11,12,14,16,20,24,29,33,35,37,48],"killed_by":"Awakened One","ascension_level":0}