{"gold_per_floor":[115,115,126,101,115,147,157,170,216,229,229,229,179,179,179,283,333,352,352,28,45,55,55,55,67,138,199,218,281,281],"floor_reached":30,"playtime":1771,"items_purged":[],"score":236,"play_id":"399378e7-bceb-4e7a-93fa-039e2d3e6555","local_time":"20190213145307","is_ascension_mode":false,"campfire_choices":[{"floor":12,"key":"RECALL"},{"floor":15,"key":"REST"},{"floor":24,"key":"REST"}],"neow_cost":"NONE","seed_source_timestamp":5954977832991,"circlet_count":0,"master_deck":["Strike_B","Strike_B+1","Strike_B+1","Defend_B","Defend_B","Defend_B+1","Defend_B","Zap","Dualcast","Cold Snap+1","Doom and Gloom","Coolheaded","Streamline","Conserve Battery","Sunder+1","Stack","Sweeping Beam","Core Surge","Leap","Hologram","RitualDagger","Capacitor","Streamline+1","Defragment+1","Coolheaded+1","Redo","Conserve Battery+1"],"relics":["Black Star","Shuriken","Bag of Preparation","Whetstone","Tiny House","Mummified Hand","SsserpentHead","Cables"],"potions_floor_usage":[22,29,29,30,30],"damage_taken":[{"damage":0,"enemies":"Small Slimes","floor":1,"turns":3},{"damage":0,"enemies":"2 Louse","floor":3,"turns":3},{"damage":2,"enemies":"Jaw Worm","floor":5,"turns":5},{"damage":19,"enemies":"Lagavulin","floor":6,"turns":5},{"damage":0,"enemies":"Exordium Thugs","floor":7,"turns":7},{"damage":0,"enemies":"3 Louse","floor":8,"turns":3},{"damage":0,"enemies":"Red Slaver","floor":10,"turns":3},{"damage":19,"enemies":"The Guardian","floor":16,"turns":16},{"damage":10,"enemies":"Chosen","floor":18,"turns":7},{"damage":7,"enemies":"Shell Parasite","floor":21,"turns":8},{"damage":14,"enemies":"Cultist and Chosen","floor":22,"turns":10},{"damage":8,"enemies":"Snake Plant","floor":25,"turns":5},{"damage":0,"enemies":"3 Cultists","floor":27,"turns":6},{"damage":14,"enemies":"Centurion and Healer","floor":28,"turns":3},{"damage":18,"enemies":"Snake Plant","floor":29,"turns":5},{"damage":34,"enemies":"Slavers","floor":30,"turns":3}],"seed_played":"-5267239349936024415","potions_obtained":[{"floor":6,"key":"Ancient Potion"},{"floor":10,"key":"EssenceOfSteel"},{"floor":16,"key":"LiquidBronze"},{"floor":17,"key":"SpeedPotion"},{"floor":18,"key":"Dexterity Potion"},{"floor":22,"key":"LiquidBronze"},{"floor":29,"key":"Ancient Potion"}],"is_trial":false,"path_per_floor":["M","?","M","$","M","E","M","M","T","M","?","R","?","T","R","B",null,"M","?","$","M","M","?","R","M","T","M","M","M","E"],"character_chosen":"DEFECT","items_purchased":["Coolheaded","Capacitor","Mummified Hand"],"campfire_rested":2,"item_purchase_floors":[4,20,20],"current_hp_per_floor":[75,60,60,60,58,39,39,39,39,39,39,39,39,39,61,42,80,70,64,64,57,43,43,67,59,59,59,45,27,0],"gold":281,"neow_bonus":"BOSS_RELIC","is_prod":false,"is_daily":false,"chose_seed":false,"campfire_upgraded":0,"win_rate":0,"timestamp":1550091187,"path_taken":["M","?","M","$","M","E","M","M","T","M","?","R","?","?","R","BOSS","M","?","?","M","?","?","R","M","T","?","M","?","E"],"build_version":"2019-01-23","purchased_purges":0,"victory":false,"max_hp_per_floor":[75,75,75,75,75,75,75,75,75,75,75,75,75,75,75,75,80,80,80,80,80,80,80,80,80,80,80,80,80,80],"card_choices":[{"not_picked":["Rebound","Beam Cell"],"picked":"Cold Snap","floor":1},{"not_picked":["Self Repair","Beam Cell"],"picked":"Doom and Gloom","floor":3},{"not_picked":["Aggregate","Go for the Eyes"],"picked":"Streamline","floor":5},{"not_picked":["Steam Power","Defragment"],"picked":"Conserve Battery","floor":6},{"not_picked":["Barrage","Rip and Tear"],"picked":"Sunder","floor":7},{"not_picked":["Gash","FTL"],"picked":"Stack","floor":8},{"not_picked":["Conserve Battery","Ball Lightning"],"picked":"Sweeping Beam","floor":10},{"not_picked":["Fission","Reboot"],"picked":"Core Surge","floor":16},{"not_picked":["Undo","Conserve Battery"],"picked":"Leap","floor":17},{"not_picked":["Cold Snap","Sweeping Beam"],"picked":"Hologram","floor":18},{"not_picked":["Hologram","Sweeping Beam"],"picked":"Streamline+1","floor":21},{"not_picked":["Loop","Lockon"],"picked":"Defragment+1","floor":22},{"not_picked":["Static Discharge","Seek"],"picked":"Coolheaded+1","floor":25},{"not_picked":["Streamline","Fusion"],"picked":"Redo","floor":27},{"not_picked":["Static Discharge+1","Streamline"],"picked":"Conserve Battery+1","floor":28},{"not_picked":["Turbo","Go for the Eyes","Sweeping Beam"],"picked":"SKIP","floor":29}],"player_experience":101182,"relics_obtained":[{"floor":6,"key":"Shuriken"},{"floor":6,"key":"Bag of Preparation"},{"floor":14,"key":"Whetstone"},{"floor":26,"key":"Cables"}],"event_choices":[{"damage_healed":0,"gold_gain":0,"player_choice":"Entered Light","damage_taken":15,"max_hp_gain":0,"max_hp_loss":0,"event_name":"Shining Light","floor":2,"gold_loss":0,"cards_upgraded":["Strike_B","Defend_B"]},{"damage_healed":0,"gold_gain":0,"player_choice":"Ignored","damage_taken":0,"max_hp_gain":0,"max_hp_loss":0,"event_name":"Liars Game","floor":11,"gold_loss":0},{"cards_removed":["Strike_B"],"damage_healed":0,"gold_gain":0,"player_choice":"Card Removal","damage_taken":0,"max_hp_gain":0,"max_hp_loss":0,"event_name":"The Cleric","floor":13,"gold_loss":50},{"damage_healed":0,"gold_gain":0,"player_choice":"Joined the Cult","damage_taken":6,"max_hp_gain":0,"max_hp_loss":0,"event_name":"Nest","floor":19,"gold_loss":0,"cards_obtained":["RitualDagger"]},{"damage_healed":0,"gold_gain":0,"player_choice":"Trade","damage_taken":0,"relics_obtained":["SsserpentHead"],"max_hp_gain":0,"max_hp_loss":0,"event_name":"FaceTrader","floor":23,"gold_loss":0}],"is_beta":false,"boss_relics":[{"not_picked":["Philosopher\u0027s Stone","Busted Crown"],"picked":"Tiny House"}],"items_purged_floors":[],"is_endless":false,"potions_floor_spawned":[6,10,16,18,22,27,28,29],"killed_by":"Slavers","ascension_level":0}