{"gold_per_floor":[112,112,126,51,67,67,99,99,156,156,167,181,212,212,212,212],"floor_reached":16,"playtime":694,"items_purged":["Strike_G"],"score":110,"play_id":"898f0174-3986-4480-9948-c9b3812515c2","local_time":"20190215194811","is_ascension_mode":false,"campfire_choices":[{"data":"Footwork","floor":6,"key":"SMITH"},{"data":"Neutralize","floor":8,"key":"SMITH"},{"data":"Survivor","floor":10,"key":"SMITH"},{"data":"Terror","floor":15,"key":"SMITH"}],"neow_cost":"NONE","seed_source_timestamp":27661803621098,"circlet_count":0,"master_deck":["Defend_G","Defend_G","Defend_G","Defend_G","Defend_G","Strike_G","Strike_G","Strike_G","Strike_G","Survivor+1","Neutralize+1","Masterful Stab+1","Cloak And Dagger","Footwork+1","Quick Slash","Terror+1"],"relics":["Eternal Feather","Orichalcum","Tiny Chest","Bottled Flame","Du-Vu Doll"],"potions_floor_usage":[13,16,16],"damage_taken":[{"damage":0,"enemies":"2 Louse","floor":1,"turns":3},{"damage":0,"enemies":"Jaw Worm","floor":3,"turns":3},{"damage":0,"enemies":"Cultist","floor":5,"turns":4},{"damage":5,"enemies":"Lagavulin","floor":7,"turns":11},{"damage":2,"enemies":"2 Fungi Beasts","floor":11,"turns":4},{"damage":0,"enemies":"Large Slime","floor":12,"turns":7},{"damage":2,"enemies":"3 Sentries","floor":13,"turns":8},{"damage":87,"enemies":"Hexaghost","floor":16,"turns":17}],"seed_played":"-1854506763682589773","potions_obtained":[{"floor":1,"key":"SmokeBomb"},{"floor":7,"key":"Ancient Potion"},{"floor":12,"key":"Weak Potion"},{"floor":13,"key":"Regen Potion"}],"is_trial":false,"path_per_floor":["M","?","M","$","M","R","E","R","T","R","M","M","E","?","R","B"],"character_chosen":"THE_SILENT","items_purchased":[],"campfire_rested":0,"item_purchase_floors":[],"current_hp_per_floor":[70,70,70,70,70,70,65,70,70,70,68,68,66,66,70,0],"gold":212,"neow_bonus":"BOSS_RELIC","is_prod":false,"is_daily":false,"chose_seed":false,"campfire_upgraded":4,"win_rate":0,"timestamp":1550281691,"path_taken":["M","?","M","$","M","R","E","R","T","R","M","M","E","?","R","BOSS"],"build_version":"2019-01-23","purchased_purges":1,"victory":false,"max_hp_per_floor":[70,70,70,70,70,70,70,70,70,70,70,70,70,70,70,70],"card_choices":[{"not_picked":["Well Laid Plans","Prepared"],"picked":"Masterful Stab","floor":1},{"not_picked":["Flying Knee","Noxious Fumes"],"picked":"Cloak And Dagger","floor":3},{"not_picked":["Quick Slash","Prepared"],"picked":"Footwork","floor":5},{"not_picked":["Caltrops","Well Laid Plans","Underhanded Strike"],"picked":"SKIP","floor":7},{"not_picked":["Acrobatics","Outmaneuver"],"picked":"Quick Slash","floor":11},{"not_picked":["Blade Dance","Dash","Expertise"],"picked":"SKIP","floor":12},{"not_picked":["Slice","Catalyst"],"picked":"Terror","floor":13}],"player_experience":153374,"relics_obtained":[{"floor":7,"key":"Orichalcum"},{"floor":9,"key":"Tiny Chest"},{"floor":13,"key":"Bottled Flame"},{"floor":14,"key":"Du-Vu Doll"}],"event_choices":[{"damage_healed":0,"gold_gain":0,"player_choice":"Grow","damage_taken":0,"max_hp_gain":0,"max_hp_loss":0,"event_name":"Living Wall","floor":2,"gold_loss":0,"cards_upgraded":["Masterful Stab"]},{"damage_healed":0,"gold_gain":0,"player_choice":"Relic","damage_taken":0,"max_hp_gain":0,"max_hp_loss":0,"event_name":"Wheel of Change","floor":14,"gold_loss":0}],"is_beta":false,"boss_relics":[],"items_purged_floors":[4],"is_endless":false,"potions_floor_spawned":[1,7,12,13],"killed_by":"Hexaghost","ascension_level":0}