{"path_per_floor":["M","M","M","?","M","E","R","M","T","E","?","$","M","M","R","B",null,"M","$","M","M","M","R","T","R","T","E","R","M","R","M","R"],"character_chosen":"DEFECT","items_purchased":["Mummified Hand","Static Discharge","Heatsinks"],"gold_per_floor":[109,128,141,141,159,228,228,242,288,321,359,3,26,45,45,164,164,188,112,125,138,156,156,156,156,156,190,190,210,210,225,225,225],"floor_reached":33,"campfire_rested":3,"playtime":1228,"item_purchase_floors":[12,12,19],"current_hp_per_floor":[75,68,67,67,64,50,50,50,50,42,42,42,41,41,41,32,85,73,73,66,31,19,44,44,44,44,17,42,35,35,35,60,0],"items_purged":["Injury"],"gold":225,"score":309,"play_id":"4d5b43d4-8923-4a4e-b3e0-6d7e44fd3108","local_time":"20180622181213","is_prod":false,"is_daily":false,"chose_seed":false,"is_ascension_mode":true,"campfire_upgraded":4,"win_rate":0,"timestamp":1529683933,"campfire_choices":[{"data":"Streamline","floor":7,"key":"SMITH"},{"data":"Sunder","floor":15,"key":"SMITH"},{"floor":23,"key":"REST"},{"data":"Sunder","floor":25,"key":"SMITH"},{"floor":28,"key":"REST"},{"data":"Storm","floor":30,"key":"SMITH"},{"floor":32,"key":"REST"}],"path_taken":["M","M","M","?","?","E","R","M","T","E","?","$","M","M","R","BOSS","M","$","M","M","M","R","?","R","T","E","R","M","R","M","R","BOSS"],"build_version":"2018-06-21","seed_source_timestamp":51950028004094,"purchased_purges":1,"circlet_count":0,"victory":false,"master_deck":["Strike_B","Strike_B","Strike_B","Defend_B","Defend_B","Defend_B","Defend_B","Zap","Dualcast","Melter","BootSequence","FTL","Streamline+1","Leap","Rip and Tear","Static Discharge","Sunder+1","Auto Shields","Sunder+1","Heatsinks","Storm+1","Self Repair"],"max_hp_per_floor":[75,75,75,75,75,75,75,75,75,85,85,85,85,85,85,85,85,85,85,85,85,85,85,85,85,85,85,85,85,85,85,85,85],"relics":["Cracked Core","Golden Idol","Tiny Chest","DataDisk","Pear","Odd Mushroom","Mummified Hand","Orrery","Omamori","Happy Flower"],"card_choices":[{"not_picked":["Leap","Rebound"],"picked":"BootSequence","floor":1},{"not_picked":["Skim","Stack"],"picked":"FTL","floor":2},{"not_picked":["Leap","Aggregate"],"picked":"Streamline","floor":3},{"not_picked":["Melter","Barrage"],"picked":"Leap","floor":5},{"not_picked":["Streamline","Melter"],"picked":"Rip and Tear","floor":6},{"not_picked":["Barrage","Gash","Redo"],"picked":"SKIP","floor":8},{"not_picked":["Cold Snap","Hello World","Conserve Battery"],"picked":"SKIP","floor":10},{"not_picked":["Melter","Leap"],"picked":"Sunder","floor":13},{"not_picked":["Turbo","Rainbow","Streamline"],"picked":"SKIP","floor":14},{"not_picked":["Rebound","Sweeping Beam"],"picked":"Auto Shields","floor":17},{"not_picked":["Consume","Conserve Battery"],"picked":"Sunder","floor":17},{"not_picked":["Hologram","Doom and Gloom","Multi-Cast"],"picked":"SKIP","floor":18},{"not_picked":["Rebound","Melter","Stack+1"],"picked":"SKIP","floor":20},{"not_picked":["Coolheaded","Conserve Battery","Genetic Algorithm"],"picked":"SKIP","floor":21},{"not_picked":["Leap","Lockon","All For One"],"picked":"SKIP","floor":22},{"not_picked":["Cold Snap+1","Coolheaded+1","Steam+1"],"picked":"SKIP","floor":27},{"not_picked":["Steam","Hologram+1"],"picked":"Storm","floor":29},{"not_picked":["Stack","Recycle"],"picked":"Self Repair","floor":31}],"player_experience":404735,"potions_floor_usage":[6,16,16,20,20,20,21,22,33,33],"damage_taken":[{"damage":0,"enemies":"Small Slimes","floor":1,"turns":2},{"damage":7,"enemies":"2 Louse","floor":2,"turns":2},{"damage":1,"enemies":"Cultist","floor":3,"turns":3},{"damage":3,"enemies":"Blue Slaver","floor":5,"turns":3},{"damage":14,"enemies":"Gremlin Nob","floor":6,"turns":3},{"damage":0,"enemies":"Looter","floor":8,"turns":2},{"damage":18,"enemies":"3 Sentries","floor":10,"turns":6},{"damage":0,"floor":11,"turns":3},{"damage":1,"enemies":"Exordium Wildlife","floor":13,"turns":3},{"damage":0,"enemies":"2 Fungi Beasts","floor":14,"turns":2},{"damage":9,"enemies":"Slime Boss","floor":16,"turns":7},{"damage":12,"enemies":"3 Byrds","floor":18,"turns":2},{"damage":7,"enemies":"2 Thieves","floor":20,"turns":3},{"damage":35,"enemies":"Snake Plant","floor":21,"turns":4},{"damage":12,"enemies":"Centurion and Healer","floor":22,"turns":6},{"damage":27,"enemies":"Book of Stabbing","floor":27,"turns":4},{"damage":7,"enemies":"3 Cultists","floor":29,"turns":4},{"damage":0,"enemies":"Sentry and Sphere","floor":31,"turns":3},{"damage":84,"enemies":"Collector","floor":33,"turns":7}],"relics_obtained":[{"floor":6,"key":"Tiny Chest"},{"floor":9,"key":"DataDisk"},{"floor":10,"key":"Pear"},{"floor":11,"key":"Odd Mushroom"},{"floor":24,"key":"Omamori"},{"floor":27,"key":"Happy Flower"}],"event_choices":[{"event_name":"Golden Idol","player_choice":"Take Wound","floor":4,"damage_taken":0},{"event_name":"Mushrooms","player_choice":"Fought Mushrooms","floor":11,"damage_taken":0}],"boss_relics":[{"not_picked":["Sozu","Ectoplasm"],"picked":"Orrery"}],"items_purged_floors":[12],"is_endless":false,"potions_floor_spawned":[1,2,6,8,14,18,27,29],"seed_played":"-2771701160931113124","killed_by":"Collector","ascension_level":2,"potions_obtained":[{"floor":1,"key":"Poison Potion"},{"floor":2,"key":"Dexterity Potion"},{"floor":6,"key":"SkillPotion"},{"floor":8,"key":"Energy Potion"},{"floor":18,"key":"EntropicBrew"},{"floor":27,"key":"SteroidPotion"},{"floor":29,"key":"LiquidBronze"}],"is_trial":false}