{"path_per_floor":["M","M","?","M","M","E","T","?","T","$","M","R","E","M","R"],"character_chosen":"DEFECT","items_purchased":["Force Field"],"gold_per_floor":[110,125,125,144,156,183,183,183,183,74,92,92,126,150,150,150],"floor_reached":16,"campfire_rested":0,"playtime":826,"item_purchase_floors":[10],"current_hp_per_floor":[73,72,54,54,41,11,11,11,11,11,11,11,19,19,19,0],"items_purged":["Injury"],"gold":150,"score":112,"play_id":"04cbe6ef-2d1a-461d-bb60-cb2a1f5b5a10","local_time":"20180602023710","is_prod":false,"is_daily":false,"chose_seed":false,"is_ascension_mode":false,"campfire_upgraded":2,"win_rate":0.0,"timestamp":1527899830,"campfire_choices":[{"data":"Electrodynamics","floor":12,"key":"SMITH"},{"data":"Force Field","floor":15,"key":"SMITH"}],"path_taken":["M","M","?","?","M","E","?","?","T","?","M","R","E","M","R","BOSS"],"build_version":"2018-05-31","seed_source_timestamp":6344221794058,"purchased_purges":1,"victory":false,"master_deck":["Strike_B","Strike_B","Strike_B","Strike_B","Defend_B","Defend_B","Defend_B","Defend_B","Zap","Dualcast","Glacier","Static Discharge","Electrodynamics+1","Static Discharge","Force Field+1","Heatsinks","Self Repair","Consume"],"max_hp_per_floor":[75,75,75,75,75,75,75,75,75,75,75,75,75,75,75,75],"relics":["Cracked Core","Oddly Smooth Stone","Shuriken","Bag of Marbles","Golden Idol","Darkstone Periapt","Bottled Tornado"],"card_choices":[{"not_picked":["Hologram","Steam"],"picked":"Glacier","floor":1},{"not_picked":["Compile Driver","Conserve Battery","Hologram"],"picked":"SKIP","floor":2},{"not_picked":["Streamline","Redo"],"picked":"Static Discharge","floor":4},{"not_picked":["Sweeping Beam","Steam"],"picked":"Electrodynamics","floor":5},{"not_picked":["Melter","Tempest"],"picked":"Static Discharge","floor":6},{"not_picked":["Chill","Barrage"],"picked":"Heatsinks","floor":11},{"not_picked":["All For One","Reprogram"],"picked":"Self Repair","floor":13},{"not_picked":["Gash","Stack"],"picked":"Consume","floor":14}],"player_experience":291417,"potions_floor_usage":[13,13,16],"damage_taken":[{"damage":2,"enemies":"Small Slimes","floor":1,"turns":4},{"damage":1,"enemies":"Jaw Worm","floor":2,"turns":4},{"damage":0,"enemies":"Cultist","floor":4,"turns":4},{"damage":13,"enemies":"Exordium Thugs","floor":5,"turns":8},{"damage":30,"enemies":"Gremlin Nob","floor":6,"turns":4},{"damage":0,"enemies":"Looter","floor":11,"turns":4},{"damage":4,"enemies":"Lagavulin","floor":13,"turns":7},{"damage":7,"enemies":"Blue Slaver","floor":14,"turns":4},{"damage":23,"enemies":"Hexaghost","floor":16,"turns":11}],"relics_obtained":[{"floor":6,"key":"Shuriken"},{"floor":7,"key":"Bag of Marbles"},{"floor":9,"key":"Darkstone Periapt"},{"floor":13,"key":"Bottled Tornado"}],"event_choices":[{"event_name":"Scrap Ooze","player_choice":"success","floor":3,"damage_taken":18},{"event_name":"Golden Idol","player_choice":"Take Wound","floor":8,"damage_taken":0}],"boss_relics":[],"items_purged_floors":[10],"potions_floor_spawned":[2,4,11,13],"seed_played":"6327758557257355900","killed_by":"Hexaghost","ascension_level":0,"potions_obtained":[{"floor":2,"key":"Regen Potion"},{"floor":4,"key":"Strength Potion"},{"floor":11,"key":"FocusPotion"},{"floor":13,"key":"GamblersBrew"}],"is_trial":false}