{"gold_per_floor":[109,109,119,139,139,139,167,167,167,180,200,200,214,241,241,346,346,366,77,77,26,36,36,36],"floor_reached":24,"playtime":995,"items_purged":[],"score":196,"play_id":"23669307-4d20-41c8-b679-c0d132a6439d","local_time":"20190212130735","is_ascension_mode":false,"campfire_choices":[{"data":"Capacitor","floor":6,"key":"SMITH"},{"floor":8,"key":"REST"},{"floor":12,"key":"REST"},{"floor":15,"key":"REST"},{"floor":23,"key":"REST"}],"neow_cost":"NONE","seed_source_timestamp":5696340520073,"circlet_count":0,"master_deck":["Strike_B","Strike_B","Strike_B","Defend_B","Defend_B","Defend_B","Defend_B","Zap","Dualcast","Multi-Cast","Capacitor+1","Static Discharge","Redo","Decay","Lockon","Compile Driver","Thunder Strike","Stack","All For One","Leap","Enlightenment","Redo","Ball Lightning"],"relics":["Cracked Core","Peace Pipe","Cables","Juzu Bracelet","Inserter","Toy Ornithopter"],"potions_floor_usage":[16,16,22],"damage_taken":[{"damage":0,"enemies":"Small Slimes","floor":1,"turns":2},{"damage":0,"enemies":"Cultist","floor":3,"turns":4},{"damage":8,"enemies":"2 Louse","floor":4,"turns":3},{"damage":48,"enemies":"Lagavulin","floor":7,"turns":7},{"damage":6,"enemies":"2 Fungi Beasts","floor":10,"turns":3},{"damage":2,"enemies":"Large Slime","floor":11,"turns":4},{"damage":5,"enemies":"Looter","floor":13,"turns":3},{"damage":60,"enemies":"The Guardian","floor":16,"turns":9},{"damage":37,"enemies":"2 Thieves","floor":18,"turns":4},{"damage":33,"enemies":"3 Byrds","floor":22,"turns":5},{"damage":33,"enemies":"Book of Stabbing","floor":24,"turns":4}],"seed_played":"-978224995204436826","potions_obtained":[{"floor":1,"key":"Swift Potion"},{"floor":3,"key":"Swift Potion"},{"floor":11,"key":"FearPotion"}],"is_trial":false,"path_per_floor":["M","?","M","M","?","R","E","R","T","M","M","R","M","T","R","B",null,"M","$","?","$","M","R","E"],"character_chosen":"DEFECT","items_purchased":["Enlightenment","Toy Ornithopter","Redo"],"campfire_rested":4,"item_purchase_floors":[19,19,21],"current_hp_per_floor":[75,68,68,60,60,60,12,34,34,28,26,48,43,43,65,5,75,38,38,38,38,10,32,0],"gold":36,"neow_bonus":"ONE_RANDOM_RARE_CARD","is_prod":false,"is_daily":false,"chose_seed":false,"campfire_upgraded":1,"win_rate":0.0,"timestamp":1549998455,"path_taken":["M","?","M","M","?","R","E","R","T","M","?","R","M","?","R","BOSS","M","?","?","$","M","R","E"],"build_version":"2019-01-23","purchased_purges":0,"victory":false,"max_hp_per_floor":[75,75,75,75,75,75,75,75,75,75,75,75,75,75,75,75,75,75,75,75,75,75,75,75],"card_choices":[{"not_picked":["Rip and Tear","Streamline"],"picked":"Capacitor","floor":1},{"not_picked":["Chill","Conserve Battery"],"picked":"Static Discharge","floor":3},{"not_picked":["Stack","Loop"],"picked":"Redo","floor":4},{"not_picked":["BootSequence","Streamline"],"picked":"Lockon","floor":7},{"not_picked":["Double Energy","Cold Snap"],"picked":"Compile Driver","floor":10},{"not_picked":["Auto Shields","Blizzard"],"picked":"Thunder Strike","floor":11},{"not_picked":["Cold Snap","BootSequence"],"picked":"Stack","floor":13},{"not_picked":["Biased Cognition","Creative AI"],"picked":"All For One","floor":16},{"not_picked":["Undo","Steam Power"],"picked":"Leap","floor":18},{"not_picked":["Chaos","Hello World"],"picked":"Ball Lightning","floor":22}],"player_experience":75752,"relics_obtained":[{"floor":7,"key":"Peace Pipe"},{"floor":9,"key":"Cables"},{"floor":14,"key":"Juzu Bracelet"}],"event_choices":[{"cards_removed":["Strike_B"],"damage_healed":0,"gold_gain":0,"player_choice":"Card Removal","damage_taken":7,"max_hp_gain":0,"max_hp_loss":0,"event_name":"Golden Wing","floor":2,"gold_loss":0},{"damage_healed":0,"gold_gain":0,"player_choice":"Cursed","damage_taken":0,"max_hp_gain":0,"max_hp_loss":0,"event_name":"Wheel of Change","floor":5,"gold_loss":0,"cards_obtained":["Decay"]},{"damage_healed":0,"gold_gain":0,"player_choice":"Ignored","damage_taken":0,"max_hp_gain":0,"max_hp_loss":0,"event_name":"Vampires","floor":20,"gold_loss":0}],"is_beta":false,"boss_relics":[{"not_picked":["Lizard Tail","Black Star"],"picked":"Inserter"}],"items_purged_floors":[],"is_endless":false,"potions_floor_spawned":[1,3,11],"killed_by":"Book of Stabbing","ascension_level":0}