{"gold_per_floor":[20,20,33,33,33,33,33,33,109,40,65,24,53,53,53,152,152,167,167,179,197,5,5,5,23,23,23,33,33,43,43,43,140,140,154,168,168,178,178,178,188,188,188,205,52,152,152,169,169,169],"floor_reached":51,"playtime":2089,"items_purged":[],"score":1023,"play_id":"a5de8fb4-cf3e-473e-b3cb-02ea48a526df","local_time":"20190130203239","is_ascension_mode":true,"campfire_choices":[{"data":"Bash","floor":6.0,"key":"SMITH"},{"data":"Demon Form","floor":8.0,"key":"SMITH"},{"data":"Heavy Blade","floor":15.0,"key":"SMITH"},{"data":"Limit Break","floor":23.0,"key":"SMITH"},{"data":"Bloodletting","floor":27.0,"key":"SMITH"},{"floor":29.0,"key":"REST"},{"data":"Heavy Blade","floor":32.0,"key":"SMITH"},{"floor":40.0,"key":"RECALL"},{"floor":42.0,"key":"REST"},{"floor":49.0,"key":"REST"}],"neow_cost":"NO_GOLD","seed_source_timestamp":424527943880500,"circlet_count":0,"master_deck":["AscendersBane","Strike_R","Strike_R","Strike_R","Strike_R","Defend_R","Defend_R","Bash+1","Demon Form+1","Heavy Blade+1","Anger","Hemokinesis","Bloodletting+1","Heavy Blade+1","Limit Break+1","Rage+1","Headbutt+1","Disarm+1","Offering","Disarm+1","Rage","Panache","Warcry+1","Bloodletting","Parasite"],"special_seed":0,"relics":["Burning Blood","Nunchaku","Ornamental Fan","Matryoshka","Boot","Runic Cube","Lee\u0027s Waffle","Happy Flower","Lantern","Fusion Hammer","Centennial Puzzle","Dodecahedron","Incense Burner"],"potions_floor_usage":[],"damage_taken":[{"damage":11.0,"enemies":"Jaw Worm","floor":1.0,"turns":5.0},{"damage":9.0,"enemies":"Cultist","floor":3.0,"turns":5.0},{"damage":26.0,"enemies":"3 Sentries","floor":11.0,"turns":5.0},{"damage":14.0,"enemies":"Lagavulin","floor":13.0,"turns":5.0},{"damage":42.0,"enemies":"Hexaghost","floor":16.0,"turns":8.0},{"damage":34.0,"enemies":"3 Byrds","floor":18.0,"turns":4.0},{"damage":15.0,"enemies":"Chosen","floor":20.0,"turns":4.0},{"damage":0.0,"enemies":"Centurion and Healer","floor":21.0,"turns":4.0},{"damage":16.0,"enemies":"3 Cultists","floor":25.0,"turns":5.0},{"damage":24.0,"enemies":"Chosen and Byrds","floor":28.0,"turns":4.0},{"damage":20.0,"enemies":"Snecko","floor":30.0,"turns":4.0},{"damage":32.0,"enemies":"Champ","floor":33.0,"turns":6.0},{"damage":55.0,"enemies":"3 Darklings","floor":35.0,"turns":5.0},{"damage":49.0,"enemies":"3 Shapes","floor":36.0,"turns":9.0},{"damage":6.0,"enemies":"Maw","floor":38.0,"turns":6.0},{"damage":59.0,"enemies":"3 Darklings","floor":41.0,"turns":4.0},{"damage":37.0,"enemies":"Spire Growth","floor":44.0,"turns":4.0},{"damage":18.0,"enemies":"Mind Bloom Boss Battle","floor":46.0,"turns":7.0},{"damage":18.0,"enemies":"Writhing Mass","floor":48.0,"turns":3.0},{"damage":69,"enemies":"Donu and Deca","floor":50,"turns":7}],"seed_played":"-7461298991873385444","potions_obtained":[{"floor":2.0,"key":"Fruit Juice"},{"floor":2.0,"key":"GamblersBrew"},{"floor":2.0,"key":"FairyPotion"},{"floor":11.0,"key":"Dexterity Potion"},{"floor":13.0,"key":"BloodPotion"},{"floor":20.0,"key":"FearPotion"},{"floor":21.0,"key":"Block Potion"},{"floor":25.0,"key":"Explosive Potion"},{"floor":30.0,"key":"Swift Potion"},{"floor":35.0,"key":"Dexterity Potion"},{"floor":36.0,"key":"Swift Potion"},{"floor":46.0,"key":"Weak Potion"}],"is_trial":false,"path_per_floor":["M","?","M","?","?","R","?","R","T","$","E","$","E","$","R","B",null,"M","?","M","M","$","R","$","M","T","R","M","R","M","$","R","B",null,"M","M","?","M","?","R","M","R","T","M","$","?","?","M","R","B",null],"character_chosen":"IRONCLAD","items_purchased":["Heavy Blade","Anger","Bloodletting","Lee\u0027s Waffle","Regen Potion","Regen Potion"],"campfire_rested":3,"item_purchase_floors":[10,10,12,22,45,45],"current_hp_per_floor":[67,72,69,69,62,62,67,67,67,67,47,47,39,39,39,12,71,43,43,34,40,97,97,97,87,87,87,69,97,83,83,83,57,87,38,15,85,85,85,85,32,57,57,26,26,59,59,47,72,9],"gold":169,"neow_bonus":"ONE_RARE_RELIC","is_prod":false,"is_daily":false,"chose_seed":false,"campfire_upgraded":6,"win_rate":0,"timestamp":1548898359,"path_taken":["M","?","?","?","?","R","?","R","T","$","E","$","E","?","R","BOSS","M","?","M","M","$","R","$","?","T","R","M","R","M","?","R","BOSS","M","M","?","M","?","R","M","R","T","M","?","?","?","M","R","BOSS"],"build_version":"2019-01-23","purchased_purges":0,"victory":true,"max_hp_per_floor":[80,85,85,85,85,85,90,90,90,90,90,90,90,90,90,90,90,90,90,90,90,97,97,97,97,97,97,97,97,97,97,97,97,97,97,97,85,85,85,85,85,85,85,85,85,85,85,85,85,85],"card_choices":[{"not_picked":["Headbutt","Sword Boomerang","Warcry"],"picked":"SKIP","floor":1.0},{"not_picked":["Armaments","Perfected Strike"],"picked":"Demon Form","floor":3.0},{"not_picked":["Perfected Strike","Dark Embrace"],"picked":"Hemokinesis","floor":11.0},{"not_picked":["Clash","Clothesline"],"picked":"Heavy Blade","floor":13.0},{"not_picked":["Dark Embrace","Juggernaut"],"picked":"Limit Break","floor":16.0},{"not_picked":["Pommel Strike","Rampage"],"picked":"Rage+1","floor":18.0},{"not_picked":["Armaments","Perfected Strike+1"],"picked":"Headbutt+1","floor":20.0},{"not_picked":["Body Slam","True Grit","Flex"],"picked":"SKIP","floor":21.0},{"not_picked":["Pommel Strike+1","Heavy Blade"],"picked":"Disarm+1","floor":25.0},{"not_picked":["Body Slam","True Grit","Dark Embrace"],"picked":"SKIP","floor":28.0},{"not_picked":["Second Wind","Iron Wave","Clash+1"],"picked":"SKIP","floor":30.0},{"not_picked":["Bludgeon","Limit Break"],"picked":"Offering","floor":33.0},{"not_picked":["Anger","Evolve+1"],"picked":"Disarm+1","floor":35.0},{"not_picked":["Pommel Strike","Body Slam"],"picked":"Rage","floor":36.0},{"not_picked":["Dual Wield+1","Combust","Evolve+1"],"picked":"SKIP","floor":38.0},{"not_picked":["Good Instincts","Blind"],"picked":"Panache","floor":39.0},{"not_picked":["Thunderclap+1","Spot Weakness","Corruption+1"],"picked":"SKIP","floor":41.0},{"not_picked":["Flex","Perfected Strike"],"picked":"Warcry+1","floor":44.0},{"not_picked":["Sword Boomerang+1","Warcry"],"picked":"Bloodletting","floor":46.0},{"not_picked":["Armaments","Headbutt+1","Combust+1"],"picked":"SKIP","floor":48.0}],"player_experience":554553,"relics_obtained":[{"floor":9.0,"key":"Ornamental Fan"},{"floor":11.0,"key":"Matryoshka"},{"floor":13.0,"key":"Boot"},{"floor":26.0,"key":"Happy Flower"},{"floor":26.0,"key":"Lantern"},{"floor":43.0,"key":"Centennial Puzzle"},{"floor":43.0,"key":"Dodecahedron"},{"floor":46.0,"key":"Incense Burner"}],"event_choices":[{"damage_healed":0.0,"max_hp_gain":0.0,"max_hp_loss":0.0,"gold_gain":0.0,"event_name":"Lab","player_choice":"Got Potions","floor":2.0,"gold_loss":0.0,"damage_taken":0.0},{"damage_healed":0.0,"max_hp_gain":0.0,"max_hp_loss":0.0,"gold_gain":0.0,"event_name":"Liars Game","player_choice":"Ignored","floor":4.0,"gold_loss":0.0,"damage_taken":0.0},{"cards_removed":["Defend_R"],"damage_healed":0.0,"max_hp_gain":0.0,"max_hp_loss":0.0,"gold_gain":0.0,"event_name":"Golden Wing","player_choice":"Card Removal","floor":5.0,"gold_loss":0.0,"damage_taken":7.0},{"damage_healed":0.0,"max_hp_gain":5.0,"max_hp_loss":0.0,"gold_gain":0.0,"event_name":"Big Fish","player_choice":"Donut","floor":7.0,"gold_loss":0.0,"damage_taken":0.0},{"cards_removed":["Defend_R"],"damage_healed":0.0,"max_hp_gain":0.0,"max_hp_loss":0.0,"gold_gain":0.0,"event_name":"Purifier","player_choice":"Purged","floor":19.0,"gold_loss":0.0,"damage_taken":0.0},{"damage_healed":85.0,"max_hp_gain":0.0,"max_hp_loss":12.0,"gold_gain":0.0,"event_name":"The Moai Head","player_choice":"Heal","floor":37.0,"gold_loss":0.0,"damage_taken":0.0},{"damage_healed":0.0,"max_hp_gain":0.0,"max_hp_loss":0.0,"gold_gain":0.0,"event_name":"SensoryStone","player_choice":"Memory 1","floor":39.0,"gold_loss":0.0,"damage_taken":0.0},{"damage_healed":0.0,"max_hp_gain":0.0,"max_hp_loss":0.0,"gold_gain":0.0,"event_name":"MindBloom","player_choice":"Fight","floor":46.0,"gold_loss":0.0,"damage_taken":0.0},{"cards_removed":["Strike_R"],"damage_healed":0.0,"max_hp_gain":0.0,"max_hp_loss":0.0,"gold_gain":0.0,"event_name":"Purifier","player_choice":"Purged","floor":47.0,"gold_loss":0.0,"damage_taken":0.0}],"is_beta":true,"boss_relics":[{"not_picked":["Eternal Feather","Coffee Dripper"],"picked":"Runic Cube"},{"not_picked":["Empty Cage","Calling Bell"],"picked":"Fusion Hammer"}],"items_purged_floors":[],"is_endless":false,"potions_floor_spawned":[11,13,20,21,25,28,30,35,36,46],"ascension_level":11}