{"gold_per_floor":[110,123,123,123,133,133,133,153,228,228,136,136,155,155,155,251,251,262,278,289,306,151,151,0,0,0,0,11,11,11,42,42,142,142,157,0,12,29,46,46,57,69,69,69,69,69,69,89,89,89],"floor_reached":50,"playtime":2182,"items_purged":["Strike_G"],"score":479,"play_id":"23b420e9-cdba-4425-89e0-1bba87c8c0a2","local_time":"20190219103443","is_ascension_mode":false,"campfire_choices":[{"data":"Terror","floor":6,"key":"SMITH"},{"floor":10,"key":"REST"},{"data":"Discovery","floor":12,"key":"SMITH"},{"data":"Cloak And Dagger","floor":15,"key":"SMITH"},{"floor":23,"key":"REST"},{"data":"After Image","floor":25,"key":"SMITH"},{"data":"Cloak And Dagger","floor":27,"key":"SMITH"},{"data":"Calculated Gamble","floor":30,"key":"SMITH"},{"data":"Footwork","floor":32,"key":"SMITH"},{"data":"Infinite Blades","floor":40,"key":"SMITH"},{"floor":45,"key":"REST"},{"data":"Finisher","floor":49,"key":"SMITH"}],"neow_cost":"NONE","seed_source_timestamp":5692844077034,"circlet_count":0,"master_deck":["Defend_G+1","Defend_G+1","Defend_G+1","Defend_G+1","Defend_G+1","Strike_G+1","Strike_G+1","Survivor","Neutralize","Cloak And Dagger+1","Calculated Gamble+1","Terror+1","Deadly Poison","Discovery+1","Cloak And Dagger+1","After Image+1","Cloak And Dagger+1","Blade Dance+1","Finisher+1","Calculated Gamble+1","Footwork+1","Die Die Die","Infinite Blades+1"],"relics":["Ring of the Snake","NeowsBlessing","Pantograph","Runic Pyramid","Unceasing Top","Happy Flower","WristBlade","Red Mask","Bottled Tornado"],"potions_floor_usage":[16,16,21,31,31,33,33,33,41,42,50,50],"damage_taken":[{"damage":0,"enemies":"2 Louse","floor":1,"turns":1},{"damage":0,"enemies":"Small Slimes","floor":2,"turns":1},{"damage":0,"enemies":"Jaw Worm","floor":5,"turns":1},{"damage":4,"enemies":"3 Louse","floor":8,"turns":4},{"damage":0,"enemies":"Large Slime","floor":13,"turns":5},{"damage":1,"enemies":"Slime Boss","floor":16,"turns":6},{"damage":12,"enemies":"2 Thieves","floor":18,"turns":3},{"damage":1,"enemies":"Shell Parasite","floor":19,"turns":5},{"damage":5,"enemies":"Snecko","floor":20,"turns":6},{"damage":0,"enemies":"Snake Plant","floor":21,"turns":5},{"damage":0,"enemies":"Chosen and Byrds","floor":28,"turns":6},{"damage":0,"enemies":"Gremlin Leader","floor":31,"turns":3},{"damage":46,"enemies":"Collector","floor":33,"turns":8},{"damage":0,"enemies":"Orb Walker","floor":35,"turns":3},{"damage":1,"enemies":"3 Darklings","floor":37,"turns":5},{"damage":0,"enemies":"Sphere and 2 Shapes","floor":38,"turns":6},{"damage":9,"enemies":"Spire Growth","floor":39,"turns":5},{"damage":0,"enemies":"Jaw Worm Horde","floor":41,"turns":3},{"damage":0,"enemies":"Writhing Mass","floor":42,"turns":6},{"damage":5,"enemies":"4 Shapes","floor":48,"turns":6},{"damage":87,"enemies":"Time Eater","floor":50,"turns":11}],"seed_played":"5351945552423388942","potions_obtained":[{"floor":1,"key":"SteroidPotion"},{"floor":8,"key":"SkillPotion"},{"floor":16,"key":"Energy Potion"},{"floor":18,"key":"Block Potion"},{"floor":20,"key":"EntropicBrew"},{"floor":28,"key":"Strength Potion"},{"floor":38,"key":"PowerPotion"},{"floor":39,"key":"SkillPotion"},{"floor":41,"key":"LiquidBronze"}],"is_trial":false,"path_per_floor":["M","M","?","?","M","R","?","M","T","R","$","R","M","?","R","B",null,"M","M","M","M","$","R","?","R","T","R","M","?","R","E","R","B",null,"M","?","M","M","M","R","M","M","T","?","R","$","?","M","R","B"],"character_chosen":"THE_SILENT","items_purchased":["Discovery","Finisher"],"campfire_rested":3,"item_purchase_floors":[11,22],"current_hp_per_floor":[70,70,70,70,70,70,56,52,52,70,70,70,70,63,63,69,70,58,57,52,52,52,70,70,70,70,70,70,70,70,70,70,24,70,70,70,69,69,60,60,60,60,60,60,70,70,70,65,65,0],"gold":89,"neow_bonus":"THREE_ENEMY_KILL","is_prod":false,"is_daily":false,"chose_seed":false,"campfire_upgraded":9,"win_rate":0,"timestamp":1550594083,"path_taken":["M","M","?","?","M","R","?","M","T","R","$","R","?","?","R","BOSS","M","M","M","M","$","R","?","R","T","R","M","?","R","E","R","BOSS","M","?","M","M","M","R","M","M","T","?","R","$","?","M","R","BOSS"],"build_version":"2019-01-23","purchased_purges":1,"victory":false,"max_hp_per_floor":[70,70,70,70,70,70,70,70,70,70,70,70,70,70,70,70,70,70,70,70,70,70,70,70,70,70,70,70,70,70,70,70,70,70,70,70,70,70,70,70,70,70,70,70,70,70,70,70,70,70],"card_choices":[{"not_picked":["Finisher","Blade Dance"],"picked":"Cloak And Dagger","floor":1},{"not_picked":["Outmaneuver","Poisoned Stab"],"picked":"Calculated Gamble","floor":2},{"not_picked":["Bane","Cloak And Dagger"],"picked":"Terror","floor":5},{"not_picked":["Caltrops","Outmaneuver"],"picked":"Deadly Poison","floor":8},{"not_picked":["Glass Knife","Underhanded Strike"],"picked":"Cloak And Dagger","floor":13},{"not_picked":["Bullet Time","Burst"],"picked":"After Image","floor":16},{"not_picked":["Flying Knee","Setup+1","Calculated Gamble"],"picked":"SKIP","floor":18},{"not_picked":["Dagger Throw","Predator"],"picked":"Cloak And Dagger","floor":19},{"not_picked":["Dagger Throw","Endless Agony"],"picked":"Blade Dance+1","floor":20},{"not_picked":["Flechettes+1","Dodge and Roll","Backflip+1"],"picked":"SKIP","floor":21},{"not_picked":["Expertise","Backflip"],"picked":"Calculated Gamble+1","floor":28},{"not_picked":["Caltrops+1","Glass Knife"],"picked":"Footwork","floor":31},{"not_picked":["Night Terror","Glass Knife"],"picked":"Die Die Die","floor":33},{"not_picked":["Outmaneuver","Sucker Punch","Bane+1"],"picked":"SKIP","floor":35},{"not_picked":["Riddle With Holes+1","Quick Slash"],"picked":"Infinite Blades","floor":37},{"not_picked":["Die Die Die","Reflex+1","Dodge and Roll+1"],"picked":"SKIP","floor":38},{"not_picked":["Dodge and Roll","Poisoned Stab","Quick Slash+1"],"picked":"SKIP","floor":39},{"not_picked":["Prepared+1","Underhanded Strike","Bullet Time"],"picked":"SKIP","floor":41},{"not_picked":["Reflex+1","Dagger Throw+1","Well Laid Plans"],"picked":"SKIP","floor":42},{"not_picked":["Leg Sweep+1","Outmaneuver+1","Eviscerate"],"picked":"SKIP","floor":48}],"player_experience":237983,"relics_obtained":[{"floor":9,"key":"Pantograph"},{"floor":26,"key":"Unceasing Top"},{"floor":31,"key":"Happy Flower"},{"floor":43,"key":"Bottled Tornado"}],"event_choices":[{"damage_healed":0,"gold_gain":0,"player_choice":"Grow","damage_taken":0,"max_hp_gain":0,"max_hp_loss":0,"event_name":"Living Wall","floor":3,"gold_loss":0,"cards_upgraded":["Cloak And Dagger"]},{"damage_healed":0,"gold_gain":0,"player_choice":"Ignored","damage_taken":0,"max_hp_gain":0,"max_hp_loss":0,"event_name":"Liars Game","floor":4,"gold_loss":0},{"damage_healed":0,"gold_gain":0,"player_choice":"Entered Light","damage_taken":14,"max_hp_gain":0,"max_hp_loss":0,"event_name":"Shining Light","floor":7,"gold_loss":0,"cards_upgraded":["Strike_G","Defend_G"]},{"cards_removed":["Strike_G"],"damage_healed":0,"gold_gain":0,"player_choice":"Card Removal","damage_taken":7,"max_hp_gain":0,"max_hp_loss":0,"event_name":"Golden Wing","floor":14,"gold_loss":0},{"damage_healed":0,"gold_gain":0,"player_choice":"Paid Fearfully","damage_taken":0,"max_hp_gain":0,"max_hp_loss":0,"event_name":"Masked Bandits","floor":24,"gold_loss":151},{"damage_healed":0,"gold_gain":0,"player_choice":"Simplicity","damage_taken":0,"max_hp_gain":0,"max_hp_loss":0,"event_name":"Back to Basics","floor":29,"gold_loss":0,"cards_upgraded":["Defend_G","Defend_G","Defend_G","Defend_G","Strike_G","Strike_G"]},{"damage_healed":0,"gold_gain":0,"player_choice":"Paid","damage_taken":0,"relics_obtained":["Red Mask"],"max_hp_gain":0,"max_hp_loss":0,"event_name":"Tomb of Lord Red Mask","floor":36,"gold_loss":157},{"cards_removed":["Strike_G"],"damage_healed":0,"gold_gain":0,"player_choice":"Removed Attack","damage_taken":0,"max_hp_gain":0,"max_hp_loss":0,"event_name":"Falling","floor":44,"gold_loss":0},{"damage_healed":0,"gold_gain":0,"player_choice":"Memory 1","damage_taken":0,"max_hp_gain":0,"max_hp_loss":0,"event_name":"SensoryStone","floor":47,"gold_loss":0}],"is_beta":false,"boss_relics":[{"not_picked":["Astrolabe","Ectoplasm"],"picked":"Runic Pyramid"},{"not_picked":["Snecko Eye","Ring of the Serpent"],"picked":"WristBlade"}],"items_purged_floors":[22],"is_endless":false,"potions_floor_spawned":[1,8,16,18,20,28,38,39,41],"killed_by":"Time Eater","ascension_level":0}