{"gold_per_floor":[110,35,47,47,47,81,81,106,106,106,126,146,156,171,171,272,272,286,211,200,200,218,218,235,235,235,235,248,248],"floor_reached":29,"playtime":1237,"items_purged":["Strike_R"],"score":296,"play_id":"4784d815-1350-4823-bc09-83b6a2d0371a","local_time":"20180806140455","is_ascension_mode":true,"campfire_choices":[{"data":"Body Slam","floor":7,"key":"SMITH"},{"data":"Cleave","floor":10,"key":"SMITH"},{"data":"Rampage","floor":15,"key":"SMITH"},{"data":"True Grit","floor":23,"key":"SMITH"},{"floor":25,"key":"REST"},{"data":"Body Slam","floor":27,"key":"SMITH"}],"neow_cost":"NONE","seed_source_timestamp":0,"circlet_count":0,"master_deck":["Strike_R","Strike_R","Strike_R","Defend_R","Defend_R","Defend_R","Defend_R","Bash","Juggernaut","Body Slam+1","Metallicize","Cleave+1","Shrug It Off","Headbutt","Shrug It Off","Rampage+1","Barricade","Battle Trance","Metallicize","True Grit+1","Pommel Strike+1","Body Slam+1","Evolve"],"special_seed":0,"relics":["Burning Blood","Shuriken","Ancient Tea Set","Darkstone Periapt","Orrery","Kunai"],"potions_floor_usage":[16,24,24],"damage_taken":[{"damage":6,"enemies":"Jaw Worm","floor":1,"turns":6},{"damage":1,"enemies":"Cultist","floor":3,"turns":4},{"damage":23,"enemies":"Lagavulin","floor":6,"turns":8},{"damage":26,"enemies":"Gremlin Nob","floor":8,"turns":4},{"damage":0,"enemies":"Small Slimes","floor":11,"turns":3},{"damage":3,"enemies":"Looter","floor":12,"turns":4},{"damage":22,"enemies":"Large Slime","floor":13,"turns":5},{"damage":0,"enemies":"Blue Slaver","floor":14,"turns":3},{"damage":1,"enemies":"Hexaghost","floor":16,"turns":9},{"damage":13,"enemies":"Shell Parasite","floor":18,"turns":8},{"damage":28,"enemies":"2 Thieves","floor":20,"turns":4},{"damage":29,"enemies":"Snecko","floor":22,"turns":6},{"damage":32,"enemies":"3 Cultists","floor":24,"turns":6},{"damage":29,"enemies":"Sentry and Sphere","floor":28,"turns":6},{"damage":15,"enemies":"Snecko","floor":29,"turns":5}],"seed_played":"-2058176771215494091","potions_obtained":[{"floor":4,"key":"FairyPotion"},{"floor":4,"key":"Strength Potion"},{"floor":4,"key":"Dexterity Potion"},{"floor":8,"key":"Explosive Potion"},{"floor":16,"key":"Energy Potion"},{"floor":24,"key":"BloodPotion"}],"is_trial":false,"path_per_floor":["M","$","M","?","?","E","R","E","T","R","M","M","M","M","R","B",null,"M","$","M","?","M","R","M","R","T","R","M"],"character_chosen":"IRONCLAD","items_purchased":["Metallicize"],"campfire_rested":1,"item_purchase_floors":[2],"current_hp_per_floor":[80,80,80,80,73,56,56,36,36,36,42,45,29,35,35,40,70,63,63,41,41,18,18,14,38,38,38,15,0],"gold":248,"neow_bonus":"ONE_RANDOM_RARE_CARD","is_prod":false,"is_daily":false,"chose_seed":false,"campfire_upgraded":5,"win_rate":0,"timestamp":1533557095,"path_taken":["M","$","M","?","?","E","R","E","T","R","M","M","M","M","R","BOSS","M","$","M","?","M","R","M","R","T","R","M","M"],"build_version":"2018-08-02","purchased_purges":1,"victory":false,"max_hp_per_floor":[80,80,80,80,80,80,80,80,80,80,80,80,80,80,80,80,80,80,80,80,80,80,80,80,80,80,80,80,80],"card_choices":[{"not_picked":["Pommel Strike","Warcry"],"picked":"Body Slam","floor":1},{"not_picked":["Carnage","Second Wind","Dual Wield"],"picked":"SKIP","floor":3},{"not_picked":["Double Tap","Body Slam","Sword Boomerang"],"picked":"SKIP","floor":6},{"not_picked":["Perfected Strike","Headbutt"],"picked":"Cleave","floor":8},{"not_picked":["Dropkick","Blood for Blood"],"picked":"Shrug It Off","floor":11},{"not_picked":["Metallicize","Searing Blow"],"picked":"Headbutt","floor":12},{"not_picked":["Perfected Strike","Body Slam"],"picked":"Shrug It Off","floor":13},{"not_picked":["Infernal Blade","Twin Strike"],"picked":"Rampage","floor":14},{"not_picked":["Limit Break","Dark Embrace"],"picked":"Barricade","floor":16},{"not_picked":["Sword Boomerang","Flex"],"picked":"Battle Trance","floor":17},{"not_picked":["Armaments","Searing Blow"],"picked":"Metallicize","floor":17},{"not_picked":["Havoc","Heavy Blade"],"picked":"True Grit","floor":18},{"not_picked":["Rupture","Searing Blow","Perfected Strike"],"picked":"SKIP","floor":20},{"not_picked":["Reckless Charge","Blood for Blood"],"picked":"Pommel Strike+1","floor":22},{"not_picked":["Wild Strike+1","Armaments"],"picked":"Body Slam","floor":24},{"not_picked":["Dark Embrace","Cleave"],"picked":"Evolve","floor":28}],"player_experience":506267,"relics_obtained":[{"floor":6,"key":"Shuriken"},{"floor":8,"key":"Ancient Tea Set"},{"floor":9,"key":"Darkstone Periapt"},{"floor":26,"key":"Kunai"}],"event_choices":[{"event_name":"The Lab","player_choice":"Got Potions","floor":4,"damage_taken":0},{"event_name":"Golden Wing","player_choice":"Card Removal","floor":5,"damage_taken":0},{"event_name":"Vampires","player_choice":"Ignored","floor":21,"damage_taken":0}],"is_beta":false,"boss_relics":[{"not_picked":["Tiny House","Calling Bell"],"picked":"Orrery"}],"items_purged_floors":[19],"is_endless":false,"potions_floor_spawned":[8,11,13,16,22,24],"killed_by":"Snecko","ascension_level":5}