{"gold_per_floor":[116,116,135,36,60,60,104,104,174,174],"floor_reached":10,"playtime":352,"items_purged":[],"score":76,"play_id":"28649c77-d151-47c0-8652-f790379c8751","local_time":"20190224170746","is_ascension_mode":true,"campfire_choices":[],"neow_cost":"NONE","seed_source_timestamp":32536853362237,"circlet_count":0,"master_deck":["Strike_B","Strike_B","Strike_B","Defend_B+1","Defend_B","Defend_B+1","Defend_B","Zap","Dualcast","Rebound","Redo","Coolheaded","Go for the Eyes","Rebound","Ball Lightning"],"relics":["Cracked Core","NeowsBlessing","Golden Idol","War Paint","Frozen Egg 2"],"potions_floor_usage":[],"damage_taken":[{"damage":0,"enemies":"Jaw Worm","floor":1,"turns":1},{"damage":0,"enemies":"Small Slimes","floor":3,"turns":1},{"damage":0,"enemies":"Cultist","floor":5,"turns":1},{"damage":44,"enemies":"3 Sentries","floor":7,"turns":10},{"damage":7,"enemies":"Lagavulin","floor":10,"turns":3}],"seed_played":"-2220264454626923735","potions_obtained":[],"is_trial":false,"path_per_floor":["M","?","M","$","M","?","E","?","T","E"],"character_chosen":"DEFECT","items_purchased":["Coolheaded","Go for the Eyes"],"campfire_rested":0,"item_purchase_floors":[4,4],"current_hp_per_floor":[75,57,57,57,57,50,6,6,6,0],"gold":174,"neow_bonus":"THREE_ENEMY_KILL","is_prod":false,"is_daily":false,"chose_seed":false,"campfire_upgraded":0,"win_rate":0,"timestamp":1551049666,"path_taken":["M","?","M","$","M","?","E","?","T","E"],"build_version":"2019-01-23","purchased_purges":0,"victory":false,"max_hp_per_floor":[75,75,75,75,75,75,75,75,75,75],"card_choices":[{"not_picked":["Beam Cell","Turbo"],"picked":"Rebound","floor":1},{"not_picked":["Turbo","Force Field"],"picked":"Redo","floor":3},{"not_picked":["Amplify","Beam Cell"],"picked":"Rebound","floor":5},{"not_picked":["Redo","Reinforced Body"],"picked":"Ball Lightning","floor":7}],"player_experience":356201,"relics_obtained":[{"floor":7,"key":"War Paint"},{"floor":9,"key":"Frozen Egg 2"}],"event_choices":[{"damage_healed":0,"gold_gain":0,"player_choice":"Take Damage","damage_taken":18,"relics_obtained":["Golden Idol"],"max_hp_gain":0,"max_hp_loss":0,"event_name":"Golden Idol","floor":2,"gold_loss":0},{"cards_removed":["Strike_B"],"damage_healed":0,"gold_gain":0,"player_choice":"Card Removal","damage_taken":7,"max_hp_gain":0,"max_hp_loss":0,"event_name":"Golden Wing","floor":6,"gold_loss":0},{"damage_healed":0,"gold_gain":0,"player_choice":"Leave","damage_taken":0,"max_hp_gain":0,"max_hp_loss":0,"event_name":"FaceTrader","floor":8,"gold_loss":0}],"is_beta":false,"boss_relics":[],"items_purged_floors":[],"is_endless":false,"potions_floor_spawned":[],"killed_by":"Lagavulin","ascension_level":3}