{"gold_per_floor":[116,116,130,130,130,158,173,173,173,193,36,52,52,68,68,68],"floor_reached":16,"playtime":490,"items_purged":["Strike_G"],"score":148,"play_id":"ab8a60a0-cb41-4651-a24d-92b808ed49a0","local_time":"20190117195630","is_ascension_mode":true,"campfire_choices":[{"floor":8,"key":"REST"},{"floor":13,"key":"REST"},{"floor":15,"key":"REST"}],"neow_cost":"TEN_PERCENT_HP_LOSS","seed_source_timestamp":618764105537900,"circlet_count":0,"master_deck":["Defend_G","Defend_G","Defend_G","Defend_G","Defend_G","Strike_G","Strike_G","Strike_G","Strike_G","Survivor","Neutralize+1","Sucker Punch","Dagger Spray","PiercingWail","Accuracy","Footwork"],"relics":["Ring of the Snake","Incense Burner","Ninja Scroll","Blue Candle"],"potions_floor_usage":[6,16],"damage_taken":[{"damage":9,"enemies":"Jaw Worm","floor":1,"turns":7},{"damage":0,"enemies":"Small Slimes","floor":3,"turns":3},{"damage":48,"enemies":"Lagavulin","floor":6,"turns":10},{"damage":0,"enemies":"2 Louse","floor":7,"turns":1},{"damage":9,"enemies":"Blue Slaver","floor":10,"turns":3},{"damage":0,"enemies":"2 Fungi Beasts","floor":12,"turns":2},{"damage":8,"enemies":"Large Slime","floor":14,"turns":6},{"damage":47,"enemies":"Slime Boss","floor":16,"turns":12}],"seed_played":"6005682905492160891","potions_obtained":[{"floor":3,"key":"Block Potion"},{"floor":7,"key":"Dexterity Potion"},{"floor":12,"key":"SpeedPotion"}],"is_trial":false,"path_per_floor":["M","?","M","?","?","E","M","R","T","M","$","M","R","M","R","B"],"character_chosen":"THE_SILENT","items_purchased":["Accuracy"],"campfire_rested":3,"item_purchase_floors":[11],"current_hp_per_floor":[54,54,54,54,54,6,6,24,24,15,15,15,33,25,43,0],"gold":68,"neow_bonus":"ONE_RARE_RELIC","is_prod":false,"is_daily":false,"chose_seed":false,"campfire_upgraded":0,"win_rate":0,"timestamp":1547751390,"path_taken":["M","?","M","?","?","E","M","R","T","M","$","M","R","M","R","BOSS"],"build_version":"2019-01-10","purchased_purges":1,"victory":false,"max_hp_per_floor":[63,63,63,63,63,63,63,63,63,63,63,63,63,63,63,63],"card_choices":[{"not_picked":["Terror","Deflect"],"picked":"Sucker Punch","floor":1},{"not_picked":["Catalyst","Dagger Throw"],"picked":"Dagger Spray","floor":3},{"not_picked":["Expertise","Reflex","Distraction"],"picked":"SKIP","floor":6},{"not_picked":["Setup","Outmaneuver","Prepared"],"picked":"SKIP","floor":7},{"not_picked":["Crippling Poison","Eviscerate"],"picked":"PiercingWail","floor":10},{"not_picked":["Reflex","PiercingWail","Slice"],"picked":"SKIP","floor":12},{"not_picked":["Dagger Spray","All Out Attack"],"picked":"Footwork","floor":14}],"player_experience":382522,"relics_obtained":[{"floor":6,"key":"Ninja Scroll"},{"floor":9,"key":"Blue Candle"}],"event_choices":[{"damage_healed":0,"gold_gain":0,"player_choice":"Grow","damage_taken":0,"max_hp_gain":0,"max_hp_loss":0,"event_name":"Living Wall","floor":2,"gold_loss":0,"cards_upgraded":["Neutralize"]},{"damage_healed":0,"gold_gain":0,"player_choice":"Ignored","damage_taken":0,"max_hp_gain":0,"max_hp_loss":0,"event_name":"Liars Game","floor":4,"gold_loss":0},{"damage_healed":0,"gold_gain":0,"player_choice":"Ignored","damage_taken":0,"max_hp_gain":0,"max_hp_loss":0,"event_name":"Golden Wing","floor":5,"gold_loss":0}],"is_beta":false,"boss_relics":[],"items_purged_floors":[11],"is_endless":false,"potions_floor_spawned":[3,7,12],"killed_by":"Slime Boss","ascension_level":9}