{"path_per_floor":["M","M","$","M","M","R","M","R","T","E","T","R","?","?","R","B",null,"M","?","?","?","M","R","M","R","T","R","M","M","M","E","R","B",null,"M","$","?","$","M","R","M","R","T","M","?","M","M","M","R","B"],"character_chosen":"IRONCLAD","items_purchased":["Dropkick"],"gold_per_floor":[113,133,58,71,86,86,97,97,97,131,131,131,131,131,131,235,235,220,220,220,135,135,135,135,135,135,135,135,135,135,135,135,135,135,135,85,85,2,2,2,2,2,2,2,0,0,0,0,0,0],"floor_reached":51,"campfire_rested":3,"playtime":2077,"current_hp_per_floor":[68,63,63,69,57,57,52,52,52,47,47,47,47,47,47,25,72,68,55,55,55,51,51,69,69,69,69,70,61,68,76,76,60,77,69,69,59,59,43,66,47,70,70,77,77,56,47,55,77,30],"items_purged":["Defend_R","Strike_R","Strike_R"],"gold":0,"score":671,"play_id":"38a618c1-e78e-4f18-b622-832fd91b6357","local_time":"20180416164922","is_prod":false,"is_daily":false,"chose_seed":false,"is_ascension_mode":false,"campfire_upgraded":3,"timestamp":1523911762,"path_taken":["M","?","$","M","M","R","M","R","T","E","?","R","?","?","R","BOSS","M","?","?","?","M","R","?","R","T","R","M","M","M","E","R","BOSS","M","$","?","?","M","R","M","R","T","M","?","M","M","M","R","BOSS"],"build_version":"2018-04-12","seed_source_timestamp":29176197213275,"purchased_purges":3,"victory":true,"master_deck":["Strike_R","Bash","Clash+1","Dropkick+1","Uppercut+1","Reaper","Dropkick","Clash+1","Offering","Madness","Madness","Dropkick","Clash","Uppercut"],"max_hp_per_floor":[72,72,72,72,72,72,72,72,72,72,72,72,72,72,72,72,72,72,77,77,77,77,77,77,77,77,77,77,77,77,77,77,77,77,77,77,77,77,77,77,77,77,77,77,77,77,77,77,77,77],"relics":["Burning Blood","Peace Pipe","Mercury Hourglass","Kunai","Shuriken","Ectoplasm","Smiling Mask","Question Card","Prayer Wheel","Champion Belt","Meat on the Bone","Red Mask"],"card_choices":[{"not_picked":["Bloodletting","Entrench"],"picked":"Clash","floor":1},{"not_picked":["Heavy Blade","Infernal Blade"],"picked":"Dropkick","floor":2},{"not_picked":["Flame Barrier","Warcry"],"picked":"Uppercut","floor":5},{"not_picked":["Juggernaut","Exhume"],"picked":"Reaper","floor":16},{"not_picked":["Flex","True Grit","Headbutt"],"picked":"Dropkick","floor":22},{"not_picked":["Whirlwind","Cleave","Armaments"],"picked":"Clash","floor":28},{"not_picked":["Berserk","Barricade","Exhume"],"picked":"Offering","floor":33},{"not_picked":["Carnage","Shrug It Off","Shockwave"],"picked":"Clash","floor":41},{"not_picked":["Feel No Pain","Iron Wave","Brutality"],"picked":"Uppercut","floor":43}],"player_experience":186701,"potions_floor_usage":[10,28,31,39,41,44,50,50],"damage_taken":[{"damage":10,"enemies":"Cultist","floor":1,"turns":4},{"damage":11,"enemies":"Jaw Worm","floor":2,"turns":3},{"damage":0,"enemies":"2 Louse","floor":4,"turns":2},{"damage":18,"enemies":"Gremlin Gang","floor":5,"turns":6},{"damage":11,"enemies":"Blue Slaver","floor":7,"turns":3},{"damage":11,"enemies":"3 Sentries","floor":10,"turns":4},{"damage":28,"enemies":"Hexaghost","floor":16,"turns":5},{"damage":10,"enemies":"2 Thieves","floor":18,"turns":2},{"damage":10,"enemies":"Spheric Guardian","floor":22,"turns":3},{"damage":3,"enemies":"Chosen and Byrds","floor":24,"turns":3},{"damage":13,"enemies":"Cultist and Chosen","floor":28,"turns":3},{"damage":15,"enemies":"Snake Plant","floor":29,"turns":3},{"damage":8,"enemies":"Centurion and Healer","floor":30,"turns":3},{"damage":13,"enemies":"Gremlin Leader","floor":31,"turns":2},{"damage":22,"enemies":"Collector","floor":33,"turns":5},{"damage":14,"enemies":"3 Darklings","floor":35,"turns":2},{"damage":28,"enemies":"3 Shapes","floor":39,"turns":3},{"damage":35,"enemies":"Sphere and 2 Shapes","floor":41,"turns":3},{"damage":4,"enemies":"3 Darklings","floor":44,"turns":2},{"damage":27,"enemies":"4 Shapes","floor":46,"turns":3},{"damage":22,"enemies":"Maw","floor":47,"turns":3},{"damage":13,"enemies":"3 Darklings","floor":48,"turns":3},{"damage":86,"enemies":"Time Eater","floor":50,"turns":6}],"event_choices":[{"event_name":"The Woman in Blue","player_choice":"Bought 0 Potions","floor":13,"damage_taken":0},{"event_name":"Accursed Blacksmith","player_choice":"Forge","floor":14,"damage_taken":0},{"event_name":"Forgotten Altar","player_choice":"Shed Blood","floor":19,"damage_taken":0},{"event_name":"The Mausoleum","player_choice":"Yes","floor":20,"damage_taken":0},{"event_name":"Addict","player_choice":"Obtained Relic","floor":21,"damage_taken":0},{"event_name":"Winding Halls","player_choice":"Embrace Madness","floor":37,"damage_taken":0},{"event_name":"Tomb of Lord Red Mask","player_choice":"Paid","floor":45,"damage_taken":0}],"boss_relics":[{"not_picked":["Runic Dome","Cursed Key"],"picked":"Ectoplasm"},{"not_picked":["Astrolabe","Calling Bell","Velvet Choker"]}],"potions_floor_spawned":[5,10,16,18,29,30,31,39,44,48],"seed_played":"7093699661688732506","ascension_level":0,"is_trial":false}