{"gold_per_floor":[114,114,114,132,147,147,160,180,180,180,180,215,180,76,76,149,149,163,262,262,39,49,65,65,84,132,132,144,144,158,170,170,246,246,264,104,104,152,172,172,184,219,242,242,108,119,119,138,138,138],"floor_reached":51,"playtime":2777,"items_purged":["Shame","Clumsy"],"score":1063,"play_id":"839cdee4-368f-4db7-b452-fc8971b7a14a","local_time":"20181225151502","is_ascension_mode":true,"campfire_choices":[{"data":"Zap","floor":6,"key":"SMITH"},{"data":"Defragment","floor":10,"key":"SMITH"},{"data":"Dualcast","floor":15,"key":"SMITH"},{"data":"Thunder Strike","floor":24,"key":"SMITH"},{"data":"Defragment","floor":27,"key":"SMITH"},{"floor":29,"key":"REST"},{"floor":32,"key":"REST"},{"floor":40,"key":"REST"},{"data":"Capacitor","floor":44,"key":"SMITH"},{"floor":47,"key":"REST"},{"data":"Thunder Strike","floor":49,"key":"SMITH"}],"neow_cost":"NONE","seed_source_timestamp":367536383467200,"circlet_count":0,"master_deck":["AscendersBane","Zap+1","Dualcast+1","FTL","Conserve Battery","Defragment+1","Compile Driver","Coolheaded+1","Auto Shields+1","Thunder Strike+1","Amplify+1","Heatsinks","Reprogram+1","Melter","Lockon","Tempest+1","Thunder Strike+1","Defragment+1","Coolheaded+1","Undo+1","Coolheaded+1","Defragment+1","White Noise+1","Compile Driver","Electrodynamics","Capacitor+1","Leap+1","Auto Shields+1","Turbo+1","FTL","Auto Shields+1","Reinforced Body+1"],"relics":["Cracked Core","Omamori","Pen Nib","Toxic Egg 2","Matryoshka","Pandora\u0027s Box","Singing Bowl","OrangePellets","Bag of Preparation","Blood Vial","Calling Bell","Juzu Bracelet","Ornamental Fan","Emotion Chip","FossilizedHelix","Dead Branch","Oddly Smooth Stone","Potion Belt"],"potions_floor_usage":[12,38,39,50],"damage_taken":[{"damage":2,"enemies":"Jaw Worm","floor":1,"turns":3},{"damage":1,"enemies":"2 Louse","floor":4,"turns":3},{"damage":7,"enemies":"Small Slimes","floor":5,"turns":3},{"damage":0,"enemies":"3 Louse","floor":7,"turns":4},{"damage":1,"enemies":"Blue Slaver","floor":8,"turns":4},{"damage":16,"enemies":"3 Sentries","floor":12,"turns":6},{"damage":29,"enemies":"Slime Boss","floor":16,"turns":13},{"damage":3,"enemies":"Chosen","floor":18,"turns":4},{"damage":35,"enemies":"2 Thieves","floor":22,"turns":4},{"damage":3,"enemies":"Shelled Parasite and Fungi","floor":23,"turns":5},{"damage":6,"enemies":"3 Cultists","floor":25,"turns":6},{"damage":8,"enemies":"Centurion and Healer","floor":28,"turns":7},{"damage":0,"enemies":"Snecko","floor":30,"turns":5},{"damage":10,"enemies":"Snake Plant","floor":31,"turns":3},{"damage":7,"enemies":"Champ","floor":33,"turns":7},{"damage":50,"enemies":"3 Darklings","floor":35,"turns":3},{"damage":61,"enemies":"2 Orb Walkers","floor":38,"turns":4},{"damage":0,"enemies":"Orb Walker","floor":39,"turns":3},{"damage":4,"enemies":"Maw","floor":41,"turns":6},{"damage":5,"enemies":"Giant Head","floor":42,"turns":8},{"damage":0,"enemies":"Spire Growth","floor":46,"turns":5},{"damage":0,"enemies":"Jaw Worm Horde","floor":48,"turns":2},{"damage":70,"enemies":"Time Eater","floor":50,"turns":12}],"seed_played":"-6267090629817134234","potions_obtained":[{"floor":1,"key":"PowerPotion"},{"floor":8,"key":"Poison Potion"},{"floor":16,"key":"SpeedPotion"},{"floor":30,"key":"FairyPotion"},{"floor":33,"key":"FocusPotion"},{"floor":38,"key":"Fire Potion"},{"floor":39,"key":"Regen Potion"}],"is_trial":false,"path_per_floor":["M","?","?","M","M","R","M","M","T","R","?","E","?","$","R","B",null,"M","?","?","$","M","M","R","M","T","R","M","R","M","M","R","B",null,"M","$","?","?","M","R","M","E","T","R","$","M","R","M","R","B",null],"character_chosen":"DEFECT","items_purchased":["Coolheaded+1","Auto Shields+1","OrangePellets","Coolheaded+1","Capacitor","Leap+1","Auto Shields+1"],"campfire_rested":4,"item_purchase_floors":[14,14,21,21,36,36,45],"current_hp_per_floor":[66,48,41,40,33,33,33,32,32,32,57,41,59,59,59,30,64,61,61,61,61,26,23,23,17,17,17,11,33,37,29,52,47,70,24,24,69,8,10,30,28,27,27,27,27,31,52,54,54,1],"gold":138,"neow_bonus":"RANDOM_COMMON_RELIC","is_prod":false,"is_daily":false,"chose_seed":false,"campfire_upgraded":7,"win_rate":0,"timestamp":1545747302,"path_taken":["M","?","?","M","M","R","M","M","T","R","?","E","?","$","R","BOSS","M","?","?","$","M","M","R","M","T","R","M","R","M","M","R","BOSS","M","$","?","?","M","R","M","E","T","R","?","M","R","M","R","BOSS"],"build_version":"2018-12-20","purchased_purges":2,"victory":true,"max_hp_per_floor":[75,75,75,75,75,75,75,75,75,75,75,75,75,75,75,75,75,75,75,75,75,75,75,75,75,75,75,75,75,77,77,77,77,77,79,79,69,69,69,69,69,71,71,71,71,73,73,73,73,73],"card_choices":[{"not_picked":["Coolheaded","Gash"],"picked":"FTL","floor":1},{"not_picked":["Rebound","FTL"],"picked":"Conserve Battery","floor":4},{"not_picked":["Lockon","Force Field","Hologram"],"picked":"SKIP","floor":5},{"not_picked":["Gash","Redo","Leap"],"picked":"SKIP","floor":7},{"not_picked":["Blizzard","Lockon"],"picked":"Defragment","floor":8},{"not_picked":["Streamline","Force Field+1"],"picked":"Compile Driver","floor":12},{"not_picked":["Creative AI","All For One"],"picked":"Thunder Strike","floor":16},{"not_picked":["Streamline","Barrage+1"],"picked":"Defragment+1","floor":18},{"not_picked":["Darkness+1","Sunder"],"picked":"Undo+1","floor":22},{"not_picked":["Steam+1","Fusion+1"],"picked":"Coolheaded+1","floor":23},{"not_picked":["Beam Cell","Loop"],"picked":"Defragment","floor":25},{"not_picked":["Reprogram+1","Hologram+1"],"picked":"White Noise+1","floor":28},{"not_picked":["Beam Cell","Hyperbeam","Undo+1"],"picked":"Singing Bowl","floor":30},{"not_picked":["Coolheaded+1","Heatsinks+1"],"picked":"Compile Driver","floor":31},{"not_picked":["Multi-Cast+1","Creative AI"],"picked":"Electrodynamics","floor":33},{"not_picked":["Stack+1","Redo+1","Reprogram+1"],"picked":"Singing Bowl","floor":35},{"not_picked":["Coolheaded+1","Storm"],"picked":"Auto Shields+1","floor":38},{"not_picked":["Doom and Gloom","Ball Lightning"],"picked":"Turbo+1","floor":39},{"not_picked":["Coolheaded+1","Aggregate+1"],"picked":"FTL","floor":41},{"not_picked":["Chaos+1","Streamline","Sweeping Beam"],"picked":"Singing Bowl","floor":42},{"not_picked":["Ball Lightning","Hyperbeam","Reprogram+1"],"picked":"Singing Bowl","floor":46},{"not_picked":["Cold Snap","Compile Driver+1"],"picked":"Reinforced Body+1","floor":48}],"player_experience":314193,"relics_obtained":[{"floor":9,"key":"Toxic Egg 2"},{"floor":12,"key":"Matryoshka"},{"floor":26,"key":"Bag of Preparation"},{"floor":26,"key":"Blood Vial"},{"floor":34,"key":"Juzu Bracelet"},{"floor":34,"key":"Ornamental Fan"},{"floor":34,"key":"Emotion Chip"},{"floor":38,"key":"FossilizedHelix"},{"floor":42,"key":"Dead Branch"},{"floor":43,"key":"Oddly Smooth Stone"},{"floor":43,"key":"Potion Belt"}],"event_choices":[{"damage_healed":0,"gold_gain":0,"player_choice":"Success","damage_taken":18,"relics_obtained":["Pen Nib"],"max_hp_gain":0,"max_hp_loss":0,"event_name":"Scrap Ooze","floor":2,"gold_loss":0},{"cards_removed":["Strike_B"],"damage_healed":0,"gold_gain":0,"player_choice":"Card Removal","damage_taken":7,"max_hp_gain":0,"max_hp_loss":0,"event_name":"Golden Wing","floor":3,"gold_loss":0},{"damage_healed":25,"gold_gain":0,"player_choice":"Banana","damage_taken":0,"max_hp_gain":0,"max_hp_loss":0,"event_name":"Big Fish","floor":11,"gold_loss":0},{"damage_healed":18,"gold_gain":0,"player_choice":"Healed","damage_taken":0,"max_hp_gain":0,"max_hp_loss":0,"event_name":"The Cleric","floor":13,"gold_loss":35},{"damage_healed":0,"gold_gain":99,"player_choice":"Stole From Cult","damage_taken":0,"max_hp_gain":0,"max_hp_loss":0,"event_name":"Nest","floor":19,"gold_loss":0},{"damage_healed":0,"gold_gain":0,"player_choice":"Stole Relic","damage_taken":0,"relics_obtained":["Singing Bowl"],"max_hp_gain":0,"max_hp_loss":0,"event_name":"Addict","floor":20,"gold_loss":0,"cards_obtained":["Shame"]},{"damage_healed":69,"gold_gain":0,"player_choice":"Heal","damage_taken":0,"max_hp_gain":0,"max_hp_loss":10,"event_name":"The Moai Head","floor":37,"gold_loss":0},{"damage_healed":0,"gold_gain":0,"player_choice":"Fight","damage_taken":0,"max_hp_gain":0,"max_hp_loss":0,"event_name":"Mysterious Sphere","floor":38,"gold_loss":0}],"is_beta":false,"boss_relics":[{"not_picked":["Orrery","Coffee Dripper"],"picked":"Pandora\u0027s Box"},{"not_picked":["Tiny House","Black Star"],"picked":"Calling Bell"}],"items_purged_floors":[36,45],"is_endless":false,"potions_floor_spawned":[1,8,16,28,30,31,33,38,39],"ascension_level":13}