{"gold_per_floor":[119,131,131,149,169,169,189,189,212,212,212,238,8,28,28,132,182,199,218,235,255,273,273,292,292,292,292,292,2,2,28,28,125,125,139,57,74,89,189,189,47,47,47,60,60,77,77,77,77,77,77,77,2,33,33],"floor_reached":55,"playtime":2733,"items_purged":[],"score":689,"play_id":"e7924064-9516-4712-ae23-a454c3be3492","local_time":"20190224130609","is_ascension_mode":false,"campfire_choices":[{"data":"Glacier","floor":6,"key":"SMITH"},{"floor":8,"key":"REST"},{"data":"Zap","floor":10,"key":"SMITH"},{"floor":15,"key":"REST"},{"floor":23,"key":"REST"},{"floor":25,"key":"RECALL"},{"floor":27,"key":"REST"},{"data":"Redo","floor":30,"key":"SMITH"},{"floor":32,"key":"REST"},{"floor":40,"key":"REST"},{"data":"Echo Form","floor":42,"key":"SMITH"},{"data":"Electrodynamics","floor":45,"key":"SMITH"},{"data":"Static Discharge","floor":47,"key":"SMITH"},{"floor":49,"key":"REST"},{"floor":52,"key":"REST"}],"neow_cost":"CURSE","seed_source_timestamp":15657560083902,"circlet_count":0,"master_deck":["Strike_B","Strike_B","Strike_B","Strike_B","Defend_B+1","Defend_B","Defend_B+1","Defend_B+1","Zap+1","Dualcast","Leap+1","Static Discharge+1","Cold Snap","Glacier+1","Sunder+1","Thunder Strike","Compile Driver","Echo Form+1","Sweeping Beam","Melter+1","Turbo+1","Go for the Eyes+1","Redo+1","Scrape+1","BootSequence+1","Conserve Battery+1","Ball Lightning","Core Surge","Gash+1","Electrodynamics+1","Stack+1","Hologram+1","PanicButton+1","Ball Lightning","Leap+1","Conserve Battery+1","Coolheaded+1"],"relics":["Cracked Core","Strawberry","MawBank","Bottled Tornado","Tiny House","Toxic Egg 2","MutagenicStrength","Omamori","Lantern","Nuclear Battery","Incense Burner","War Paint"],"potions_floor_usage":[14,16,16,19,19,20,22,31,35,39,39,44,50],"damage_taken":[{"damage":8,"enemies":"Jaw Worm","floor":1,"turns":3},{"damage":0,"enemies":"Small Slimes","floor":2,"turns":2},{"damage":7,"enemies":"2 Louse","floor":4,"turns":3},{"damage":8,"enemies":"Large Slime","floor":5,"turns":6},{"damage":0,"enemies":"2 Fungi Beasts","floor":7,"turns":4},{"damage":7,"enemies":"3 Sentries","floor":12,"turns":9},{"damage":0,"enemies":"Exordium Wildlife","floor":14,"turns":6},{"damage":18,"enemies":"Hexaghost","floor":16,"turns":9},{"damage":7,"enemies":"3 Byrds","floor":18,"turns":2},{"damage":10,"enemies":"2 Thieves","floor":19,"turns":3},{"damage":4,"enemies":"Centurion and Healer","floor":20,"turns":9},{"damage":6,"enemies":"Cultist and Chosen","floor":21,"turns":5},{"damage":6,"enemies":"Snecko","floor":22,"turns":7},{"damage":13,"enemies":"Centurion and Healer","floor":24,"turns":8},{"damage":43,"enemies":"Gremlin Leader","floor":31,"turns":7},{"damage":53,"enemies":"Automaton","floor":33,"turns":14},{"damage":11,"enemies":"3 Darklings","floor":35,"turns":5},{"damage":22,"enemies":"3 Shapes","floor":37,"turns":6},{"damage":0,"enemies":"Maw","floor":38,"turns":6},{"damage":0,"enemies":"Mind Bloom Boss Battle","floor":39,"turns":5},{"damage":3,"enemies":"Transient","floor":44,"turns":5},{"damage":4,"enemies":"4 Shapes","floor":46,"turns":6},{"damage":77,"enemies":"Awakened One","floor":50,"turns":14},{"damage":64,"enemies":"Shield and Spear","floor":54,"turns":8},{"damage":38,"enemies":"The Heart","floor":55,"turns":2}],"seed_played":"8163571891370695314","potions_obtained":[{"floor":1,"key":"GamblersBrew"},{"floor":5,"key":"SpeedPotion"},{"floor":7,"key":"SteroidPotion"},{"floor":14,"key":"Swift Potion"},{"floor":17,"key":"EntropicBrew"},{"floor":18,"key":"SteroidPotion"},{"floor":33,"key":"SkillPotion"},{"floor":35,"key":"Strength Potion"},{"floor":37,"key":"Weak Potion"},{"floor":38,"key":"Regen Potion"},{"floor":44,"key":"Dexterity Potion"}],"is_trial":false,"path_per_floor":["M","M","?","M","M","R","M","R","T","R","?","E","$","M","R","B",null,"M","M","M","M","M","R","M","R","T","R","?","$","R","E","R","B",null,"M","$","M","M","?","R","$","R","T","M","R","M","R","?","R","B",null,"R","$","E","B"],"character_chosen":"DEFECT","items_purchased":["Bottled Tornado","BootSequence+1","Conserve Battery+1","Ball Lightning","Omamori","Electrodynamics","Hologram+1","PanicButton+1","Conserve Battery+1","Coolheaded+1"],"campfire_rested":8,"item_purchase_floors":[13,29,29,29,29,36,41,41,53,53],"current_hp_per_floor":[81,81,74,67,59,59,59,85,92,92,73,66,66,66,94,76,101,94,84,80,74,68,98,85,85,85,101,101,101,101,58,88,35,101,90,90,68,68,73,101,101,101,101,98,98,94,94,94,101,24,101,101,101,37,0],"gold":33,"neow_bonus":"TWENTY_PERCENT_HP_BONUS","is_prod":false,"is_daily":false,"chose_seed":false,"campfire_upgraded":6,"win_rate":0,"timestamp":1551035169,"path_taken":["M","M","?","M","M","R","M","R","T","R","?","E","$","M","R","BOSS","M","M","M","M","M","R","M","R","T","R","?","$","R","E","R","BOSS","M","$","M","M","?","R","$","R","T","M","R","M","R","?","R","BOSS","R","$","E","BOSS"],"build_version":"2019-01-23","purchased_purges":0,"victory":false,"max_hp_per_floor":[89,89,89,89,89,89,89,89,96,96,96,96,96,96,96,96,101,101,101,101,101,101,101,101,101,101,101,101,101,101,101,101,101,101,101,101,101,101,101,101,101,101,101,101,101,101,101,101,101,101,101,101,101,101,101],"card_choices":[{"not_picked":["Conserve Battery","Chill"],"picked":"Leap","floor":1},{"not_picked":["Conserve Battery","Streamline"],"picked":"Static Discharge","floor":2},{"not_picked":["Lockon","Compile Driver"],"picked":"Cold Snap","floor":4},{"not_picked":["Aggregate","Compile Driver"],"picked":"Glacier","floor":5},{"not_picked":["Lockon","Glacier"],"picked":"Sunder","floor":7},{"not_picked":["Buffer","Darkness"],"picked":"Thunder Strike","floor":12},{"not_picked":["Beam Cell","Steam"],"picked":"Compile Driver","floor":14},{"not_picked":["Core Surge","Reboot"],"picked":"Echo Form","floor":16},{"not_picked":["Turbo","Static Discharge"],"picked":"Sweeping Beam","floor":17},{"not_picked":["Storm+1","Hologram"],"picked":"Melter+1","floor":18},{"not_picked":["Beam Cell","Barrage","Steam"],"picked":"SKIP","floor":19},{"not_picked":["Stack","Rip and Tear+1"],"picked":"Turbo+1","floor":20},{"not_picked":["Leap","Storm"],"picked":"Go for the Eyes+1","floor":21},{"not_picked":["Turbo+1","Rebound"],"picked":"Redo","floor":22},{"not_picked":["Genetic Algorithm","Sunder"],"picked":"Scrape+1","floor":24},{"not_picked":["Go for the Eyes","Sweeping Beam+1","Rebound"],"picked":"SKIP","floor":31},{"not_picked":["Machine Learning","All For One"],"picked":"Core Surge","floor":33},{"not_picked":["Rebound","Compile Driver+1"],"picked":"Gash+1","floor":35},{"not_picked":["Sunder","Rip and Tear","Skim+1"],"picked":"SKIP","floor":37},{"not_picked":["Streamline","Barrage+1"],"picked":"Stack+1","floor":38},{"not_picked":["Compile Driver+1","Turbo+1"],"picked":"Ball Lightning","floor":44},{"not_picked":["Steam+1","Heatsinks+1"],"picked":"Leap+1","floor":46},{"not_picked":["Scrape","Fusion+1","Sweeping Beam+1"],"picked":"SKIP","floor":54}],"player_experience":340213,"relics_obtained":[{"floor":9,"key":"Strawberry"},{"floor":12,"key":"MawBank"},{"floor":26,"key":"Toxic Egg 2"},{"floor":31,"key":"Lantern"},{"floor":39,"key":"Incense Burner"},{"floor":54,"key":"War Paint"}],"event_choices":[{"cards_removed":["Injury"],"damage_healed":0,"gold_gain":0,"player_choice":"Card Removal","damage_taken":7,"max_hp_gain":0,"max_hp_loss":0,"event_name":"Golden Wing","floor":3,"gold_loss":0},{"damage_healed":0,"gold_gain":0,"player_choice":"Entered Light","damage_taken":19,"max_hp_gain":0,"max_hp_loss":0,"event_name":"Shining Light","floor":11,"gold_loss":0,"cards_upgraded":["Leap","Sunder"]},{"damage_healed":0,"gold_gain":0,"player_choice":"Inject Mutagens","damage_taken":0,"relics_obtained":["MutagenicStrength"],"max_hp_gain":0,"max_hp_loss":0,"event_name":"Drug Dealer","floor":28,"gold_loss":0},{"damage_healed":0,"gold_gain":0,"player_choice":"Fight","damage_taken":0,"max_hp_gain":0,"max_hp_loss":0,"event_name":"MindBloom","floor":39,"gold_loss":0},{"damage_healed":0,"gold_gain":0,"player_choice":"Ignored","damage_taken":0,"max_hp_gain":0,"max_hp_loss":0,"event_name":"Mysterious Sphere","floor":48,"gold_loss":0}],"is_beta":false,"boss_relics":[{"not_picked":["Lizard Tail","FrozenCore"],"picked":"Tiny House"},{"not_picked":["Busted Crown","Calling Bell"],"picked":"Nuclear Battery"}],"items_purged_floors":[],"is_endless":false,"potions_floor_spawned":[1,5,7,14,18,20,21,33,35,37,38,44],"killed_by":"The Heart","ascension_level":0}