{"gold_per_floor":[117,134,59,59,78,109,109,140,140,170,170,183,197,212,212,311,311,322,338,350,361,361],"floor_reached":22,"playtime":1026,"items_purged":["Strike_B"],"score":284,"play_id":"91925ef3-e519-4ec4-906c-0b36db1d1ced","local_time":"20190111174613","is_ascension_mode":true,"campfire_choices":[{"data":"Streamline","floor":7,"key":"SMITH"},{"floor":11,"key":"REST"},{"floor":15,"key":"REST"}],"neow_cost":"NONE","seed_source_timestamp":219030926789097,"circlet_count":0,"master_deck":["Strike_B","Strike_B","Strike_B","Defend_B","Defend_B","Defend_B","Defend_B","Zap","Dualcast","Defragment","Cold Snap","Streamline+1","Loop","FTL","Loop","Glacier","Buffer"],"relics":["Cracked Core","Art of War","Torii","Ornamental Fan","Cables","Juzu Bracelet","Nuclear Battery"],"potions_floor_usage":[8,12,14,20],"damage_taken":[{"damage":0,"enemies":"Small Slimes","floor":1,"turns":3},{"damage":6,"enemies":"2 Louse","floor":2,"turns":2},{"damage":2,"enemies":"Jaw Worm","floor":5,"turns":3},{"damage":19,"enemies":"3 Sentries","floor":6,"turns":11},{"damage":17,"enemies":"Lagavulin","floor":8,"turns":6},{"damage":19,"enemies":"3 Sentries","floor":10,"turns":6},{"damage":9,"enemies":"2 Fungi Beasts","floor":12,"turns":4},{"damage":1,"enemies":"Looter","floor":13,"turns":3},{"damage":3,"enemies":"Gremlin Gang","floor":14,"turns":3},{"damage":4,"enemies":"Hexaghost","floor":16,"turns":12},{"damage":39,"enemies":"2 Thieves","floor":18,"turns":5},{"damage":6,"enemies":"Spheric Guardian","floor":19,"turns":4},{"damage":7,"enemies":"Snecko","floor":20,"turns":10},{"damage":1,"enemies":"Shelled Parasite and Fungi","floor":21,"turns":9},{"damage":26,"enemies":"Masked Bandits","floor":22,"turns":3}],"seed_played":"6598947224464747262","potions_obtained":[{"floor":1,"key":"LiquidBronze"},{"floor":5,"key":"SpeedPotion"},{"floor":6,"key":"SpeedPotion"},{"floor":10,"key":"Regen Potion"},{"floor":21,"key":"SteroidPotion"}],"is_trial":false,"path_per_floor":["M","M","$","?","M","E","R","E","T","E","R","M","M","M","R","B",null,"M","M","M","M","?"],"character_chosen":"DEFECT","items_purchased":[],"campfire_rested":2,"item_purchase_floors":[],"current_hp_per_floor":[68,62,62,62,60,41,41,24,24,5,27,30,29,26,48,44,67,28,22,15,14,0],"gold":361,"neow_bonus":"RANDOM_COMMON_RELIC","is_prod":false,"is_daily":false,"chose_seed":false,"campfire_upgraded":1,"win_rate":0,"timestamp":1547225173,"path_taken":["M","M","$","?","M","E","R","E","T","E","R","M","M","M","R","BOSS","M","M","M","M","?"],"build_version":"2019-01-10","purchased_purges":1,"victory":false,"max_hp_per_floor":[75,75,75,75,75,75,75,75,75,75,75,75,75,75,75,75,75,75,75,75,75,75],"card_choices":[{"not_picked":["Hologram","Barrage"],"picked":"Defragment","floor":1},{"not_picked":["Ball Lightning","Scrape","Sweeping Beam"],"picked":"SKIP","floor":2},{"not_picked":["Go for the Eyes","Hyperbeam"],"picked":"Cold Snap","floor":5},{"not_picked":["Aggregate","Hologram"],"picked":"Streamline","floor":6},{"not_picked":["Sunder","Go for the Eyes"],"picked":"Loop","floor":8},{"not_picked":["Streamline","Doom and Gloom"],"picked":"FTL","floor":10},{"not_picked":["Stack","Fusion","Streamline"],"picked":"SKIP","floor":12},{"not_picked":["Recycle","Creative AI"],"picked":"Loop","floor":13},{"not_picked":["Blizzard","Fusion"],"picked":"Glacier","floor":14},{"not_picked":["Multi-Cast","Thunder Strike"],"picked":"Buffer","floor":16},{"not_picked":["Leap","Go for the Eyes","Doom and Gloom"],"picked":"SKIP","floor":18},{"not_picked":["Tempest","Hello World+1","Beam Cell"],"picked":"SKIP","floor":19},{"not_picked":["Sweeping Beam+1","Consume","Lockon"],"picked":"SKIP","floor":20},{"not_picked":["Ball Lightning","Aggregate","Beam Cell"],"picked":"SKIP","floor":21}],"player_experience":668831,"relics_obtained":[{"floor":6,"key":"Torii"},{"floor":8,"key":"Ornamental Fan"},{"floor":9,"key":"Cables"},{"floor":10,"key":"Juzu Bracelet"}],"event_choices":[{"damage_healed":0,"gold_gain":0,"player_choice":"Ignored","damage_taken":0,"max_hp_gain":0,"max_hp_loss":0,"event_name":"Liars Game","floor":4,"gold_loss":0},{"damage_healed":0,"gold_gain":0,"player_choice":"Fought Bandits","damage_taken":0,"max_hp_gain":0,"max_hp_loss":0,"event_name":"Masked Bandits","floor":22,"gold_loss":0}],"is_beta":false,"boss_relics":[{"not_picked":["Cursed Key","White Beast Statue"],"picked":"Nuclear Battery"}],"items_purged_floors":[3],"is_endless":false,"potions_floor_spawned":[1,5,6,10,21],"killed_by":"Masked Bandits","ascension_level":7}