{"path_per_floor":["M","?","?","M","M","?","?","M","T","M","M","$","R","T","R","B",null,"M","M","?","M"],"character_chosen":"IRONCLAD","items_purchased":["Vajra"],"gold_per_floor":[118,118,193,207,218,318,318,337,412,427,451,230,230,256,256,381,381,404,424,424,440],"floor_reached":22,"campfire_rested":0,"playtime":8711,"current_hp_per_floor":[79,79,68,72,74,74,54,47,47,39,21,21,21,21,21,12,80,66,35,35,39],"items_purged":["Strike_R"],"gold":440,"score":204,"play_id":"45e93b6b-3636-4464-a718-b661118831ed","is_prod":false,"is_daily":false,"is_ascension_mode":false,"campfire_upgraded":2,"path_taken":["M","?","?","M","M","?","?","M","T","M","M","$","R","?","R","BOSS","M","M","?","?","M"],"build_version":"2018-02-08-PROD1","purchased_purges":1,"victory":false,"master_deck":["Defend_R","Defend_R","Defend_R","Defend_R","Bash","Juggernaut+1","Disarm","Rampage","Iron Wave+1","Intimidate","Heavy Blade","Demon Form","Decay","Writhe","Clumsy","Shockwave","Bite","Bite","Bite","Bite","Bite","Iron Wave+1"],"max_hp_per_floor":[80,80,80,80,80,80,80,80,80,80,80,80,80,80,80,80,80,80,80,56,56],"relics":["Burning Blood","Golden Idol","Ornamental Fan","Vajra","Lantern","Calling Bell","Regal Pillow","Girya","Peace Pipe"],"card_choices":[{"not_picked":["Sword Boomerang","Combust"],"picked":"Disarm"},{"not_picked":["Sword Boomerang","Seeing Red"],"picked":"Rampage"},{"not_picked":["Flex","Twin Strike"],"picked":"Iron Wave"},{"not_picked":["Pummel","Power Through"],"picked":"Intimidate"},{"not_picked":["Warcry","Anger"],"picked":"Heavy Blade"},{"not_picked":["Offering","Reaper"],"picked":"Demon Form"},{"not_picked":["Shrug It Off","Reckless Charge"],"picked":"Shockwave"},{"not_picked":["Heavy Blade","Clothesline"],"picked":"Iron Wave"}],"player_experience":33214,"potions_floor_usage":[21],"damage_taken":[{"damage":7.0,"enemies":"2 Louse","floor":1.0,"turns":5.0},{"damage":2.0,"enemies":"Blue Slaver","floor":4.0,"turns":6.0},{"damage":4.0,"enemies":"Jaw Worm","floor":5.0,"turns":3.0},{"damage":13.0,"enemies":"Exordium Wildlife","floor":8.0,"turns":5.0},{"damage":14.0,"enemies":"3 Louse","floor":10.0,"turns":4.0},{"damage":24.0,"enemies":"Lots of Slimes","floor":11.0,"turns":5.0},{"damage":15.0,"enemies":"The Guardian","floor":16.0,"turns":9.0},{"damage":20,"enemies":"Shell Parasite","floor":18,"turns":6},{"damage":37,"enemies":"3 Byrds","floor":19,"turns":7},{"damage":14,"enemies":"Snake Plant","floor":21,"turns":6},{"damage":55,"enemies":"Centurion and Healer","floor":22,"turns":8}],"event_choices":[{"event_name":"Bonfire Elementals","player_choice":"BASIC","floor":2.0,"damage_taken":0.0},{"event_name":"World of Goop","player_choice":"Gather Gold","floor":3.0,"damage_taken":0.0},{"event_name":"Golden Shrine","player_choice":"Pray","floor":6.0,"damage_taken":0.0},{"event_name":"Golden Idol","player_choice":"Take Damage","floor":7.0,"damage_taken":0.0},{"event_name":"Vampires","player_choice":"Became a vampire","floor":20,"damage_taken":0}],"boss_relics":[{"not_picked":["Tiny House","Runic Dome"],"picked":"Calling Bell"}],"potions_floor_spawned":[4,5,8,11,19],"seed_played":"5588838162435167076","killed_by":"Centurion and Healer","ascension_level":0,"is_trial":false}