{"gold_per_floor":[113,124,142,159,170,170,180,213,213,247,259,279,4,23,23,121,121,141,158,8,24,44,44,93,93,93,103,103,122,122,134,134,134],"floor_reached":33,"playtime":1549,"items_purged":[],"score":292,"play_id":"751cb8f6-4bd8-402d-9be6-a3e5791d885c","local_time":"20190224113619","is_ascension_mode":false,"campfire_choices":[{"data":"Whirlwind","floor":6,"key":"SMITH"},{"floor":15,"key":"REST"},{"floor":23,"key":"REST"},{"floor":25,"key":"RECALL"},{"floor":30,"key":"REST"},{"data":"Limit Break","floor":32,"key":"SMITH"}],"neow_cost":"NONE","seed_source_timestamp":11453257077816,"circlet_count":0,"master_deck":["Strike_R","Strike_R","Strike_R","Strike_R","Strike_R","Defend_R","Defend_R","Defend_R","Defend_R","Bash","Headbutt","Armaments","Whirlwind+1","Inflame","Cleave","Shrug It Off","Iron Wave","Seeing Red","Iron Wave","Limit Break+1","Armaments+1","Dropkick+1","Disarm"],"relics":["Burning Blood","Matryoshka","Regal Pillow","Blue Candle","Singing Bowl","Omamori","Cursed Key","Anchor","Ancient Tea Set","Juzu Bracelet","MutagenicStrength"],"potions_floor_usage":[8,10,16,19,22,22,29,31,33],"damage_taken":[{"damage":1,"enemies":"Cultist","floor":1,"turns":4},{"damage":8,"enemies":"Small Slimes","floor":2,"turns":3},{"damage":4,"enemies":"Jaw Worm","floor":3,"turns":5},{"damage":6,"enemies":"2 Fungi Beasts","floor":4,"turns":4},{"damage":16,"enemies":"Exordium Wildlife","floor":5,"turns":5},{"damage":0,"enemies":"3 Louse","floor":7,"turns":2},{"damage":6,"enemies":"Gremlin Nob","floor":8,"turns":3},{"damage":42,"enemies":"Lagavulin","floor":10,"turns":8},{"damage":10,"enemies":"Looter","floor":11,"turns":2},{"damage":7,"enemies":"Blue Slaver","floor":12,"turns":4},{"damage":12,"enemies":"Red Slaver","floor":14,"turns":4},{"damage":39,"enemies":"Hexaghost","floor":16,"turns":14},{"damage":4,"enemies":"Shell Parasite","floor":18,"turns":5},{"damage":28,"enemies":"2 Thieves","floor":19,"turns":4},{"damage":41,"enemies":"Sentry and Sphere","floor":21,"turns":6},{"damage":0,"enemies":"Centurion and Healer","floor":22,"turns":6},{"damage":17,"enemies":"Snake Plant","floor":27,"turns":4},{"damage":12,"enemies":"3 Cultists","floor":29,"turns":3},{"damage":7,"enemies":"Sentry and Sphere","floor":31,"turns":4},{"damage":103,"enemies":"Collector","floor":33,"turns":10}],"seed_played":"3045363218649747788","potions_obtained":[{"floor":1,"key":"AttackPotion"},{"floor":5,"key":"Block Potion"},{"floor":11,"key":"LiquidBronze"},{"floor":12,"key":"Swift Potion"},{"floor":16,"key":"Energy Potion"},{"floor":19,"key":"Poison Potion"},{"floor":22,"key":"Explosive Potion"},{"floor":29,"key":"EssenceOfSteel"}],"is_trial":false,"path_per_floor":["M","M","M","M","M","R","M","E","T","E","M","M","$","M","R","B",null,"M","M","$","M","M","R","T","R","T","M","?","M","R","M","R","B"],"character_chosen":"IRONCLAD","items_purchased":["Omamori","Seeing Red","SkillPotion","Anchor"],"campfire_rested":3,"item_purchase_floors":[13,13,13,20],"current_hp_per_floor":[88,86,88,88,78,78,84,84,84,50,46,47,47,41,83,50,92,94,74,74,39,45,88,88,88,88,79,79,73,98,99,99,0],"gold":134,"neow_bonus":"TEN_PERCENT_HP_BONUS","is_prod":false,"is_daily":false,"chose_seed":false,"campfire_upgraded":2,"win_rate":0,"timestamp":1551029779,"path_taken":["M","M","M","M","M","R","M","E","T","E","M","M","$","M","R","BOSS","M","M","$","M","M","R","?","R","T","M","?","M","R","M","R","BOSS"],"build_version":"2019-01-23","purchased_purges":0,"victory":false,"max_hp_per_floor":[88,88,88,88,88,88,88,88,88,90,90,92,92,92,92,92,92,94,96,96,96,96,96,96,96,96,98,98,98,98,100,100,100],"card_choices":[{"not_picked":["Entrench","Battle Trance"],"picked":"Headbutt","floor":1},{"not_picked":["True Grit","Havoc"],"picked":"Armaments","floor":2},{"not_picked":["Searing Blow","Sword Boomerang"],"picked":"Whirlwind","floor":3},{"not_picked":["Sentinel","Battle Trance"],"picked":"Inflame","floor":4},{"not_picked":["Warcry","Hemokinesis"],"picked":"Cleave","floor":5},{"not_picked":["Anger","Flex"],"picked":"Shrug It Off","floor":7},{"not_picked":["Headbutt","Exhume","True Grit"],"picked":"SKIP","floor":8},{"not_picked":["Twin Strike","Perfected Strike","Sword Boomerang"],"picked":"Singing Bowl","floor":10},{"not_picked":["Body Slam","Rage"],"picked":"Iron Wave","floor":11},{"not_picked":["Burning Pact","Cleave","Pummel"],"picked":"Singing Bowl","floor":12},{"not_picked":["Shrug It Off","Bludgeon"],"picked":"Iron Wave","floor":14},{"not_picked":["Reaper","Offering"],"picked":"Limit Break","floor":16},{"not_picked":["Power Through+1","Thunderclap","True Grit"],"picked":"Singing Bowl","floor":18},{"not_picked":["Havoc","Seeing Red","True Grit"],"picked":"Singing Bowl","floor":19},{"not_picked":["Searing Blow","Warcry"],"picked":"Armaments+1","floor":21},{"not_picked":["Wild Strike","Carnage"],"picked":"Dropkick+1","floor":22},{"not_picked":["Combust","Cleave","Twin Strike+1"],"picked":"Singing Bowl","floor":27},{"not_picked":["Anger","Double Tap"],"picked":"Disarm","floor":29},{"not_picked":["Warcry","Twin Strike","Pommel Strike"],"picked":"Singing Bowl","floor":31}],"player_experience":336113,"relics_obtained":[{"floor":8,"key":"Matryoshka"},{"floor":9,"key":"Regal Pillow"},{"floor":9,"key":"Blue Candle"},{"floor":10,"key":"Singing Bowl"},{"floor":24,"key":"Ancient Tea Set"},{"floor":26,"key":"Juzu Bracelet"}],"event_choices":[{"damage_healed":0,"gold_gain":0,"player_choice":"Inject Mutagens","damage_taken":0,"relics_obtained":["MutagenicStrength"],"max_hp_gain":0,"max_hp_loss":0,"event_name":"Drug Dealer","floor":28,"gold_loss":0}],"is_beta":false,"boss_relics":[{"not_picked":["Empty Cage","Lizard Tail"],"picked":"Cursed Key"}],"items_purged_floors":[],"is_endless":false,"potions_floor_spawned":[1,5,11,12,16,19,22,29],"killed_by":"Collector","ascension_level":0}