{"gold_per_floor":[109,109,184,197,222,222,242,266,266,290,308,308,292,292,292,411,411,424,6,30,30,50,50,50],"floor_reached":24,"playtime":1745,"items_purged":["Defend_B"],"score":192,"play_id":"c8b70aa8-4eae-4563-a1c3-4db41440383d","local_time":"20190210225645","is_ascension_mode":false,"campfire_choices":[{"data":"Streamline","floor":6,"key":"SMITH"},{"floor":15,"key":"REST"},{"data":"Buffer","floor":23,"key":"SMITH"}],"neow_cost":"NONE","seed_source_timestamp":46018822824443,"circlet_count":0,"master_deck":["Strike_B+1","Defend_B","Defend_B","Defend_B","Zap","Dualcast","Sunder","Streamline+1","Recycle","Chill","Static Discharge","Chaos","Reinforced Body","Leap","Rebound","Buffer+1","Hologram+1","Amplify+1","Echo Form+1","Ball Lightning+1","Loop","Ball Lightning+1","FTL+1","Streamline+1"],"relics":["Cracked Core","Bloody Idol","Dream Catcher","FaceOfCleric","Astrolabe","Molten Egg 2"],"potions_floor_usage":[16,16,16,18,20,24],"damage_taken":[{"damage":0,"enemies":"Cultist","floor":1,"turns":3},{"damage":1,"enemies":"Jaw Worm","floor":4,"turns":3},{"damage":0,"enemies":"Small Slimes","floor":5,"turns":2},{"damage":28,"enemies":"Gremlin Gang","floor":7,"turns":4},{"damage":3,"enemies":"3 Louse","floor":8,"turns":3},{"damage":13,"enemies":"Red Slaver","floor":10,"turns":2},{"damage":8,"enemies":"2 Fungi Beasts","floor":11,"turns":3},{"damage":3,"enemies":"Exordium Thugs","floor":13,"turns":5},{"damage":9,"enemies":"The Guardian","floor":16,"turns":13},{"damage":24,"enemies":"Shell Parasite","floor":18,"turns":6},{"damage":3,"enemies":"Spheric Guardian","floor":20,"turns":5},{"damage":16,"enemies":"Shelled Parasite and Fungi","floor":22,"turns":8},{"damage":57,"enemies":"Book of Stabbing","floor":24,"turns":8}],"seed_played":"2428224691908742960","potions_obtained":[{"floor":1,"key":"Poison Potion"},{"floor":5,"key":"Dexterity Potion"},{"floor":12,"key":"SkillPotion"},{"floor":12,"key":"SpeedPotion"},{"floor":16,"key":"Regen Potion"},{"floor":18,"key":"EssenceOfSteel"},{"floor":22,"key":"FocusPotion"}],"is_trial":false,"path_per_floor":["M","?","?","M","M","R","M","M","T","M","M","?","M","?","R","B",null,"M","$","M","?","M","R","E"],"character_chosen":"DEFECT","items_purchased":["Molten Egg 2","Loop","Ball Lightning+1"],"campfire_rested":1,"item_purchase_floors":[19,19,19],"current_hp_per_floor":[75,57,57,56,56,56,28,25,25,12,4,4,1,1,23,15,76,65,65,63,63,53,53,0],"gold":50,"neow_bonus":"UPGRADE_CARD","is_prod":false,"is_daily":false,"chose_seed":false,"campfire_upgraded":2,"win_rate":0.0,"timestamp":1549861005,"path_taken":["M","?","?","M","M","R","M","M","T","M","M","?","?","?","R","BOSS","M","$","M","?","M","R","E"],"build_version":"2019-01-23","purchased_purges":1,"victory":false,"max_hp_per_floor":[75,75,75,75,75,75,75,75,75,75,75,75,75,75,75,76,76,77,77,78,78,79,79,79],"card_choices":[{"not_picked":["Genetic Algorithm","Turbo"],"picked":"Sunder","floor":1},{"not_picked":["Sweeping Beam","Redo"],"picked":"Streamline","floor":4},{"not_picked":["Steam","Aggregate"],"picked":"Recycle","floor":5},{"not_picked":["Gash","Barrage"],"picked":"Chill","floor":7},{"not_picked":["White Noise","Defragment"],"picked":"Static Discharge","floor":8},{"not_picked":["Heatsinks","Consume"],"picked":"Chaos","floor":10},{"not_picked":["Gash","Coolheaded"],"picked":"Reinforced Body","floor":11},{"not_picked":["Hologram","Steam"],"picked":"Leap","floor":13},{"not_picked":["Cold Snap","Turbo"],"picked":"Rebound","floor":15},{"not_picked":["All For One","Fission"],"picked":"Buffer","floor":16},{"not_picked":["Fusion+1","Sunder"],"picked":"Ball Lightning+1","floor":18},{"not_picked":["Conserve Battery","Gash+1"],"picked":"FTL+1","floor":20},{"not_picked":["Static Discharge","Turbo"],"picked":"Streamline+1","floor":22}],"player_experience":33267,"relics_obtained":[{"floor":9,"key":"Dream Catcher"}],"event_choices":[{"damage_healed":0,"gold_gain":0,"player_choice":"Take Damage","damage_taken":18,"relics_obtained":["Golden Idol"],"max_hp_gain":0,"max_hp_loss":0,"event_name":"Golden Idol","floor":2,"gold_loss":0},{"damage_healed":0,"gold_gain":75,"player_choice":"Gained Gold","damage_taken":0,"max_hp_gain":0,"max_hp_loss":0,"event_name":"Golden Wing","floor":3,"gold_loss":0},{"damage_healed":0,"gold_gain":0,"player_choice":"Got Potions","damage_taken":0,"max_hp_gain":0,"max_hp_loss":0,"event_name":"Lab","floor":12,"gold_loss":0},{"damage_healed":0,"gold_gain":0,"player_choice":"Trade","damage_taken":0,"relics_obtained":["FaceOfCleric"],"max_hp_gain":0,"max_hp_loss":0,"event_name":"FaceTrader","floor":14,"gold_loss":0},{"damage_healed":0,"gold_gain":0,"player_choice":"Gave Idol","damage_taken":0,"relics_obtained":["Bloody Idol"],"max_hp_gain":0,"max_hp_loss":0,"event_name":"Forgotten Altar","floor":21,"relics_lost":["Golden Idol"],"gold_loss":0}],"is_beta":false,"boss_relics":[{"not_picked":["Calling Bell","Busted Crown"],"picked":"Astrolabe"}],"items_purged_floors":[19],"is_endless":false,"potions_floor_spawned":[1,5,13,16,18,22],"killed_by":"Book of Stabbing","ascension_level":0}