{"gold_per_floor":[117,137,189,205,50,50,50,66,66,66,80,80,51,51,51,151,151,168,168,187,187,201,201,214,214,241,256,267,267,282,297,297,297],"floor_reached":33,"playtime":1519,"items_purged":[],"score":316,"play_id":"4b539342-0c45-40be-b3a8-92622db3f94d","local_time":"20190219165008","is_ascension_mode":false,"campfire_choices":[{"data":"Zap","floor":6,"key":"SMITH"},{"data":"Dualcast","floor":10,"key":"SMITH"},{"data":"Sunder","floor":12,"key":"SMITH"},{"data":"Glacier","floor":15,"key":"SMITH"},{"data":"Static Discharge","floor":23,"key":"SMITH"},{"data":"Self Repair","floor":25,"key":"SMITH"},{"data":"Electrodynamics","floor":29,"key":"SMITH"},{"data":"Leap","floor":32,"key":"SMITH"}],"neow_cost":"NONE","seed_source_timestamp":28880334995034,"circlet_count":0,"master_deck":["Strike_B","Strike_B","Strike_B","Strike_B","Defend_B","Defend_B","Defend_B","Defend_B","Zap+1","Dualcast+1","Sunder+1","Glacier+1","Self Repair+1","Leap+1","Self Repair","Electrodynamics+1","Static Discharge+1","Chill","Tempest","Turbo","Clumsy","Melter","Stack","Leap+1"],"relics":["Cracked Core","Dream Catcher","Darkstone Periapt","Question Card","Cursed Key","Orichalcum","Potion Belt"],"potions_floor_usage":[8,16,16,20,27],"damage_taken":[{"damage":6,"enemies":"Jaw Worm","floor":1,"turns":3},{"damage":0,"enemies":"Small Slimes","floor":2,"turns":2},{"damage":1,"enemies":"Cultist","floor":4,"turns":3},{"damage":2,"enemies":"3 Louse","floor":8,"turns":2},{"damage":0,"enemies":"Looter","floor":11,"turns":3},{"damage":0,"enemies":"Slime Boss","floor":16,"turns":9},{"damage":15,"enemies":"Chosen","floor":18,"turns":5},{"damage":21,"enemies":"2 Thieves","floor":20,"turns":3},{"damage":14,"enemies":"Centurion and Healer","floor":22,"turns":7},{"damage":11,"enemies":"Chosen and Byrds","floor":24,"turns":5},{"damage":4,"enemies":"Cultist and Chosen","floor":27,"turns":6},{"damage":10,"enemies":"Snecko","floor":28,"turns":5},{"damage":14,"enemies":"3 Cultists","floor":30,"turns":6},{"damage":3,"enemies":"Centurion and Healer","floor":31,"turns":4},{"damage":97,"enemies":"Champ","floor":33,"turns":14}],"seed_played":"4293898077896834859","potions_obtained":[{"floor":1,"key":"Fire Potion"},{"floor":2,"key":"Poison Potion"},{"floor":8,"key":"Energy Potion"},{"floor":11,"key":"Fire Potion"},{"floor":24,"key":"Poison Potion"},{"floor":31,"key":"Ancient Potion"}],"is_trial":false,"path_per_floor":["M","M","?","M","$","R","?","M","T","R","M","R","?","?","R","B",null,"M","?","M","?","M","R","M","R","T","M","M","R","M","M","R","B"],"character_chosen":"DEFECT","items_purchased":["Dream Catcher"],"campfire_rested":0,"item_purchase_floors":[5],"current_hp_per_floor":[76,76,76,75,75,75,75,80,80,80,80,80,80,77,77,77,82,67,73,66,66,66,66,69,69,75,88,88,88,91,94,94,0],"gold":297,"neow_bonus":"TEN_PERCENT_HP_BONUS","is_prod":false,"is_daily":false,"chose_seed":false,"campfire_upgraded":8,"win_rate":0,"timestamp":1550616608,"path_taken":["M","M","?","M","$","R","?","M","T","R","?","R","?","?","R","BOSS","M","?","M","?","M","R","?","R","T","M","M","R","M","M","R","BOSS"],"build_version":"2019-01-23","purchased_purges":0,"victory":false,"max_hp_per_floor":[82,82,82,82,82,82,82,82,82,82,82,82,82,82,82,82,82,82,88,88,88,88,88,88,88,94,94,94,94,94,94,94,94],"card_choices":[{"not_picked":["Steam Power","Stack"],"picked":"Sunder","floor":1},{"not_picked":["Steam Power","Sunder"],"picked":"Glacier","floor":2},{"not_picked":["Glacier","Chill"],"picked":"Self Repair","floor":4},{"not_picked":["Tempest","Turbo"],"picked":"Leap","floor":8},{"not_picked":["White Noise","Chaos"],"picked":"Self Repair","floor":11},{"not_picked":["Multi-Cast","Meteor Strike","Amplify"],"picked":"Electrodynamics","floor":16},{"not_picked":["Gash+1","Lockon","Compile Driver"],"picked":"Static Discharge","floor":18},{"not_picked":["White Noise","Gash","Sweeping Beam"],"picked":"Chill","floor":20},{"not_picked":["Redo","Compile Driver","Coolheaded"],"picked":"Tempest","floor":22},{"not_picked":["Ball Lightning","Beam Cell","Steam"],"picked":"Turbo","floor":24},{"not_picked":["Stack+1","Streamline+1","Aggregate+1"],"picked":"Melter","floor":27},{"not_picked":["Redo","Static Discharge","Meteor Strike"],"picked":"Stack","floor":28},{"not_picked":["Cold Snap","Stack","Turbo","Barrage+1"],"picked":"SKIP","floor":30},{"not_picked":["Conserve Battery","Chaos","Beam Cell"],"picked":"Leap+1","floor":31}],"player_experience":260423,"relics_obtained":[{"floor":9,"key":"Darkstone Periapt"},{"floor":26,"key":"Potion Belt"}],"event_choices":[{"damage_healed":0,"gold_gain":52,"player_choice":"Gained Gold","damage_taken":0,"max_hp_gain":0,"max_hp_loss":0,"event_name":"Golden Wing","floor":3,"gold_loss":0},{"damage_healed":0,"gold_gain":0,"player_choice":"Ignored","damage_taken":0,"max_hp_gain":0,"max_hp_loss":0,"event_name":"NoteForYourself","floor":7,"gold_loss":0},{"damage_healed":0,"gold_gain":0,"player_choice":"Left Gold","damage_taken":0,"max_hp_gain":0,"max_hp_loss":0,"event_name":"World of Goop","floor":13,"gold_loss":29},{"damage_healed":0,"gold_gain":0,"player_choice":"Success","damage_taken":3,"relics_obtained":["Question Card"],"max_hp_gain":0,"max_hp_loss":0,"event_name":"Scrap Ooze","floor":14,"gold_loss":0},{"damage_healed":0,"gold_gain":0,"player_choice":"Opened","damage_taken":0,"relics_obtained":["Orichalcum"],"max_hp_gain":0,"max_hp_loss":0,"event_name":"The Mausoleum","floor":19,"gold_loss":0,"cards_obtained":["Writhe"]},{"cards_removed":["Writhe"],"damage_healed":0,"gold_gain":0,"player_choice":"Removed Curses","damage_taken":0,"max_hp_gain":0,"max_hp_loss":0,"event_name":"Fountain of Cleansing","floor":21,"gold_loss":0}],"is_beta":false,"boss_relics":[{"not_picked":["White Beast Statue","Pandora\u0027s Box"],"picked":"Cursed Key"}],"items_purged_floors":[],"is_endless":false,"potions_floor_spawned":[1,2,8,11,24,31],"killed_by":"Champ","ascension_level":0}