{"gold_per_floor":[113,128,146,96,112,141,160,174,199,199,224,236,253,253,253,356,356,373,383,393,393],"floor_reached":21,"playtime":1409,"items_purged":[],"score":266,"play_id":"f3149518-8579-446c-96a8-cbe029a1d211","local_time":"20181106203419","is_ascension_mode":true,"campfire_choices":[{"data":"True Grit","floor":10,"key":"SMITH"},{"floor":15,"key":"REST"}],"neow_cost":"NONE","seed_source_timestamp":2405147191298894,"circlet_count":0,"master_deck":["Strike_R","Strike_R+1","Strike_R+1","Strike_R","Defend_R","Defend_R","Defend_R","Defend_R","Bash","Headbutt","Evolve","True Grit+1","Inflame","Shrug It Off","Twin Strike","Shrug It Off"],"relics":["Burning Blood","Whetstone","Regal Pillow","Nunchaku","Velvet Choker"],"potions_floor_usage":[6,11,16,16],"damage_taken":[{"damage":2,"enemies":"Jaw Worm","floor":1,"turns":3},{"damage":1,"enemies":"2 Louse","floor":2,"turns":3},{"damage":15,"enemies":"Cultist","floor":3,"turns":5},{"damage":18,"enemies":"Large Slime","floor":5,"turns":7},{"damage":31,"enemies":"3 Sentries","floor":6,"turns":11},{"damage":6,"enemies":"Red Slaver","floor":7,"turns":5},{"damage":9,"enemies":"Blue Slaver","floor":8,"turns":4},{"damage":31,"enemies":"Gremlin Nob","floor":11,"turns":6},{"damage":10,"enemies":"Looter","floor":12,"turns":5},{"damage":8,"enemies":"2 Fungi Beasts","floor":13,"turns":5},{"damage":54,"enemies":"The Guardian","floor":16,"turns":24},{"damage":26,"enemies":"Shell Parasite","floor":18,"turns":14},{"damage":19,"enemies":"Spheric Guardian","floor":19,"turns":4},{"damage":18,"enemies":"Shelled Parasite and Fungi","floor":20,"turns":7},{"damage":24,"enemies":"Snake Plant","floor":21,"turns":1}],"seed_played":"-973084056512904367","potions_obtained":[{"floor":1,"key":"SpeedPotion"},{"floor":3,"key":"Regen Potion"},{"floor":5,"key":"FearPotion"},{"floor":6,"key":"FairyPotion"},{"floor":8,"key":"Dexterity Potion"},{"floor":13,"key":"SpeedPotion"},{"floor":18,"key":"Fire Potion"},{"floor":19,"key":"Explosive Potion"}],"is_trial":false,"path_per_floor":["M","M","M","?","M","E","M","M","T","R","E","M","M","?","R","B",null,"M","M","M","M"],"character_chosen":"IRONCLAD","items_purchased":[],"campfire_rested":1,"item_purchase_floors":[],"current_hp_per_floor":[76,80,71,71,59,49,49,46,46,46,21,17,15,15,54,14,64,44,31,19,0],"gold":393,"neow_bonus":"THREE_CARDS","is_prod":false,"is_daily":false,"chose_seed":false,"campfire_upgraded":1,"win_rate":0,"timestamp":1541532859,"path_taken":["M","M","M","?","M","E","M","M","T","R","E","M","M","?","R","BOSS","M","M","M","M"],"build_version":"2018-11-01","purchased_purges":0,"victory":false,"max_hp_per_floor":[80,80,80,80,80,80,80,80,80,80,80,80,80,80,80,80,80,80,80,80,80],"card_choices":[{"not_picked":["Infernal Blade","Havoc"],"picked":"Headbutt","floor":0},{"not_picked":["Twin Strike","Havoc"],"picked":"Evolve","floor":1},{"not_picked":["Power Through","Dual Wield","Fire Breathing"],"picked":"SKIP","floor":2},{"not_picked":["Bloodletting","Inflame"],"picked":"True Grit","floor":3},{"not_picked":["Dropkick","Rupture","True Grit"],"picked":"SKIP","floor":5},{"not_picked":["Flex","Sentinel","Power Through"],"picked":"SKIP","floor":6},{"not_picked":["Immolate","Headbutt"],"picked":"Inflame","floor":7},{"not_picked":["Twin Strike","Pummel"],"picked":"Shrug It Off","floor":8},{"not_picked":["Clothesline","Exhume","Corruption"],"picked":"SKIP","floor":11},{"not_picked":["Clash","Sentinel","Second Wind"],"picked":"SKIP","floor":12},{"not_picked":["True Grit","Dropkick","Corruption"],"picked":"SKIP","floor":13},{"not_picked":["Wild Strike","Sentinel+1"],"picked":"Twin Strike","floor":18},{"not_picked":["Corruption","Blood for Blood"],"picked":"Shrug It Off","floor":19},{"not_picked":["Clash","Flame Barrier","Twin Strike"],"picked":"SKIP","floor":20}],"player_experience":530287,"relics_obtained":[{"floor":6,"key":"Whetstone"},{"floor":9,"key":"Regal Pillow"},{"floor":11,"key":"Nunchaku"}],"event_choices":[{"cards_removed":["Strike_R"],"damage_healed":0,"gold_gain":0,"player_choice":"Card Removal","damage_taken":0,"max_hp_gain":0,"max_hp_loss":0,"event_name":"The Cleric","floor":4,"gold_loss":50},{"damage_healed":0,"gold_gain":30,"player_choice":"Searched \u00272\u0027 times","damage_taken":0,"max_hp_gain":0,"max_hp_loss":0,"event_name":"Dead Adventurer","floor":14,"gold_loss":0}],"is_beta":false,"boss_relics":[{"not_picked":["Sozu","Empty Cage"],"picked":"Velvet Choker"}],"items_purged_floors":[],"is_endless":false,"potions_floor_spawned":[1,3,5,6,8,13,18,19],"killed_by":"Snake Plant","ascension_level":7}