{"gold_per_floor":[112,112,125,136,151,151,180,180,180,180,196,228,247,264,264,338,338,358,358,374,31,81,81],"floor_reached":23,"playtime":767,"items_purged":["Strike_B"],"score":376,"play_id":"a6768624-2a78-4325-8651-63f33feb4709","local_time":"20190202215249","is_ascension_mode":true,"campfire_choices":[{"floor":6,"key":"REST"},{"data":"Zap","floor":8,"key":"SMITH"},{"floor":10,"key":"REST"},{"data":"Dualcast","floor":15,"key":"SMITH"}],"neow_cost":"NONE","seed_source_timestamp":799596958066100,"circlet_count":0,"master_deck":["AscendersBane","Strike_B","Strike_B","Strike_B","Defend_B","Defend_B","Defend_B","Defend_B","Zap+1","Dualcast+1","Electrodynamics","Lockon","Steam","Core Surge","Sweeping Beam","Echo Form+1","Core Surge","Reinforced Body","Conserve Battery","FTL","FTL","Loop+1","Self Repair+1","Self Repair+1"],"relics":["Cracked Core","Sundial","Frozen Egg 2","Pear","Orrery","Membership Card"],"potions_floor_usage":[11,12,16,20,23],"damage_taken":[{"damage":16,"enemies":"Small Slimes","floor":1,"turns":5},{"damage":7,"enemies":"Jaw Worm","floor":3,"turns":3},{"damage":1,"enemies":"Cultist","floor":4,"turns":3},{"damage":18,"enemies":"Exordium Thugs","floor":5,"turns":3},{"damage":15,"enemies":"3 Sentries","floor":7,"turns":4},{"damage":1,"enemies":"Looter","floor":11,"turns":3},{"damage":8,"enemies":"Gremlin Nob","floor":12,"turns":3},{"damage":13,"enemies":"Blue Slaver","floor":13,"turns":4},{"damage":15,"enemies":"Exordium Wildlife","floor":14,"turns":5},{"damage":21,"enemies":"Hexaghost","floor":16,"turns":9},{"damage":28,"enemies":"Shell Parasite","floor":18,"turns":7},{"damage":20,"enemies":"2 Thieves","floor":20,"turns":3},{"damage":14,"enemies":"Book of Stabbing","floor":23,"turns":1}],"seed_played":"8656373471184292052","potions_obtained":[{"floor":1,"key":"Explosive Potion"},{"floor":3,"key":"Block Potion"},{"floor":7,"key":"FocusPotion"},{"floor":11,"key":"PowerPotion"},{"floor":14,"key":"AttackPotion"},{"floor":20,"key":"Ancient Potion"}],"is_trial":false,"path_per_floor":["M","?","M","M","M","R","E","R","T","R","M","E","M","M","R","B",null,"M","?","M","$","?","E"],"character_chosen":"DEFECT","items_purchased":["Membership Card","Self Repair+1","FocusPotion"],"campfire_rested":2,"item_purchase_floors":[21,21,21],"current_hp_per_floor":[48,48,41,40,22,43,28,28,28,49,48,50,37,22,22,1,61,33,33,13,13,13,0],"gold":81,"neow_bonus":"ONE_RANDOM_RARE_CARD","is_prod":false,"is_daily":false,"chose_seed":false,"campfire_upgraded":2,"win_rate":0,"timestamp":1549140769,"path_taken":["M","?","M","M","M","R","E","R","T","R","M","E","M","M","R","BOSS","M","?","M","$","?","E"],"build_version":"2019-01-23","purchased_purges":1,"victory":false,"max_hp_per_floor":[71,71,71,71,71,71,71,71,71,71,71,81,81,81,81,81,81,81,81,81,81,81,81],"card_choices":[{"not_picked":["Turbo","Stack","Undo"],"picked":"SKIP","floor":1},{"not_picked":["Barrage","Stack"],"picked":"Lockon","floor":3},{"not_picked":["Stack","Storm","Heatsinks"],"picked":"SKIP","floor":4},{"not_picked":["Hologram","Reprogram","Coolheaded"],"picked":"SKIP","floor":5},{"not_picked":["Steam Power","Rainbow","Darkness"],"picked":"SKIP","floor":7},{"not_picked":["Chaos","Rebound"],"picked":"Steam","floor":11},{"not_picked":["Steam","Glacier"],"picked":"Core Surge","floor":12},{"not_picked":["Barrage","Static Discharge+1","Go for the Eyes"],"picked":"SKIP","floor":13},{"not_picked":["Steam Power","Hello World+1"],"picked":"Sweeping Beam","floor":14},{"not_picked":["Seek","Reboot"],"picked":"Echo Form+1","floor":16},{"not_picked":["Go for the Eyes","Force Field"],"picked":"Core Surge","floor":17},{"not_picked":["Tempest","White Noise"],"picked":"Reinforced Body","floor":17},{"not_picked":["Stack","Redo"],"picked":"Conserve Battery","floor":17},{"not_picked":["Beam Cell","Compile Driver"],"picked":"FTL","floor":17},{"not_picked":["Stack","Rebound"],"picked":"FTL","floor":17},{"not_picked":["Doom and Gloom","Aggregate"],"picked":"Loop+1","floor":18},{"not_picked":["Beam Cell","Ball Lightning"],"picked":"Self Repair+1","floor":20}],"player_experience":445948,"relics_obtained":[{"floor":7,"key":"Sundial"},{"floor":9,"key":"Frozen Egg 2"},{"floor":12,"key":"Pear"}],"event_choices":[{"damage_healed":0,"gold_gain":0,"player_choice":"Ignored","damage_taken":0,"max_hp_gain":0,"max_hp_loss":0,"event_name":"Liars Game","floor":2,"gold_loss":0},{"damage_healed":0,"gold_gain":0,"player_choice":"Ignored","damage_taken":0,"max_hp_gain":0,"max_hp_loss":0,"event_name":"Cursed Tome","floor":19,"gold_loss":0},{"damage_healed":0,"gold_gain":50,"player_choice":"Stole From Cult","damage_taken":0,"max_hp_gain":0,"max_hp_loss":0,"event_name":"Nest","floor":22,"gold_loss":0}],"is_beta":false,"boss_relics":[{"not_picked":["Lizard Tail","Busted Crown"],"picked":"Orrery"}],"items_purged_floors":[21],"is_endless":false,"potions_floor_spawned":[1,3,7,11,14,20],"killed_by":"Book of Stabbing","ascension_level":17}