{"gold_per_floor":[117,128,145,220,233,233,252,252,328,342,342,374,374,390,390,485,535,554,571,588,606,38,38,58,58,58,58,75,75,75,85,85,85],"floor_reached":33,"playtime":1524,"items_purged":[],"score":278,"play_id":"0caf3620-545f-491a-af7c-17f679f146d6","local_time":"20190303231032","is_ascension_mode":false,"campfire_choices":[{"floor":6,"key":"REST"},{"data":"Skewer","floor":8,"key":"SMITH"},{"floor":13,"key":"REST"},{"floor":15,"key":"DIG"},{"floor":23,"key":"REST"},{"floor":27,"key":"REST"},{"floor":30,"key":"REST"},{"floor":32,"key":"DIG"}],"neow_cost":"PERCENT_DAMAGE","seed_source_timestamp":11341763455156,"circlet_count":0,"master_deck":["Defend_G","Defend_G","Defend_G","Defend_G","Defend_G","Strike_G","Strike_G","Strike_G+1","Strike_G","Strike_G","Survivor","Neutralize","Well Laid Plans","Accuracy","Skewer+1","Cloak And Dagger","Caltrops","Corpse Explosion","Dash","Storm of Steel","Flying Knee","Predator+1","Endless Agony","Cloak And Dagger","Blade Dance","Panache","PiercingWail","Terror","Poisoned Stab+1","Unload+1"],"relics":["Ring of the Snake","Gambling Chip","Sundial","FaceOfCleric","Shovel","Omamori","Tiny House","Toy Ornithopter","Bag of Marbles","Molten Egg 2","Pantograph","Potion Belt"],"potions_floor_usage":[12,12,16,20,24,24,31,33],"damage_taken":[{"damage":4,"enemies":"Cultist","floor":1,"turns":4},{"damage":0,"enemies":"2 Louse","floor":2,"turns":3},{"damage":0,"enemies":"Small Slimes","floor":3,"turns":3},{"damage":1,"enemies":"Red Slaver","floor":5,"turns":5},{"damage":1,"enemies":"Exordium Wildlife","floor":7,"turns":4},{"damage":4,"enemies":"Looter","floor":10,"turns":3},{"damage":23,"enemies":"Gremlin Nob","floor":12,"turns":4},{"damage":1,"enemies":"Blue Slaver","floor":14,"turns":5},{"damage":25,"enemies":"The Guardian","floor":16,"turns":15},{"damage":19,"enemies":"Spheric Guardian","floor":18,"turns":5},{"damage":19,"enemies":"Shell Parasite","floor":19,"turns":7},{"damage":13,"enemies":"3 Cultists","floor":20,"turns":3},{"damage":19,"enemies":"Chosen and Byrds","floor":21,"turns":4},{"damage":14,"enemies":"Centurion and Healer","floor":24,"turns":5},{"damage":4,"enemies":"Cultist and Chosen","floor":28,"turns":4},{"damage":0,"enemies":"Snecko","floor":31,"turns":3},{"damage":101,"enemies":"Collector","floor":33,"turns":12}],"seed_played":"7459668174654584009","potions_obtained":[{"floor":3,"key":"Energy Potion"},{"floor":5,"key":"EssenceOfSteel"},{"floor":14,"key":"EssenceOfSteel"},{"floor":17,"key":"Strength Potion"},{"floor":19,"key":"Dexterity Potion"},{"floor":20,"key":"SpeedPotion"},{"floor":24,"key":"SkillPotion"},{"floor":31,"key":"Weak Potion"}],"is_trial":false,"path_per_floor":["M","M","M","?","M","R","M","R","T","M","?","E","R","M","R","B",null,"M","M","M","M","$","R","M","?","T","R","M","?","R","M","R","B"],"character_chosen":"THE_SILENT","items_purchased":["Panache","PiercingWail","Toy Ornithopter","Bag of Marbles"],"campfire_rested":5,"item_purchase_floors":[22,22,22,22],"current_hp_per_floor":[45,45,45,34,33,54,53,53,53,49,49,27,48,48,48,24,78,60,42,30,12,12,36,33,33,33,57,54,38,64,70,70,0],"gold":85,"neow_bonus":"ONE_RARE_RELIC","is_prod":false,"is_daily":false,"chose_seed":false,"campfire_upgraded":1,"win_rate":0,"timestamp":1551676232,"path_taken":["M","M","?","?","M","R","M","R","T","M","?","E","R","?","R","BOSS","M","M","M","M","$","R","M","?","T","R","M","?","R","M","R","BOSS"],"build_version":"2019-01-23","purchased_purges":0,"victory":false,"max_hp_per_floor":[70,70,70,70,70,70,70,70,70,70,70,71,71,72,72,73,78,79,80,81,82,82,82,83,83,83,83,84,89,89,90,90,90],"card_choices":[{"not_picked":["Quick Slash","Concentrate"],"picked":"Well Laid Plans","floor":1},{"not_picked":["Prepared","Sucker Punch"],"picked":"Accuracy","floor":2},{"not_picked":["Backflip","Sucker Punch"],"picked":"Skewer","floor":3},{"not_picked":["Backflip","Heel Hook"],"picked":"Cloak And Dagger","floor":5},{"not_picked":["Dodge and Roll","Footwork"],"picked":"Caltrops","floor":7},{"not_picked":["Leg Sweep","Sucker Punch"],"picked":"Corpse Explosion","floor":10},{"not_picked":["Deflect","Predator"],"picked":"Dash","floor":12},{"not_picked":["Sucker Punch","Well Laid Plans","Dagger Throw"],"picked":"SKIP","floor":14},{"not_picked":["Corpse Explosion","After Image"],"picked":"Storm of Steel","floor":16},{"not_picked":["Prepared","Caltrops"],"picked":"Flying Knee","floor":17},{"not_picked":["Tactician+1","Blur"],"picked":"Predator+1","floor":18},{"not_picked":["Bane","Slice"],"picked":"Endless Agony","floor":19},{"not_picked":["Flechettes","Sucker Punch"],"picked":"Cloak And Dagger","floor":20},{"not_picked":["Acrobatics","Flying Knee"],"picked":"Blade Dance","floor":21},{"not_picked":["Expertise","Eviscerate+1"],"picked":"Terror","floor":24},{"not_picked":["Slice+1","Predator+1"],"picked":"Poisoned Stab+1","floor":28},{"not_picked":["Bane+1","Underhanded Strike+1"],"picked":"Unload+1","floor":31}],"player_experience":494156,"relics_obtained":[{"floor":9,"key":"Sundial"},{"floor":12,"key":"Shovel"},{"floor":15,"key":"Omamori"},{"floor":26,"key":"Pantograph"},{"floor":32,"key":"Potion Belt"}],"event_choices":[{"damage_healed":0,"gold_gain":75,"player_choice":"Gather Gold","damage_taken":11,"max_hp_gain":0,"max_hp_loss":0,"event_name":"World of Goop","floor":4,"gold_loss":0},{"damage_healed":0,"gold_gain":0,"player_choice":"Trade","damage_taken":0,"relics_obtained":["FaceOfCleric"],"max_hp_gain":0,"max_hp_loss":0,"event_name":"FaceTrader","floor":11,"gold_loss":0},{"damage_healed":0,"gold_gain":0,"player_choice":"Stole Relic","damage_taken":0,"relics_obtained":["Molten Egg 2"],"max_hp_gain":0,"max_hp_loss":0,"event_name":"Addict","floor":25,"gold_loss":0,"cards_obtained":["Shame"]},{"damage_healed":0,"gold_gain":0,"player_choice":"Shed Blood","damage_taken":21,"max_hp_gain":5,"max_hp_loss":0,"event_name":"Forgotten Altar","floor":29,"gold_loss":0}],"is_beta":false,"boss_relics":[{"not_picked":["Snecko Eye","Fusion Hammer"],"picked":"Tiny House"}],"items_purged_floors":[],"is_endless":false,"potions_floor_spawned":[3,5,14,19,20,24,31],"killed_by":"Collector","ascension_level":0}