{"gold_per_floor":[217,61,61,72,72,104,104,136,136,136,149,174,235,235,235,331,331,356,281,295,295,295,295,316,316,616,659,659,678,699,46,46,46],"floor_reached":33,"playtime":1641,"items_purged":[],"score":566,"play_id":"49f7de35-6eac-488c-b9c5-a5ece8ef7b17","local_time":"20190218170144","is_ascension_mode":true,"campfire_choices":[{"floor":7,"key":"REST"},{"data":"Footwork","floor":10,"key":"SMITH"},{"floor":15,"key":"REST"},{"data":"Catalyst","floor":23,"key":"SMITH"},{"data":"Footwork","floor":25,"key":"SMITH"},{"data":"Caltrops","floor":28,"key":"SMITH"},{"floor":32,"key":"REST"}],"neow_cost":"NONE","seed_source_timestamp":290167539521300,"circlet_count":0,"master_deck":["AscendersBane","Defend_G+1","Defend_G+1","Defend_G+1","Defend_G+1","Defend_G+1","Strike_G+1","Strike_G+1","Strike_G+1","Strike_G+1","Survivor","Neutralize","Footwork+1","Footwork+1","Cloak And Dagger","Sucker Punch","Deflect","PiercingWail","Caltrops+1","Deadly Poison","Poisoned Stab","Corpse Explosion","Poisoned Stab+1","Catalyst+1","Leg Sweep","PiercingWail","Noxious Fumes","After Image"],"relics":["Ring of the Snake","Thread and Needle","Mummified Hand","Mango","Gremlin Horn","Calipers","Golden Idol","Black Star","Old Coin","Pantograph","Bottled Flame","Letter Opener","ClockworkSouvenir"],"potions_floor_usage":[6,8,13,24,27,33,33],"damage_taken":[{"damage":1,"enemies":"2 Louse","floor":1,"turns":4},{"damage":0,"enemies":"Jaw Worm","floor":4,"turns":7},{"damage":41,"enemies":"Gremlin Nob","floor":6,"turns":6},{"damage":21,"enemies":"Lagavulin","floor":8,"turns":14},{"damage":0,"enemies":"Small Slimes","floor":11,"turns":5},{"damage":0,"enemies":"3 Sentries","floor":12,"turns":13},{"damage":16,"enemies":"Gremlin Nob","floor":13,"turns":5},{"damage":21,"enemies":"The Guardian","floor":16,"turns":13},{"damage":14,"enemies":"2 Thieves","floor":18,"turns":4},{"damage":0,"enemies":"Chosen","floor":20,"turns":6},{"damage":0,"enemies":"Shelled Parasite and Fungi","floor":24,"turns":5},{"damage":21,"enemies":"Slavers","floor":27,"turns":4},{"damage":17,"enemies":"Chosen and Byrds","floor":29,"turns":8},{"damage":0,"enemies":"Snecko","floor":30,"turns":5},{"damage":76,"enemies":"Automaton","floor":33,"turns":12}],"seed_played":"2960659837392600600","potions_obtained":[{"floor":1,"key":"GamblersBrew"},{"floor":4,"key":"GamblersBrew"},{"floor":12,"key":"Fire Potion"},{"floor":16,"key":"Fire Potion"},{"floor":22,"key":"Poison Potion"},{"floor":29,"key":"Swift Potion"},{"floor":30,"key":"Energy Potion"}],"is_trial":false,"path_per_floor":["M","$","?","M","?","E","R","E","T","R","M","E","?","?","R","B",null,"M","?","M","?","?","R","M","R","T","E","R","M","M","$","R","B"],"character_chosen":"THE_SILENT","items_purchased":["Footwork","Cloak And Dagger","Sucker Punch","After Image","Letter Opener","ClockworkSouvenir"],"campfire_rested":3,"item_purchase_floors":[2,2,2,31,31,31],"current_hp_per_floor":[58,58,63,63,63,22,43,22,36,36,36,36,20,20,43,22,63,49,49,49,49,49,49,49,49,49,28,28,11,11,11,34,0],"gold":46,"neow_bonus":"HUNDRED_GOLD","is_prod":false,"is_daily":false,"chose_seed":false,"campfire_upgraded":4,"win_rate":0,"timestamp":1550505704,"path_taken":["M","$","?","M","?","E","R","E","T","R","M","E","?","?","R","BOSS","M","?","M","?","?","R","M","R","T","E","R","M","?","$","R","BOSS"],"build_version":"2019-01-23","purchased_purges":0,"victory":false,"max_hp_per_floor":[66,66,71,71,71,71,71,71,85,85,85,85,85,77,77,77,77,77,77,77,77,77,77,77,77,77,77,77,77,77,77,77,77],"card_choices":[{"not_picked":["Backstab","Prepared"],"picked":"Footwork","floor":1},{"not_picked":["Eviscerate","Underhanded Strike"],"picked":"Deflect","floor":4},{"not_picked":["Backflip","Bullet Time"],"picked":"PiercingWail","floor":6},{"not_picked":["Deflect","Tactician"],"picked":"Caltrops","floor":8},{"not_picked":["Endless Agony","Underhanded Strike","Deflect"],"picked":"SKIP","floor":11},{"not_picked":["Deflect","Cloak And Dagger"],"picked":"Deadly Poison","floor":12},{"not_picked":["Quick Slash","A Thousand Cuts"],"picked":"Poisoned Stab","floor":13},{"not_picked":["After Image","Grand Finale"],"picked":"Corpse Explosion","floor":16},{"not_picked":["Slice","Endless Agony"],"picked":"Poisoned Stab+1","floor":18},{"not_picked":["PiercingWail","Bouncing Flask"],"picked":"Catalyst","floor":20},{"not_picked":["Masterful Stab","Dagger Spray"],"picked":"Leg Sweep","floor":24},{"not_picked":["Caltrops","Choke"],"picked":"PiercingWail","floor":27},{"not_picked":["Slice","Wraith Form v2"],"picked":"Noxious Fumes","floor":29},{"not_picked":["Quick Slash","Blade Dance","Poisoned Stab"],"picked":"SKIP","floor":30}],"player_experience":517470,"relics_obtained":[{"floor":6,"key":"Thread and Needle"},{"floor":8,"key":"Mummified Hand"},{"floor":9,"key":"Mango"},{"floor":12,"key":"Gremlin Horn"},{"floor":26,"key":"Old Coin"},{"floor":27,"key":"Pantograph"},{"floor":27,"key":"Bottled Flame"}],"event_choices":[{"damage_healed":0,"gold_gain":0,"player_choice":"Donut","damage_taken":0,"max_hp_gain":5,"max_hp_loss":0,"event_name":"Big Fish","floor":3,"gold_loss":0},{"damage_healed":0,"gold_gain":0,"player_choice":"Ignored","damage_taken":0,"max_hp_gain":0,"max_hp_loss":0,"event_name":"Liars Game","floor":5,"gold_loss":0},{"damage_healed":0,"gold_gain":30,"player_choice":"Searched \u00273\u0027 times","damage_taken":0,"relics_obtained":["Calipers"],"max_hp_gain":0,"max_hp_loss":0,"event_name":"Dead Adventurer","floor":13,"gold_loss":0},{"damage_healed":0,"gold_gain":0,"player_choice":"Lose Max HP","damage_taken":0,"relics_obtained":["Golden Idol"],"max_hp_gain":0,"max_hp_loss":8,"event_name":"Golden Idol","floor":14,"gold_loss":0},{"cards_removed":["Strike_G"],"damage_healed":0,"gold_gain":0,"player_choice":"Gave Gold","damage_taken":0,"max_hp_gain":0,"max_hp_loss":0,"event_name":"Beggar","floor":19,"gold_loss":75},{"damage_healed":0,"gold_gain":0,"player_choice":"Simplicity","damage_taken":0,"max_hp_gain":0,"max_hp_loss":0,"event_name":"Back to Basics","floor":21,"gold_loss":0,"cards_upgraded":["Defend_G","Defend_G","Defend_G","Defend_G","Defend_G","Strike_G","Strike_G","Strike_G","Strike_G"]},{"damage_healed":0,"gold_gain":0,"player_choice":"Got Potions","damage_taken":0,"max_hp_gain":0,"max_hp_loss":0,"event_name":"Lab","floor":22,"gold_loss":0}],"is_beta":false,"boss_relics":[{"not_picked":["HoveringKite","Lizard Tail"],"picked":"Black Star"}],"items_purged_floors":[],"is_endless":false,"potions_floor_spawned":[1,4,12,16,29,30],"killed_by":"Automaton","ascension_level":17}