{"gold_per_floor":[113,133,151,166,178,211,211,239,286,286],"floor_reached":10,"playtime":321,"items_purged":[],"score":116,"play_id":"573065bb-6a29-4b20-a887-53c1ba576ad3","local_time":"20190115110442","is_ascension_mode":true,"campfire_choices":[{"floor":7,"key":"REST"}],"neow_cost":"NONE","seed_source_timestamp":541282657604968,"circlet_count":0,"master_deck":["Strike_B+1","Strike_B+1","Strike_B","Strike_B","Defend_B","Defend_B","Defend_B","Defend_B","Zap","Dualcast","Steam","Rebound","Ball Lightning+1","Core Surge+1"],"relics":["Cracked Core","Molten Egg 2","Boot","Whetstone"],"potions_floor_usage":[6],"damage_taken":[{"damage":8,"enemies":"Jaw Worm","floor":1,"turns":4},{"damage":0,"enemies":"2 Louse","floor":2,"turns":4},{"damage":0,"enemies":"Small Slimes","floor":3,"turns":2},{"damage":4,"enemies":"Red Slaver","floor":4,"turns":4},{"damage":1,"enemies":"Looter","floor":5,"turns":4},{"damage":31,"enemies":"Gremlin Nob","floor":6,"turns":5},{"damage":39,"enemies":"3 Sentries","floor":8,"turns":7},{"damage":20,"enemies":"The Mushroom Lair","floor":10,"turns":2}],"seed_played":"-953600197974870240","potions_obtained":[{"floor":1,"key":"Weak Potion"},{"floor":2,"key":"Ancient Potion"},{"floor":5,"key":"LiquidBronze"}],"is_trial":false,"path_per_floor":["M","M","M","M","M","E","R","E","T","?"],"character_chosen":"DEFECT","items_purchased":[],"campfire_rested":1,"item_purchase_floors":[],"current_hp_per_floor":[67,67,67,63,62,31,55,16,16,0],"gold":286,"neow_bonus":"TEN_PERCENT_HP_BONUS","is_prod":false,"is_daily":false,"chose_seed":false,"campfire_upgraded":0,"win_rate":0,"timestamp":1547546682,"path_taken":["M","M","M","M","M","E","R","E","T","?"],"build_version":"2019-01-10","purchased_purges":0,"victory":false,"max_hp_per_floor":[82,82,82,82,82,82,82,82,82,82],"card_choices":[{"not_picked":["Tempest","Sweeping Beam"],"picked":"Steam","floor":1},{"not_picked":["Turbo","Stack"],"picked":"Rebound","floor":2},{"not_picked":["Skim","Compile Driver","Hologram"],"picked":"SKIP","floor":3},{"not_picked":["Lockon","Steam","Beam Cell"],"picked":"SKIP","floor":4},{"not_picked":["Steam","Compile Driver","Hologram"],"picked":"SKIP","floor":5},{"not_picked":["Turbo","Heatsinks"],"picked":"Ball Lightning","floor":6},{"not_picked":["Creative AI","Streamline+1"],"picked":"Core Surge+1","floor":8}],"player_experience":682879,"relics_obtained":[{"floor":6,"key":"Molten Egg 2"},{"floor":8,"key":"Boot"},{"floor":9,"key":"Whetstone"}],"event_choices":[{"damage_healed":0,"gold_gain":0,"player_choice":"Fought Mushrooms","damage_taken":0,"max_hp_gain":0,"max_hp_loss":0,"event_name":"Mushrooms","floor":10,"gold_loss":0}],"is_beta":false,"boss_relics":[],"items_purged_floors":[],"is_endless":false,"potions_floor_spawned":[1,2,5],"killed_by":"The Mushroom Lair","ascension_level":9}