{"gold_per_floor":[110,77,177,189,206,235,235,250,250,262,276,287,302,322,322,424,424,440,440,410,425,19,19,35,67,67,67,67,87,87,103,103,205,205,225,242,37,57,57,57,73,73,119,134,145,164,164,0,0,0],"floor_reached":50,"playtime":2196,"items_purged":[],"score":472,"play_id":"1227cf76-1c95-467e-9a01-93fd47123ffa","local_time":"20190304150423","is_ascension_mode":false,"campfire_choices":[{"data":"Backstab","floor":7,"key":"SMITH"},{"floor":15,"key":"REST"},{"floor":23,"key":"REST"},{"floor":30,"key":"REST"},{"floor":32,"key":"REST"},{"floor":40,"key":"RECALL"},{"floor":42,"key":"REST"},{"floor":47,"key":"REST"},{"data":"Noxious Fumes","floor":49,"key":"SMITH"}],"neow_cost":"NONE","seed_source_timestamp":17542090810031,"circlet_count":0,"master_deck":["Defend_G+1","Defend_G+1","Defend_G+1","Defend_G+1","Defend_G+1","Strike_G+1","Strike_G+1","Strike_G+1","Strike_G+1","Strike_G+1","Neutralize","Masterful Stab","Noxious Fumes+1","Backstab+1","PiercingWail","Deflect","Corpse Explosion","Noxious Fumes","Escape Plan","Phantasmal Killer","Infinite Blades","Backflip","Flying Knee+1","Dodge and Roll","Terror+1","Bullet Time","Deflect","Bane","Caltrops","Bandage Up","Parasite","Backflip+1","Poisoned Stab+1","Poisoned Stab+1"],"relics":["Ring of the Snake","Gambling Chip","Ice Cream","Lizard Tail","Sundial","Bronze Scales","Bird Faced Urn","Nilry\u0027s Codex","Empty Cage","Centennial Puzzle","Red Mask"],"potions_floor_usage":[4,6,10,14,16,25,25,29,29,33,41,45,45,50,50],"damage_taken":[{"damage":1,"enemies":"2 Louse","floor":1,"turns":3},{"damage":0,"enemies":"Cultist","floor":4,"turns":2},{"damage":0,"enemies":"Small Slimes","floor":5,"turns":3},{"damage":22,"enemies":"Lagavulin","floor":6,"turns":5},{"damage":1,"enemies":"2 Fungi Beasts","floor":8,"turns":3},{"damage":0,"enemies":"Gremlin Gang","floor":10,"turns":5},{"damage":0,"enemies":"3 Louse","floor":11,"turns":2},{"damage":0,"enemies":"2 Fungi Beasts","floor":12,"turns":2},{"damage":3,"enemies":"Exordium Thugs","floor":13,"turns":5},{"damage":0,"enemies":"Looter","floor":14,"turns":1},{"damage":23,"enemies":"Hexaghost","floor":16,"turns":9},{"damage":30,"enemies":"Spheric Guardian","floor":18,"turns":7},{"damage":10,"enemies":"3 Byrds","floor":21,"turns":4},{"damage":6,"enemies":"Snake Plant","floor":24,"turns":5},{"damage":11,"enemies":"Gremlin Leader","floor":25,"turns":5},{"damage":16,"enemies":"Shelled Parasite and Fungi","floor":29,"turns":6},{"damage":2,"enemies":"3 Cultists","floor":31,"turns":3},{"damage":76,"enemies":"Automaton","floor":33,"turns":9},{"damage":0,"enemies":"Orb Walker","floor":35,"turns":3},{"damage":25,"enemies":"3 Darklings","floor":36,"turns":5},{"damage":28,"enemies":"Writhing Mass","floor":38,"turns":7},{"damage":38,"enemies":"Transient","floor":41,"turns":5},{"damage":24,"enemies":"Spire Growth","floor":44,"turns":5},{"damage":8,"enemies":"Sphere and 2 Shapes","floor":45,"turns":5},{"damage":0,"enemies":"3 Darklings","floor":46,"turns":2},{"damage":92,"enemies":"Time Eater","floor":50,"turns":6}],"seed_played":"2282106557948334333","potions_obtained":[{"floor":0,"key":"SpeedPotion"},{"floor":0,"key":"SteroidPotion"},{"floor":0,"key":"SteroidPotion"},{"floor":4,"key":"EssenceOfSteel"},{"floor":6,"key":"Block Potion"},{"floor":10,"key":"Explosive Potion"},{"floor":20,"key":"Fire Potion"},{"floor":20,"key":"SteroidPotion"},{"floor":25,"key":"Dexterity Potion"},{"floor":31,"key":"Strength Potion"},{"floor":35,"key":"GhostInAJar"},{"floor":41,"key":"Explosive Potion"},{"floor":44,"key":"Poison Potion"},{"floor":46,"key":"SteroidPotion"}],"is_trial":false,"path_per_floor":["M","$","?","M","M","E","R","M","T","M","M","M","M","M","R","B",null,"M","?","?","M","$","R","M","E","T","?","?","M","R","M","R","B",null,"M","M","$","M","?","R","M","R","T","M","M","M","R","?","R","B"],"character_chosen":"THE_SILENT","items_purchased":["Noxious Fumes","Sundial","Bronze Scales","Caltrops","Strength Potion","Bandage Up"],"campfire_rested":6,"item_purchase_floors":[2,22,22,37,37,37],"current_hp_per_floor":[69,69,69,69,69,47,47,46,46,46,46,46,43,43,64,41,70,40,40,40,30,30,51,45,34,34,18,18,14,35,39,60,35,70,70,45,45,33,61,61,27,45,45,33,37,37,55,55,55,0],"gold":0,"neow_bonus":"THREE_SMALL_POTIONS","is_prod":false,"is_daily":false,"chose_seed":false,"campfire_upgraded":2,"win_rate":0,"timestamp":1551733463,"path_taken":["M","$","?","?","M","E","R","M","T","M","M","M","M","M","R","BOSS","M","?","?","?","$","R","M","E","T","?","?","M","R","?","R","BOSS","M","M","$","M","?","R","M","R","T","M","M","M","R","?","R","BOSS"],"build_version":"2019-01-23","purchased_purges":0,"victory":false,"max_hp_per_floor":[70,70,70,70,70,70,70,70,70,70,70,70,70,70,70,70,70,70,70,70,70,70,70,70,70,70,70,70,70,70,70,70,70,70,70,70,70,70,61,61,61,61,61,61,61,61,61,61,61,61],"card_choices":[{"not_picked":["Heel Hook","Flying Knee"],"picked":"Masterful Stab","floor":1},{"not_picked":["Flying Knee","Bane"],"picked":"Backstab","floor":4},{"not_picked":["Outmaneuver","Acrobatics","Prepared"],"picked":"SKIP","floor":5},{"not_picked":["Doppelganger","Deflect"],"picked":"PiercingWail","floor":6},{"not_picked":["PiercingWail","Riddle With Holes","Acrobatics"],"picked":"SKIP","floor":8},{"not_picked":["Outmaneuver","Prepared"],"picked":"Deflect","floor":10},{"not_picked":["Dodge and Roll","Underhanded Strike"],"picked":"Corpse Explosion","floor":11},{"not_picked":["Acrobatics","Eviscerate","PiercingWail"],"picked":"SKIP","floor":12},{"not_picked":["Riddle With Holes","Underhanded Strike"],"picked":"Noxious Fumes","floor":13},{"not_picked":["Underhanded Strike","Slice"],"picked":"Escape Plan","floor":14},{"not_picked":["Envenom","Grand Finale"],"picked":"Phantasmal Killer","floor":16},{"not_picked":["Calculated Gamble","Deadly Poison+1"],"picked":"Infinite Blades","floor":18},{"not_picked":["Slice","Tactician"],"picked":"Backflip","floor":21},{"not_picked":["Dagger Spray","Finisher"],"picked":"Flying Knee+1","floor":24},{"not_picked":["Expertise","Calculated Gamble"],"picked":"Dodge and Roll","floor":25},{"not_picked":["Dagger Spray","Concentrate","Sucker Punch+1"],"picked":"SKIP","floor":29},{"not_picked":["Wraith Form v2","Underhanded Strike"],"picked":"Terror+1","floor":31},{"not_picked":["Envenom","Wraith Form v2"],"picked":"Bullet Time","floor":33},{"not_picked":["Slice","Crippling Poison+1"],"picked":"Deflect","floor":35},{"not_picked":["Acrobatics","Quick Slash+1"],"picked":"Bane","floor":36},{"not_picked":["Slice","Prepared"],"picked":"Backflip+1","floor":38},{"not_picked":["Dagger Throw","Concentrate","Blade Dance+1"],"picked":"SKIP","floor":41},{"not_picked":["Flying Knee","Infinite Blades","Outmaneuver"],"picked":"SKIP","floor":44},{"not_picked":["Backflip","Noxious Fumes"],"picked":"Poisoned Stab+1","floor":45},{"not_picked":["Well Laid Plans","Underhanded Strike+1"],"picked":"Poisoned Stab+1","floor":46}],"player_experience":515428,"relics_obtained":[{"floor":6,"key":"Gambling Chip"},{"floor":9,"key":"Ice Cream"},{"floor":25,"key":"Bird Faced Urn"},{"floor":27,"key":"Nilry\u0027s Codex"},{"floor":43,"key":"Centennial Puzzle"}],"event_choices":[{"damage_healed":0,"gold_gain":100,"player_choice":"Pray","damage_taken":0,"max_hp_gain":0,"max_hp_loss":0,"event_name":"Golden Shrine","floor":3,"gold_loss":0},{"damage_healed":0,"gold_gain":0,"player_choice":"Simplicity","damage_taken":0,"max_hp_gain":0,"max_hp_loss":0,"event_name":"Back to Basics","floor":19,"gold_loss":0,"cards_upgraded":["Defend_G","Defend_G","Defend_G","Defend_G","Defend_G","Strike_G","Strike_G","Strike_G","Strike_G","Strike_G"]},{"damage_healed":0,"gold_gain":0,"player_choice":"Bought 2 Potions","damage_taken":0,"max_hp_gain":0,"max_hp_loss":0,"event_name":"The Woman in Blue","floor":20,"gold_loss":0},{"damage_healed":0,"gold_gain":0,"player_choice":"Obtained Book","damage_taken":16,"max_hp_gain":0,"max_hp_loss":0,"event_name":"Cursed Tome","floor":27,"gold_loss":0},{"damage_healed":0,"gold_gain":0,"player_choice":"Smashed Altar","damage_taken":0,"max_hp_gain":0,"max_hp_loss":0,"event_name":"Forgotten Altar","floor":28,"gold_loss":0,"cards_obtained":["Decay"]},{"damage_healed":61,"gold_gain":0,"player_choice":"Heal","damage_taken":0,"max_hp_gain":0,"max_hp_loss":9,"event_name":"The Moai Head","floor":39,"gold_loss":0},{"damage_healed":0,"gold_gain":0,"player_choice":"Paid","damage_taken":0,"relics_obtained":["Red Mask"],"max_hp_gain":0,"max_hp_loss":0,"event_name":"Tomb of Lord Red Mask","floor":48,"gold_loss":164}],"is_beta":false,"boss_relics":[{"not_picked":["Black Star","Runic Dome"],"picked":"Lizard Tail"},{"not_picked":["Velvet Choker","Calling Bell"],"picked":"Empty Cage"}],"items_purged_floors":[],"is_endless":false,"potions_floor_spawned":[4,6,10,21,25,31,35,41,44,46],"killed_by":"Time Eater","ascension_level":0}