{"gold_per_floor":[116,134,148,161,174,202,202,216,216,230,281,281,291,316,316,421,471,481,497,507,507,163,197,197,215,270,284,284,284,301,318,318,413,413,429,429,429,446,238,238,254,281,308,320],"floor_reached":44,"playtime":2265,"items_purged":[],"score":476,"play_id":"dd8be49e-3391-45a1-a84a-a5a39bf795e0","local_time":"20190215140645","is_ascension_mode":false,"campfire_choices":[{"data":"Fire Breathing","floor":7,"key":"SMITH"},{"floor":15,"key":"REST"},{"floor":24,"key":"REST"},{"data":"Rampage","floor":29,"key":"SMITH"},{"floor":32,"key":"REST"},{"data":"Demon Form","floor":40,"key":"SMITH"}],"neow_cost":"NONE","seed_source_timestamp":5601323192203,"circlet_count":0,"master_deck":["Strike_R","Strike_R+1","Strike_R+1","Strike_R","Strike_R","Defend_R","Defend_R+1","Defend_R","Pummel","Rage","Fire Breathing+1","Body Slam","Anger","Anger","Shrug It Off","Ghostly Armor","Flame Barrier","Sword Boomerang","Juggernaut","Armaments","Headbutt+1","Body Slam+1","Battle Trance","Demon Form+1","Armaments","Rampage+1","Iron Wave+1","Demon Form","Shrug It Off","Shrug It Off","Wild Strike+1","Body Slam+1","Rampage+1"],"relics":["Burning Blood","NeowsBlessing","Bronze Scales","Ginger","Whetstone","Matryoshka","Tiny House","Vajra","Bottled Flame","Pen Nib","Art of War","Enchiridion","Lizard Tail","MealTicket","Dream Catcher","MawBank","Lantern"],"potions_floor_usage":[4,6,6,14,14,16,18,19,25,27,33,38,38,42],"damage_taken":[{"damage":0,"enemies":"Cultist","floor":1,"turns":1},{"damage":0,"enemies":"2 Louse","floor":2,"turns":1},{"damage":0,"enemies":"Small Slimes","floor":3,"turns":1},{"damage":6,"enemies":"Exordium Wildlife","floor":4,"turns":5},{"damage":14,"enemies":"2 Fungi Beasts","floor":5,"turns":4},{"damage":16,"enemies":"Lagavulin","floor":6,"turns":6},{"damage":2,"enemies":"Blue Slaver","floor":8,"turns":3},{"damage":10,"enemies":"Looter","floor":10,"turns":3},{"damage":6,"enemies":"Large Slime","floor":13,"turns":5},{"damage":18,"enemies":"3 Sentries","floor":14,"turns":6},{"damage":36,"enemies":"Slime Boss","floor":16,"turns":10},{"damage":1,"enemies":"Chosen","floor":18,"turns":6},{"damage":0,"enemies":"Shell Parasite","floor":19,"turns":5},{"damage":2,"enemies":"Chosen and Byrds","floor":20,"turns":6},{"damage":34,"enemies":"Slavers","floor":23,"turns":7},{"damage":18,"enemies":"Snake Plant","floor":25,"turns":4},{"damage":3,"enemies":"Shelled Parasite and Fungi","floor":27,"turns":7},{"damage":20,"enemies":"Cultist and Chosen","floor":30,"turns":6},{"damage":23,"enemies":"Snake Plant","floor":31,"turns":4},{"damage":44,"enemies":"Collector","floor":33,"turns":8},{"damage":0,"enemies":"Orb Walker","floor":35,"turns":3},{"damage":5,"enemies":"3 Shapes","floor":38,"turns":5},{"damage":44,"enemies":"3 Darklings","floor":41,"turns":6},{"damage":64,"enemies":"Reptomancer","floor":42,"turns":6},{"damage":32,"enemies":"4 Shapes","floor":44,"turns":4}],"seed_played":"-1019803936131482465","potions_obtained":[{"floor":1,"key":"Dexterity Potion"},{"floor":2,"key":"Dexterity Potion"},{"floor":5,"key":"Energy Potion"},{"floor":8,"key":"LiquidBronze"},{"floor":10,"key":"Strength Potion"},{"floor":14,"key":"Poison Potion"},{"floor":17,"key":"SkillPotion"},{"floor":18,"key":"Fire Potion"},{"floor":23,"key":"Block Potion"},{"floor":25,"key":"Dexterity Potion"},{"floor":31,"key":"Block Potion"},{"floor":33,"key":"Dexterity Potion"},{"floor":35,"key":"SpeedPotion"},{"floor":41,"key":"Strength Potion"}],"is_trial":false,"path_per_floor":["M","M","M","M","M","E","R","M","T","M","T","?","M","E","R","B",null,"M","M","M","?","$","E","R","M","T","M","?","R","M","M","R","B",null,"M","?","?","M","$","R","M","E","T","M"],"character_chosen":"IRONCLAD","items_purchased":["Vajra","Demon Form","Armaments","MealTicket"],"campfire_rested":3,"item_purchase_floors":[22,22,22,39],"current_hp_per_floor":[80,80,80,80,72,62,62,66,66,62,62,62,62,50,74,44,85,85,85,85,85,85,57,82,70,70,73,57,57,43,26,51,13,85,85,85,81,81,81,81,43,30,30,0],"gold":320,"neow_bonus":"THREE_ENEMY_KILL","is_prod":false,"is_daily":false,"chose_seed":false,"campfire_upgraded":3,"win_rate":0,"timestamp":1550261205,"path_taken":["M","M","M","M","M","E","R","M","T","M","?","?","?","E","R","BOSS","M","M","M","?","$","E","R","M","T","M","?","R","M","M","R","BOSS","M","?","?","M","$","R","M","E","T","M"],"build_version":"2019-01-23","purchased_purges":0,"victory":false,"max_hp_per_floor":[80,80,80,80,80,80,80,80,80,80,80,80,80,80,80,80,85,85,85,85,85,85,85,85,85,85,85,85,85,85,85,85,85,85,85,85,81,81,81,81,81,81,81,81],"card_choices":[{"not_picked":["Sentinel","Seeing Red"],"picked":"Pummel","floor":1},{"not_picked":["Second Wind","Reckless Charge"],"picked":"Rage","floor":2},{"not_picked":["Hemokinesis","Thunderclap"],"picked":"Fire Breathing","floor":3},{"not_picked":["Corruption","Clash"],"picked":"Body Slam","floor":4},{"not_picked":["Disarm","Warcry"],"picked":"Anger","floor":5},{"not_picked":["Pummel","Bloodletting"],"picked":"Anger","floor":6},{"not_picked":["Bludgeon","Carnage","Clothesline"],"picked":"SKIP","floor":8},{"not_picked":["True Grit","Heavy Blade"],"picked":"Shrug It Off","floor":10},{"not_picked":["Anger","Warcry"],"picked":"Flame Barrier","floor":13},{"not_picked":["Seeing Red","Pummel"],"picked":"Sword Boomerang","floor":14},{"not_picked":["Demon Form","Reaper"],"picked":"Juggernaut","floor":16},{"not_picked":["Pommel Strike","Perfected Strike"],"picked":"Armaments","floor":17},{"not_picked":["Flex","Hemokinesis"],"picked":"Headbutt+1","floor":18},{"not_picked":["Wild Strike","Reckless Charge"],"picked":"Body Slam+1","floor":19},{"not_picked":["Carnage","Clash"],"picked":"Battle Trance","floor":20},{"not_picked":["Seeing Red","Clothesline"],"picked":"Rampage","floor":23},{"not_picked":["Combust","Corruption","Perfected Strike"],"picked":"SKIP","floor":25},{"not_picked":["True Grit","Anger"],"picked":"Iron Wave+1","floor":27},{"not_picked":["Cleave+1","Bloodletting+1"],"picked":"Demon Form","floor":30},{"not_picked":["Body Slam","Headbutt"],"picked":"Shrug It Off","floor":31},{"not_picked":["Clothesline+1","Pummel"],"picked":"Shrug It Off","floor":35},{"not_picked":["Disarm","Power Through+1"],"picked":"Wild Strike+1","floor":38},{"not_picked":["Evolve+1","Twin Strike"],"picked":"Body Slam+1","floor":41},{"not_picked":["Thunderclap","Bloodletting+1"],"picked":"Rampage+1","floor":42}],"player_experience":132720,"relics_obtained":[{"floor":6,"key":"Bronze Scales"},{"floor":9,"key":"Ginger"},{"floor":11,"key":"Whetstone"},{"floor":14,"key":"Matryoshka"},{"floor":23,"key":"Bottled Flame"},{"floor":26,"key":"Pen Nib"},{"floor":26,"key":"Art of War"},{"floor":28,"key":"Enchiridion"},{"floor":42,"key":"Dream Catcher"},{"floor":43,"key":"MawBank"},{"floor":43,"key":"Lantern"}],"event_choices":[{"damage_healed":0,"gold_gain":0,"cards_transformed":["Bash"],"player_choice":"Transformed","damage_taken":0,"max_hp_gain":0,"max_hp_loss":0,"event_name":"Transmorgrifier","floor":12,"gold_loss":0,"cards_obtained":["Ghostly Armor"]},{"damage_healed":0,"gold_gain":0,"player_choice":"Ignored","damage_taken":0,"max_hp_gain":0,"max_hp_loss":0,"event_name":"Vampires","floor":21,"gold_loss":0},{"damage_healed":0,"gold_gain":0,"player_choice":"Obtained Book","damage_taken":16,"max_hp_gain":0,"max_hp_loss":0,"event_name":"Cursed Tome","floor":28,"gold_loss":0},{"cards_removed":["Defend_R"],"damage_healed":0,"gold_gain":0,"player_choice":"Removed Skill","damage_taken":0,"max_hp_gain":0,"max_hp_loss":0,"event_name":"Falling","floor":36,"gold_loss":0},{"damage_healed":0,"gold_gain":0,"player_choice":"Max HP","damage_taken":0,"max_hp_gain":0,"max_hp_loss":4,"event_name":"Winding Halls","floor":37,"gold_loss":0}],"is_beta":false,"boss_relics":[{"not_picked":["Velvet Choker","Snecko Eye"],"picked":"Tiny House"},{"not_picked":["Astrolabe","Calling Bell"],"picked":"Lizard Tail"}],"items_purged_floors":[],"is_endless":false,"potions_floor_spawned":[1,2,5,8,10,14,18,23,25,31,33,35,41],"killed_by":"4 Shapes","ascension_level":0}