{"path_per_floor":["M","M","M","?","M","R","E","R","T","?","M","M","T","E","R","B",null,"M","M","?","?","$","R","?","M","T","E","M","R","?","M","R"],"character_chosen":"THE_SILENT","items_purchased":["Accuracy","Anchor"],"gold_per_floor":[113,127,143,143,161,161,190,190,216,216,232,243,243,274,274,369,369,379,399,399,322,65,65,65,76,76,105,124,124,124,143,143,143],"floor_reached":33,"campfire_rested":0,"playtime":2145,"current_hp_per_floor":[70,70,65,51,47,47,33,33,33,33,31,27,27,23,23,3,70,70,68,52,52,52,52,52,50,50,35,35,35,22,22,22,0],"items_purged":["Normality"],"gold":143,"score":277,"play_id":"852498d3-d9dc-4ba0-84ba-69fe91f3e36a","local_time":"20180423034639","is_prod":false,"is_daily":false,"chose_seed":false,"is_ascension_mode":false,"campfire_upgraded":6,"timestamp":1524447999,"path_taken":["M","M","M","?","M","R","E","R","T","?","M","M","?","E","R","BOSS","M","M","?","?","$","R","?","M","T","E","M","R","?","M","R","BOSS"],"build_version":"2018-04-19","seed_source_timestamp":11178034564474,"purchased_purges":1,"victory":false,"master_deck":["Defend_G","Defend_G","Defend_G","Defend_G","Defend_G","Strike_G","Strike_G+1","Strike_G","Strike_G","Strike_G+1","Survivor","Neutralize+1","Noxious Fumes+1","Crippling Poison+1","Predator+1","Accuracy","Footwork+1","Storm of Steel+1","Caltrops+1","J.A.X.","Accuracy","Accuracy+1","Bouncing Flask+1"],"max_hp_per_floor":[70,70,70,70,70,70,70,70,70,70,70,70,70,70,70,70,70,70,70,70,70,70,70,70,70,70,70,70,70,75,75,75,75],"relics":["Ring of the Snake","Whetstone","Bronze Scales","Bag of Preparation","Centennial Puzzle","Juzu Bracelet","Sozu","Enchiridion","Anchor","Thread and Needle","Dream Catcher"],"card_choices":[{"not_picked":["Flechettes","Heel Hook"],"picked":"Noxious Fumes","floor":1},{"not_picked":["Poisoned Stab","Quick Slash"],"picked":"Crippling Poison","floor":3},{"not_picked":["Prepared","Escape Plan"],"picked":"Predator","floor":5},{"not_picked":["Underhanded Strike","Quick Slash"],"picked":"Accuracy","floor":12},{"not_picked":["Poisoned Stab","Predator"],"picked":"Footwork","floor":14},{"not_picked":["Bullet Time","Venomology"],"picked":"Storm of Steel","floor":16},{"not_picked":["Outmaneuver","Crippling Poison"],"picked":"Caltrops","floor":18},{"not_picked":["Dagger Throw","Dagger Spray"],"picked":"Bouncing Flask","floor":28}],"player_experience":214580,"potions_floor_usage":[14,16,16],"damage_taken":[{"damage":0,"enemies":"2 Louse","floor":1,"turns":3},{"damage":0,"enemies":"Jaw Worm","floor":2,"turns":5},{"damage":5,"enemies":"Cultist","floor":3,"turns":5},{"damage":4,"enemies":"Blue Slaver","floor":5,"turns":5},{"damage":14,"enemies":"3 Sentries","floor":7,"turns":7},{"damage":2,"enemies":"Gremlin Gang","floor":11,"turns":3},{"damage":4,"enemies":"3 Louse","floor":12,"turns":2},{"damage":4,"enemies":"Gremlin Nob","floor":14,"turns":4},{"damage":20,"enemies":"Slime Boss","floor":16,"turns":9},{"damage":0,"enemies":"Shell Parasite","floor":18,"turns":6},{"damage":2,"enemies":"Chosen","floor":19,"turns":5},{"damage":2,"enemies":"Slaver and Parasite","floor":25,"turns":6},{"damage":15,"enemies":"Gremlin Leader","floor":27,"turns":5},{"damage":0,"enemies":"Snecko","floor":28,"turns":6},{"damage":0,"enemies":"3 Cultists","floor":31,"turns":4},{"damage":26,"enemies":"Collector","floor":33,"turns":3}],"event_choices":[{"event_name":"Shining Light","player_choice":"Entered Light","floor":4,"damage_taken":0},{"event_name":"Accursed Blacksmith","player_choice":"Rummage","floor":10,"damage_taken":0},{"event_name":"Cursed Tome","player_choice":"Obtained Book","floor":20,"damage_taken":0},{"event_name":"Drug Dealer","player_choice":"Got JAXXED","floor":21,"damage_taken":0},{"event_name":"The Library","player_choice":"Read","floor":24,"damage_taken":0},{"event_name":"Forgotten Altar","player_choice":"Shed Blood","floor":30,"damage_taken":0}],"boss_relics":[{"not_picked":["Calling Bell","Runic Pyramid"],"picked":"Sozu"}],"potions_floor_spawned":[1,2,5,11,18,28,31],"seed_played":"1679956902004077771","killed_by":"Collector","ascension_level":0,"is_trial":false}