{"gold_per_floor":[113,83,97,197,213,213,225,225,225,225,243,264,264,69,69,165,165,175,189,205,216,230,230,258,258,329,355,355,387,387,387,387,387],"floor_reached":33,"playtime":1861,"items_purged":[],"score":310,"play_id":"666894d5-6796-49fa-9075-acce9445fc7c","local_time":"20190214134703","is_ascension_mode":true,"campfire_choices":[{"data":"Leg Sweep","floor":6,"key":"SMITH"},{"data":"Unload","floor":8,"key":"SMITH"},{"data":"Calculated Gamble","floor":10,"key":"SMITH"},{"data":"Blur","floor":13,"key":"SMITH"},{"data":"Dash","floor":15,"key":"SMITH"},{"data":"Riddle With Holes","floor":23,"key":"SMITH"},{"data":"Strike_G","floor":25,"key":"SMITH"},{"data":"Survivor","floor":28,"key":"SMITH"},{"floor":30,"key":"REST"},{"floor":32,"key":"REST"}],"neow_cost":"NONE","seed_source_timestamp":8466981344965,"circlet_count":0,"master_deck":["Defend_G","Defend_G+1","Defend_G","Defend_G+1","Defend_G","Strike_G+1","Strike_G","Strike_G","Strike_G","Strike_G","Survivor+1","Neutralize","Dagger Throw","Unload+1","Leg Sweep+1","Calculated Gamble+1","Blur+1","Dash+1","Corpse Explosion","Deflect+1","Terror+1","Riddle With Holes+1","Distraction","Burst"],"relics":["Eternal Feather","Sundial","Odd Mushroom","War Paint","Black Star","Prayer Wheel","The Specimen","Darkstone Periapt","Matryoshka","Smiling Mask","Du-Vu Doll","Dodecahedron"],"potions_floor_usage":[11,11,11,12,12,16,24,24,27,33],"damage_taken":[{"damage":3,"enemies":"2 Louse","floor":1,"turns":3},{"damage":1,"enemies":"Cultist","floor":3,"turns":5},{"damage":0,"enemies":"Jaw Worm","floor":5,"turns":3},{"damage":0,"enemies":"Red Slaver","floor":7,"turns":5},{"damage":0,"enemies":"Large Slime","floor":11,"turns":6},{"damage":11,"enemies":"The Mushroom Lair","floor":12,"turns":4},{"damage":46,"enemies":"Hexaghost","floor":16,"turns":19},{"damage":12,"enemies":"Spheric Guardian","floor":18,"turns":8},{"damage":5,"enemies":"Chosen","floor":19,"turns":7},{"damage":3,"enemies":"Snecko","floor":20,"turns":5},{"damage":0,"enemies":"Shelled Parasite and Fungi","floor":21,"turns":8},{"damage":8,"enemies":"Snake Plant","floor":22,"turns":4},{"damage":14,"enemies":"Slavers","floor":24,"turns":5},{"damage":22,"enemies":"Book of Stabbing","floor":27,"turns":8},{"damage":41,"enemies":"Slavers","floor":29,"turns":6},{"damage":101,"enemies":"Champ","floor":33,"turns":19}],"seed_played":"-31127385122277030","potions_obtained":[{"floor":1,"key":"Fire Potion"},{"floor":2,"key":"Ancient Potion"},{"floor":2,"key":"EntropicBrew"},{"floor":12,"key":"Fruit Juice"},{"floor":18,"key":"SteroidPotion"},{"floor":20,"key":"Dexterity Potion"},{"floor":29,"key":"Regen Potion"}],"is_trial":false,"path_per_floor":["M","?","M","?","M","R","M","R","T","R","M","?","R","$","R","B",null,"M","M","M","M","M","R","E","R","T","E","R","E","R","?","R","B"],"character_chosen":"THE_SILENT","items_purchased":["Dash","War Paint"],"campfire_rested":2,"item_purchase_floors":[14,14],"current_hp_per_floor":[67,67,66,66,66,70,70,70,70,70,70,64,73,73,75,29,75,63,58,55,55,47,59,45,57,57,35,47,6,40,40,74,0],"gold":387,"neow_bonus":"BOSS_RELIC","is_prod":false,"is_daily":false,"chose_seed":false,"campfire_upgraded":8,"win_rate":0,"timestamp":1550173623,"path_taken":["M","?","?","?","M","R","?","R","T","R","M","?","R","$","R","BOSS","M","M","M","M","M","R","E","R","T","E","R","E","R","?","R","BOSS"],"build_version":"2019-01-23","purchased_purges":0,"victory":false,"max_hp_per_floor":[70,70,70,70,70,70,70,70,70,70,70,75,75,75,75,75,75,75,75,75,75,75,75,75,75,75,75,75,75,75,75,75,75],"card_choices":[{"not_picked":["Well Laid Plans","Acrobatics"],"picked":"Dagger Throw","floor":1},{"not_picked":["Deadly Poison","Dagger Spray"],"picked":"Unload","floor":3},{"not_picked":["Catalyst","Deadly Poison"],"picked":"Leg Sweep","floor":5},{"not_picked":["Bane","Expertise"],"picked":"Calculated Gamble","floor":7},{"not_picked":["Infinite Blades","Slice"],"picked":"Blur","floor":11},{"not_picked":["Envenom","Tools of the Trade"],"picked":"Corpse Explosion","floor":16},{"not_picked":["Underhanded Strike","PiercingWail+1"],"picked":"Deflect+1","floor":18},{"not_picked":["Dodge and Roll","Envenom"],"picked":"Terror+1","floor":19},{"not_picked":["All Out Attack","Sucker Punch","Underhanded Strike"],"picked":"SKIP","floor":20},{"not_picked":["Dagger Spray","Acrobatics"],"picked":"Riddle With Holes","floor":21},{"not_picked":["Reflex","Quick Slash","Dagger Throw"],"picked":"SKIP","floor":22},{"not_picked":["Expertise","Flechettes","Calculated Gamble+1"],"picked":"SKIP","floor":24},{"not_picked":["PiercingWail","Calculated Gamble"],"picked":"Distraction","floor":27},{"not_picked":["Blade Dance+1","Concentrate+1"],"picked":"Burst","floor":29}],"player_experience":111500,"relics_obtained":[{"floor":9,"key":"Sundial"},{"floor":12,"key":"Odd Mushroom"},{"floor":24,"key":"Prayer Wheel"},{"floor":24,"key":"The Specimen"},{"floor":26,"key":"Darkstone Periapt"},{"floor":27,"key":"Matryoshka"},{"floor":27,"key":"Smiling Mask"},{"floor":29,"key":"Du-Vu Doll"},{"floor":29,"key":"Dodecahedron"}],"event_choices":[{"damage_healed":0,"gold_gain":0,"player_choice":"Bought 2 Potions","damage_taken":0,"max_hp_gain":0,"max_hp_loss":0,"event_name":"The Woman in Blue","floor":2,"gold_loss":0},{"damage_healed":0,"gold_gain":100,"player_choice":"Pray","damage_taken":0,"max_hp_gain":0,"max_hp_loss":0,"event_name":"Golden Shrine","floor":4,"gold_loss":0},{"damage_healed":0,"gold_gain":0,"player_choice":"Fought Mushrooms","damage_taken":0,"max_hp_gain":0,"max_hp_loss":0,"event_name":"Mushrooms","floor":12,"gold_loss":0},{"damage_healed":0,"gold_gain":0,"player_choice":"Leave","damage_taken":0,"max_hp_gain":0,"max_hp_loss":0,"event_name":"FaceTrader","floor":31,"gold_loss":0}],"is_beta":false,"boss_relics":[{"not_picked":["Runic Pyramid","Coffee Dripper"],"picked":"Black Star"}],"items_purged_floors":[],"is_endless":false,"potions_floor_spawned":[1,12,18,20,22,29],"killed_by":"Champ","ascension_level":1}