{"gold_per_floor":[117,134,66,66,85,85,85,85,85,101,114,114,132,143,143,243,243,255,269,269],"floor_reached":20,"playtime":741,"items_purged":[],"score":168,"play_id":"20f570b7-dc8f-419a-93ce-b0c866e6bea7","local_time":"20190219124258","is_ascension_mode":false,"campfire_choices":[{"data":"Redo","floor":6,"key":"SMITH"},{"data":"Discovery","floor":8,"key":"SMITH"},{"data":"White Noise","floor":12,"key":"SMITH"},{"data":"White Noise","floor":15,"key":"SMITH"}],"neow_cost":"NONE","seed_source_timestamp":14828368580867,"circlet_count":0,"master_deck":["Strike_B","Strike_B","Strike_B","Strike_B","Defend_B","Defend_B+1","Defend_B","Defend_B+1","Zap","Dualcast","Stack","White Noise+1","Redo+1","Discovery+1","Barrage","White Noise+1","Gash","Melter","Echo Form","Doubt","Regret","Injury","Ball Lightning+1"],"relics":["Cracked Core","War Paint","Happy Flower","Calling Bell","Regal Pillow","Blue Candle","Peace Pipe"],"potions_floor_usage":[14],"damage_taken":[{"damage":0,"enemies":"Cultist","floor":1,"turns":3},{"damage":0,"enemies":"2 Louse","floor":2,"turns":3},{"damage":0,"enemies":"Small Slimes","floor":5,"turns":3},{"damage":5,"enemies":"Red Slaver","floor":10,"turns":3},{"damage":13,"enemies":"Lots of Slimes","floor":11,"turns":4},{"damage":3,"enemies":"Exordium Thugs","floor":13,"turns":3},{"damage":0,"enemies":"Looter","floor":14,"turns":1},{"damage":33,"enemies":"Hexaghost","floor":16,"turns":9},{"damage":34,"enemies":"2 Thieves","floor":18,"turns":4},{"damage":36,"enemies":"Shell Parasite","floor":19,"turns":6}],"seed_played":"2136845252380101927","potions_obtained":[{"floor":5,"key":"Ancient Potion"},{"floor":13,"key":"Fire Potion"},{"floor":19,"key":"Block Potion"}],"is_trial":false,"path_per_floor":["M","M","$","?","M","R","?","R","T","M","M","R","M","M","R","B",null,"M","M","?"],"character_chosen":"DEFECT","items_purchased":["White Noise"],"campfire_rested":0,"item_purchase_floors":[3],"current_hp_per_floor":[75,75,75,75,75,75,75,75,75,70,57,57,54,54,54,21,75,41,5,0],"gold":269,"neow_bonus":"RANDOM_COMMON_RELIC","is_prod":false,"is_daily":false,"chose_seed":false,"campfire_upgraded":4,"win_rate":0,"timestamp":1550601778,"path_taken":["M","?","$","?","?","R","?","R","T","?","M","R","M","M","R","BOSS","M","?","?"],"build_version":"2019-01-23","purchased_purges":0,"victory":false,"max_hp_per_floor":[75,75,75,75,75,75,75,75,75,75,75,75,75,75,75,75,75,75,75,80],"card_choices":[{"not_picked":["Hologram","Conserve Battery"],"picked":"Stack","floor":1},{"not_picked":["Barrage","Steam"],"picked":"Compile Driver","floor":2},{"not_picked":["Beam Cell","Reinforced Body"],"picked":"Redo","floor":5},{"not_picked":["Rebound","Reprogram"],"picked":"Barrage","floor":10},{"not_picked":["Conserve Battery","Compile Driver"],"picked":"White Noise","floor":11},{"not_picked":["Streamline","Hyperbeam"],"picked":"Gash","floor":13},{"not_picked":["Blizzard","Compile Driver"],"picked":"Melter","floor":14},{"not_picked":["Core Surge","All For One"],"picked":"Echo Form","floor":16},{"not_picked":["Chill","Conserve Battery","Cold Snap"],"picked":"SKIP","floor":18},{"not_picked":["Blizzard","Steam+1"],"picked":"Ball Lightning+1","floor":19}],"player_experience":246951,"relics_obtained":[{"floor":9,"key":"Happy Flower"},{"floor":17,"key":"Regal Pillow"},{"floor":17,"key":"Blue Candle"},{"floor":17,"key":"Peace Pipe"}],"event_choices":[{"cards_removed":["Compile Driver"],"damage_healed":5,"gold_gain":0,"player_choice":"Offered Common","damage_taken":0,"max_hp_gain":0,"max_hp_loss":0,"event_name":"Bonfire Elementals","floor":4,"gold_loss":0},{"cards_removed":["Compile Driver"],"damage_healed":5,"gold_gain":0,"player_choice":"Offered Special","damage_taken":0,"max_hp_gain":0,"max_hp_loss":0,"event_name":"Bonfire Elementals","floor":4,"gold_loss":0},{"damage_healed":0,"gold_gain":0,"player_choice":"1 cards matched","damage_taken":0,"max_hp_gain":0,"max_hp_loss":0,"event_name":"Match and Keep!","floor":7,"gold_loss":0,"cards_obtained":["Discovery"]}],"is_beta":false,"boss_relics":[{"not_picked":["Coffee Dripper","Runic Dome"],"picked":"Calling Bell"}],"items_purged_floors":[],"is_endless":false,"potions_floor_spawned":[5,13,19],"ascension_level":0}