{"gold_per_floor":[110,69,49,61,79,107,107,123,150,150,7,24,24,94,94,194,194,205,255,15,32,82,96,108,139,163,178,178,188,188,248,248,343,343,362,512,143,161,260,286,286,319,346,358,381,409,421,483,495,507],"floor_reached":51,"playtime":2503,"items_purged":["Strike_G","Strike_G"],"score":1366,"play_id":"0657652a-d9a7-4a06-a1aa-ad9bef6f6698","local_time":"20190111192634","is_ascension_mode":true,"campfire_choices":[{"data":"Neutralize","floor":7.0,"key":"SMITH"},{"data":"Bouncing Flask","floor":10.0,"key":"SMITH"},{"data":"Footwork","floor":15.0,"key":"SMITH"},{"data":"Adrenaline","floor":28.0,"key":"SMITH"},{"data":"Catalyst","floor":30.0,"key":"SMITH"},{"data":"Poisoned Stab","floor":32.0,"key":"SMITH"},{"data":"Noxious Fumes","floor":41,"key":"SMITH"},{"data":"Crippling Poison","floor":44,"key":"SMITH"},{"data":"Deadly Poison","floor":47,"key":"SMITH"},{"data":"Strike_G","floor":49,"key":"PURGE"}],"neow_cost":"NONE","seed_source_timestamp":171862013167276,"circlet_count":0,"master_deck":["Defend_G","Defend_G","Defend_G","Defend_G","Defend_G","Strike_G+1","Strike_G","Survivor","Neutralize+1","Poisoned Stab+1","Caltrops","Bane","Poisoned Stab+1","Well Laid Plans","Bouncing Flask+1","Footwork+1","Crippling Poison+1","Catalyst+1","Adrenaline+1","Ghostly","Ghostly","Ghostly","Ghostly","Ghostly","Footwork+1","Footwork+1","Caltrops+1","Acrobatics+1","Venomology","Noxious Fumes+1","Deadly Poison+1","Backflip+1","Catalyst+1","Master of Strategy"],"special_seed":0,"relics":["Coffee Dripper","Bag of Preparation","Whetstone","SsserpentHead","White Beast Statue","Pantograph","PreservedInsect","Bronze Scales","Busted Crown","Ice Cream","Blood Vial","Mango","Oddly Smooth Stone","Peace Pipe","MawBank"],"potions_floor_usage":[33,36,36,38,38,39,39,39,40,40,42,45,45,46,50,50,50],"damage_taken":[{"damage":0.0,"enemies":"Jaw Worm","floor":1.0,"turns":4.0},{"damage":4.0,"enemies":"Cultist","floor":4.0,"turns":4.0},{"damage":3.0,"enemies":"Small Slimes","floor":5.0,"turns":4.0},{"damage":15.0,"enemies":"Lagavulin","floor":6.0,"turns":5.0},{"damage":0.0,"enemies":"Red Slaver","floor":8.0,"turns":3.0},{"damage":12.0,"enemies":"3 Louse","floor":12.0,"turns":2.0},{"damage":11.0,"enemies":"Lots of Slimes","floor":14.0,"turns":4.0},{"damage":5.0,"enemies":"Slime Boss","floor":16.0,"turns":10.0},{"damage":4.0,"enemies":"Spheric Guardian","floor":18.0,"turns":4.0},{"damage":2.0,"enemies":"Shell Parasite","floor":21.0,"turns":3.0},{"damage":2.0,"enemies":"Chosen and Byrds","floor":23.0,"turns":7.0},{"damage":3.0,"enemies":"Snecko","floor":24.0,"turns":6.0},{"damage":5.0,"enemies":"Book of Stabbing","floor":25.0,"turns":6.0},{"damage":2.0,"enemies":"Centurion and Healer","floor":27.0,"turns":7.0},{"damage":3.0,"enemies":"3 Cultists","floor":29.0,"turns":6.0},{"damage":1.0,"enemies":"Sentry and Sphere","floor":31.0,"turns":6.0},{"damage":4,"enemies":"Automaton","floor":33,"turns":10},{"damage":0,"enemies":"Orb Walker","floor":35,"turns":3},{"damage":2,"enemies":"Mind Bloom Boss Battle","floor":36,"turns":7},{"damage":1,"enemies":"3 Shapes","floor":38,"turns":5},{"damage":26,"enemies":"2 Orb Walkers","floor":39,"turns":7},{"damage":21,"enemies":"Nemesis","floor":40,"turns":5},{"damage":2,"enemies":"Giant Head","floor":42,"turns":7},{"damage":1,"enemies":"Sphere and 2 Shapes","floor":45,"turns":5},{"damage":3,"enemies":"Transient","floor":46,"turns":5},{"damage":2,"enemies":"Donu and Deca","floor":50,"turns":7}],"seed_played":"-2954657895974834255","potions_obtained":[{"floor":3.0,"key":"EntropicBrew"},{"floor":6.0,"key":"FearPotion"},{"floor":14.0,"key":"Explosive Potion"},{"floor":18.0,"key":"Dexterity Potion"},{"floor":21.0,"key":"AttackPotion"},{"floor":22.0,"key":"FairyPotion"},{"floor":22.0,"key":"Regen Potion"},{"floor":29.0,"key":"EssenceOfSteel"},{"floor":31.0,"key":"PowerPotion"},{"floor":33,"key":"Ancient Potion"},{"floor":35,"key":"Regen Potion"},{"floor":36,"key":"Block Potion"},{"floor":38,"key":"SteroidPotion"},{"floor":39,"key":"SmokeBomb"},{"floor":40,"key":"SmokeBomb"},{"floor":42,"key":"AttackPotion"},{"floor":45,"key":"Block Potion"},{"floor":46,"key":"Poison Potion"}],"is_trial":false,"path_per_floor":["M","$","?","M","M","E","R","M","T","R","$","M","?","M","R","B",null,"M","?","$","M","?","M","M","E","T","M","R","M","R","M","R","B",null,"M","?","$","M","?","E","R","E","T","R","M","M","R","?","R","B",null],"character_chosen":"THE_SILENT","items_purchased":["Caltrops","Footwork","Pantograph","Noxious Fumes","Deadly Poison","Blood Vial"],"campfire_rested":0,"item_purchase_floors":[2,11,20,37,37,37],"current_hp_per_floor":[63,63,63,59,56,41,41,41,41,41,41,29,29,18,18,13,56,52,35,35,33,33,31,28,23,23,21,21,32,32,31,31,31,34,34,33,33,34,37,30,30,30,30,30,31,30,30,30,30,47],"gold":519,"neow_bonus":"BOSS_RELIC","is_prod":false,"is_daily":false,"chose_seed":false,"campfire_upgraded":9,"win_rate":0,"timestamp":1547252794,"path_taken":["M","$","?","?","M","E","R","M","T","R","?","?","?","?","R","BOSS","M","?","$","M","?","M","M","E","T","M","R","M","R","?","R","BOSS","M","?","$","M","?","E","R","E","T","R","M","M","R","?","R","BOSS"],"build_version":"2019-01-10","purchased_purges":2,"victory":true,"max_hp_per_floor":[70,70,70,70,70,70,70,70,70,70,70,70,70,70,70,70,70,70,35,35,35,35,35,35,35,35,35,35,35,35,35,35,35,35,35,35,35,35,49,49,49,49,49,49,49,49,49,49,49,49],"card_choices":[{"not_picked":["Prepared","Quick Slash"],"picked":"Poisoned Stab","floor":1.0},{"not_picked":["Acrobatics","Flechettes"],"picked":"Bane","floor":4.0},{"not_picked":["Distraction","Predator"],"picked":"Poisoned Stab","floor":5.0},{"not_picked":["Flechettes","Acrobatics"],"picked":"Well Laid Plans","floor":6.0},{"not_picked":["Acrobatics","Endless Agony"],"picked":"Bouncing Flask","floor":8.0},{"not_picked":["Prepared","Blade Dance"],"picked":"Crippling Poison","floor":12.0},{"not_picked":["PiercingWail","Blade Dance"],"picked":"Catalyst","floor":14.0},{"not_picked":["Unload","Grand Finale"],"picked":"Adrenaline","floor":16.0},{"not_picked":["Dagger Spray","Underhanded Strike","Slice"],"picked":"SKIP","floor":18.0},{"not_picked":["PiercingWail+1","Underhanded Strike"],"picked":"Footwork+1","floor":21.0},{"not_picked":["Poisoned Stab","Outmaneuver","Finisher"],"picked":"SKIP","floor":23.0},{"not_picked":["Flying Knee","Deflect"],"picked":"Footwork+1","floor":24.0},{"not_picked":["Reflex+1","Flechettes","Endless Agony+1"],"picked":"SKIP","floor":25.0},{"not_picked":["Prepared+1","Concentrate"],"picked":"Caltrops+1","floor":27.0},{"not_picked":["Unload","Underhanded Strike+1"],"picked":"Acrobatics+1","floor":29.0},{"not_picked":["Dodge and Roll","After Image","Endless Agony"],"picked":"SKIP","floor":31.0},{"not_picked":["Glass Knife","Wraith Form v2"],"picked":"Venomology","floor":33},{"not_picked":["Sucker Punch+1"],"picked":"SKIP","floor":35},{"not_picked":["Outmaneuver+1"],"picked":"SKIP","floor":38},{"not_picked":["Riddle With Holes+1"],"picked":"SKIP","floor":40},{"not_picked":[],"picked":"Backflip+1","floor":42},{"not_picked":["Outmaneuver"],"picked":"SKIP","floor":45},{"not_picked":[],"picked":"Catalyst+1","floor":46},{"not_picked":[],"picked":"Master of Strategy","floor":48}],"player_experience":497360,"relics_obtained":[{"floor":6.0,"key":"Bag of Preparation"},{"floor":9.0,"key":"Whetstone"},{"floor":25.0,"key":"PreservedInsect"},{"floor":26.0,"key":"Bronze Scales"},{"floor":36,"key":"Ice Cream"},{"floor":39,"key":"Mango"},{"floor":40,"key":"Oddly Smooth Stone"},{"floor":42,"key":"Peace Pipe"},{"floor":43,"key":"MawBank"}],"event_choices":[{"damage_healed":0.0,"max_hp_gain":0.0,"max_hp_loss":0.0,"gold_gain":0.0,"event_name":"The Woman in Blue","player_choice":"Bought 1 Potion","floor":3.0,"gold_loss":0.0,"damage_taken":0.0},{"damage_healed":0.0,"max_hp_gain":0.0,"max_hp_loss":0.0,"gold_gain":0.0,"event_name":"FaceTrader","player_choice":"Trade","floor":13.0,"gold_loss":0.0,"damage_taken":0.0,"relics_obtained":["SsserpentHead"]},{"damage_healed":0.0,"max_hp_gain":0.0,"max_hp_loss":35.0,"gold_gain":0.0,"event_name":"Ghosts","player_choice":"Became a Ghost","floor":19.0,"gold_loss":0.0,"damage_taken":0.0,"cards_obtained":["Ghostly","Ghostly","Ghostly","Ghostly","Ghostly"]},{"damage_healed":0.0,"max_hp_gain":0.0,"max_hp_loss":0.0,"gold_gain":0.0,"event_name":"Lab","player_choice":"Got Potions","floor":22.0,"gold_loss":0.0,"damage_taken":0.0},{"damage_healed":0,"gold_gain":0,"player_choice":"Fight","damage_taken":0,"max_hp_gain":0,"max_hp_loss":0,"event_name":"MindBloom","floor":36,"gold_loss":0},{"damage_healed":0,"gold_gain":0,"player_choice":"Fight","damage_taken":0,"max_hp_gain":0,"max_hp_loss":0,"event_name":"Mysterious Sphere","floor":39,"gold_loss":0},{"damage_healed":0,"gold_gain":0,"player_choice":"Memory 1","damage_taken":0,"max_hp_gain":0,"max_hp_loss":0,"event_name":"SensoryStone","floor":48,"gold_loss":0}],"is_beta":true,"boss_relics":[{"not_picked":["Orrery","HoveringKite"],"picked":"White Beast Statue"},{"not_picked":["Runic Dome","Calling Bell"],"picked":"Busted Crown"}],"items_purged_floors":[11,37],"is_endless":false,"potions_floor_spawned":[5,6,14,18,21,23,24,25,27,29,31,33,35,36,38,39,40,42,45,46],"ascension_level":8}