{"gold_per_floor":[116,133,133,146,162,162,173,173,173,173,202,168,201,216,216,216],"floor_reached":16,"playtime":484,"items_purged":[],"score":148,"play_id":"ff90e2b8-dff4-4a53-9187-686dccec5ba6","local_time":"20181220112252","is_ascension_mode":true,"campfire_choices":[{"data":"Genetic Algorithm","floor":6,"key":"SMITH"},{"data":"Dualcast","floor":8,"key":"SMITH"},{"data":"Self Repair","floor":10,"key":"SMITH"},{"data":"Coolheaded","floor":15,"key":"SMITH"}],"neow_cost":"NONE","seed_source_timestamp":9353188692100,"circlet_count":0,"master_deck":["Strike_B","Strike_B","Strike_B","Strike_B","Defend_B","Defend_B","Defend_B+1","Defend_B","Zap+1","Dualcast+1","Genetic Algorithm+1","Self Repair+1","Coolheaded+1"],"relics":["Cracked Core","War Paint","Darkstone Periapt","Odd Mushroom","Meat on the Bone"],"potions_floor_usage":[11,13],"damage_taken":[{"damage":7,"enemies":"Small Slimes","floor":1,"turns":3},{"damage":0,"enemies":"2 Louse","floor":2,"turns":2},{"damage":2,"enemies":"Jaw Worm","floor":4,"turns":3},{"damage":3,"enemies":"Blue Slaver","floor":5,"turns":3},{"damage":0,"enemies":"Large Slime","floor":7,"turns":5},{"damage":22,"enemies":"The Mushroom Lair","floor":11,"turns":5},{"damage":13,"enemies":"Lagavulin","floor":13,"turns":8},{"damage":3,"enemies":"Looter","floor":14,"turns":3},{"damage":57,"enemies":"The Guardian","floor":16,"turns":13}],"seed_played":"-357030864995420004","potions_obtained":[{"floor":2,"key":"Poison Potion"},{"floor":11,"key":"Dexterity Potion"}],"is_trial":false,"path_per_floor":["M","M","?","M","M","R","M","R","T","R","?","?","E","M","R","B"],"character_chosen":"DEFECT","items_purchased":[],"campfire_rested":0,"item_purchase_floors":[],"current_hp_per_floor":[61,61,61,59,56,56,56,56,56,56,44,44,41,48,48,0],"gold":216,"neow_bonus":"RANDOM_COMMON_RELIC","is_prod":false,"is_daily":false,"chose_seed":false,"campfire_upgraded":4,"win_rate":0,"timestamp":1545301372,"path_taken":["M","M","?","M","M","R","M","R","T","R","?","?","E","M","R","BOSS"],"build_version":"2018-12-13","purchased_purges":0,"victory":false,"max_hp_per_floor":[75,75,75,75,75,75,75,75,75,75,75,75,75,75,75,75],"card_choices":[{"not_picked":["Barrage","Steam","Compile Driver"],"picked":"SKIP","floor":1},{"not_picked":["Stack","Rebound","Redo"],"picked":"SKIP","floor":2},{"not_picked":["Chaos","Stack","Melter"],"picked":"SKIP","floor":4},{"not_picked":["Compile Driver","Recycle"],"picked":"Genetic Algorithm","floor":5},{"not_picked":["Rebound","Barrage"],"picked":"Self Repair","floor":7},{"not_picked":["Leap","Multi-Cast","Steam"],"picked":"SKIP","floor":13},{"not_picked":["Cold Snap","Ball Lightning"],"picked":"Coolheaded","floor":14}],"player_experience":288565,"relics_obtained":[{"floor":9,"key":"Darkstone Periapt"},{"floor":11,"key":"Odd Mushroom"},{"floor":13,"key":"Meat on the Bone"}],"event_choices":[{"damage_healed":0,"gold_gain":0,"player_choice":"Ignored","damage_taken":0,"max_hp_gain":0,"max_hp_loss":0,"event_name":"Liars Game","floor":3,"gold_loss":0},{"damage_healed":0,"gold_gain":0,"player_choice":"Fought Mushrooms","damage_taken":0,"max_hp_gain":0,"max_hp_loss":0,"event_name":"Mushrooms","floor":11,"gold_loss":0},{"damage_healed":0,"gold_gain":0,"player_choice":"Left Gold","damage_taken":0,"max_hp_gain":0,"max_hp_loss":0,"event_name":"World of Goop","floor":12,"gold_loss":34}],"is_beta":false,"boss_relics":[],"items_purged_floors":[],"is_endless":false,"potions_floor_spawned":[2,11],"killed_by":"The Guardian","ascension_level":9}