{"gold_per_floor":[119,138,154,172,185,212,226,41,41,61,61,79,102,129,129,228,228,248,268,280,280],"floor_reached":21,"playtime":1148,"items_purged":[],"score":207,"play_id":"22a965a2-5fa3-4b62-a8a7-fbeb0b337e27","local_time":"20180627020558","is_ascension_mode":true,"campfire_choices":[{"data":"Flame Barrier","floor":11,"key":"SMITH"},{"data":"Rage","floor":15,"key":"SMITH"}],"neow_cost":"NONE","seed_source_timestamp":351137861824039,"circlet_count":0,"master_deck":["Strike_R","Strike_R","Strike_R","Strike_R","Strike_R","Defend_R","Defend_R","Defend_R","Defend_R","Bash","Uppercut","Rage+1","Seeing Red","Wild Strike","Iron Wave","Berserk","Flame Barrier+1","Fire Breathing","Shockwave","Disarm","Fire Breathing","Demon Form","Shrug It Off+1","Carnage"],"relics":["Burning Blood","Orichalcum","Anchor","Strawberry","Odd Mushroom","Kunai","Runic Cube"],"potions_floor_usage":[6,13,19,21,21],"damage_taken":[{"damage":0,"enemies":"Cultist","floor":1,"turns":3},{"damage":1,"enemies":"2 Louse","floor":2,"turns":3},{"damage":5,"enemies":"Jaw Worm","floor":3,"turns":4},{"damage":8,"enemies":"Lots of Slimes","floor":4,"turns":5},{"damage":2,"enemies":"Looter","floor":5,"turns":3},{"damage":14,"enemies":"Gremlin Nob","floor":6,"turns":4},{"damage":8,"enemies":"Large Slime","floor":7,"turns":7},{"damage":6,"enemies":"Lots of Slimes","floor":10,"turns":4},{"damage":0,"enemies":"2 Fungi Beasts","floor":12,"turns":4},{"damage":5,"floor":13,"turns":4},{"damage":24,"enemies":"Lagavulin","floor":14,"turns":7},{"damage":30,"enemies":"The Guardian","floor":16,"turns":13},{"damage":32,"enemies":"Chosen","floor":18,"turns":8},{"damage":45,"enemies":"Spheric Guardian","floor":19,"turns":8},{"damage":9,"enemies":"Snecko","floor":20,"turns":7},{"damage":19,"enemies":"Slaver and Parasite","floor":21,"turns":5}],"seed_played":"-7746409658849981722","potions_obtained":[{"floor":2,"key":"SteroidPotion"},{"floor":4,"key":"Swift Potion"},{"floor":5,"key":"Explosive Potion"},{"floor":10,"key":"FearPotion"},{"floor":16,"key":"FearPotion"}],"is_trial":false,"path_per_floor":["M","M","M","M","M","E","M","$","T","M","R","M","?","E","R","B",null,"M","M","M"],"character_chosen":"IRONCLAD","items_purchased":["Fire Breathing","Anchor"],"campfire_rested":0,"item_purchase_floors":[8,8],"current_hp_per_floor":[80,80,80,78,80,72,70,70,77,77,77,83,84,66,66,42,87,61,22,19,0],"gold":280,"neow_bonus":"THREE_CARDS","is_prod":false,"is_daily":false,"chose_seed":false,"campfire_upgraded":2,"win_rate":0,"timestamp":1530057958,"path_taken":["M","M","M","M","M","E","M","$","T","?","R","M","?","E","R","BOSS","M","M","M","?"],"build_version":"2018-06-21v2","purchased_purges":0,"victory":false,"max_hp_per_floor":[80,80,80,80,80,80,80,80,87,87,87,87,87,87,87,87,87,87,87,87,87],"card_choices":[{"not_picked":["Body Slam","Anger"],"picked":"Uppercut","floor":0},{"not_picked":["Warcry","Havoc"],"picked":"Rage","floor":1},{"not_picked":["True Grit","Cleave"],"picked":"Seeing Red","floor":2},{"not_picked":["Clash","Warcry"],"picked":"Wild Strike","floor":3},{"not_picked":["Perfected Strike","Fiend Fire","Clash"],"picked":"SKIP","floor":4},{"not_picked":["Flex","Twin Strike"],"picked":"Iron Wave","floor":5},{"not_picked":["Dropkick","Pommel Strike"],"picked":"Berserk","floor":6},{"not_picked":["Headbutt","Body Slam"],"picked":"Flame Barrier","floor":7},{"not_picked":["Perfected Strike","Havoc"],"picked":"Shockwave","floor":10},{"not_picked":["Rage","Havoc"],"picked":"Disarm","floor":12},{"not_picked":["Clothesline","Sword Boomerang"],"picked":"Fire Breathing","floor":13},{"not_picked":["Second Wind","Dual Wield","Rupture"],"picked":"SKIP","floor":14},{"not_picked":["Dark Embrace","Fiend Fire"],"picked":"Demon Form","floor":16},{"not_picked":["True Grit","Armaments"],"picked":"Shrug It Off+1","floor":18},{"not_picked":["Headbutt","Anger"],"picked":"Carnage","floor":19},{"not_picked":["Shrug It Off+1","Headbutt+1","Wild Strike"],"picked":"SKIP","floor":20}],"player_experience":435781,"relics_obtained":[{"floor":6,"key":"Orichalcum"},{"floor":9,"key":"Strawberry"},{"floor":13,"key":"Odd Mushroom"},{"floor":14,"key":"Kunai"}],"event_choices":[{"event_name":"Mushrooms","player_choice":"Fought Mushrooms","floor":13,"damage_taken":0}],"boss_relics":[{"not_picked":["Velvet Choker","Runic Dome"],"picked":"Runic Cube"}],"items_purged_floors":[],"is_endless":false,"potions_floor_spawned":[2,4,5,10,16],"killed_by":"Slaver and Parasite","ascension_level":1}