{"gold_per_floor":[113,44,62,79,1,1,36,36,36,55,5,5,24,24,24,122,122,110,110,110,35,35,35,0,0,0,0,18,18,28,44,44,140,140,158,175,175,189,189,189,16,51,51,81,98,164,180,191,191,191],"floor_reached":51,"playtime":2769,"items_purged":["Shame","Strike_G"],"score":813,"play_id":"45800355-5d14-4594-bfd8-0c3a3adf051e","local_time":"20190108174220","is_ascension_mode":true,"campfire_choices":[{"data":"Neutralize","floor":6,"key":"SMITH"},{"data":"Infinite Blades","floor":8,"key":"SMITH"},{"data":"Blade Dance","floor":12,"key":"SMITH"},{"data":"Backflip","floor":15,"key":"SMITH"},{"data":"Blade Dance","floor":23,"key":"SMITH"},{"data":"Burst","floor":25,"key":"SMITH"},{"data":"Survivor","floor":29,"key":"SMITH"},{"data":"Accuracy","floor":32,"key":"SMITH"},{"floor":40,"key":"RECALL"},{"floor":49,"key":"REST"}],"neow_cost":"NONE","seed_source_timestamp":10788076467600,"circlet_count":0,"master_deck":["Defend_G","Defend_G","Defend_G","Defend_G","Defend_G","Strike_G","Strike_G","Strike_G","Survivor+1","Neutralize+1","Backflip+1","Dagger Spray","Infinite Blades+1","Blade Dance+1","Blade Dance+1","Burst+1","PiercingWail+1","Accuracy+1","Adrenaline","Finisher+1","Deflect+1","Accuracy","Accuracy+1","Footwork+1","Dodge and Roll","Choke","Escape Plan+1"],"relics":["Ring of the Snake","NeowsBlessing","Kunai","Bird Faced Urn","Pear","Cursed Key","Nilry\u0027s Codex","Shuriken","Sundial","Fusion Hammer","SsserpentHead","Omamori","Question Card","Pen Nib"],"potions_floor_usage":[18,36,38,42,50,50,50,50],"damage_taken":[{"damage":0,"enemies":"Small Slimes","floor":1,"turns":1},{"damage":0,"enemies":"Cultist","floor":3,"turns":1},{"damage":0,"enemies":"2 Louse","floor":4,"turns":1},{"damage":20,"enemies":"Lagavulin","floor":7,"turns":9},{"damage":0,"enemies":"Large Slime","floor":10,"turns":7},{"damage":0,"enemies":"2 Fungi Beasts","floor":13,"turns":3},{"damage":45,"enemies":"Hexaghost","floor":16,"turns":17},{"damage":7,"enemies":"2 Thieves","floor":18,"turns":4},{"damage":0,"enemies":"3 Byrds","floor":28,"turns":5},{"damage":0,"enemies":"Snecko","floor":30,"turns":4},{"damage":0,"enemies":"Sentry and Sphere","floor":31,"turns":4},{"damage":26,"enemies":"Champ","floor":33,"turns":13},{"damage":11,"enemies":"Orb Walker","floor":35,"turns":4},{"damage":0,"enemies":"3 Darklings","floor":36,"turns":2},{"damage":8,"enemies":"Sphere and 2 Shapes","floor":38,"turns":6},{"damage":28,"enemies":"Nemesis","floor":42,"turns":9},{"damage":3,"enemies":"Reptomancer","floor":44,"turns":4},{"damage":0,"enemies":"Jaw Worm Horde","floor":45,"turns":4},{"damage":7,"enemies":"Writhing Mass","floor":46,"turns":6},{"damage":0,"enemies":"3 Darklings","floor":47,"turns":6},{"damage":1,"enemies":"Jaw Worm Horde","floor":48,"turns":3},{"damage":31,"enemies":"Awakened One","floor":50,"turns":8}],"seed_played":"-867985548829150406","potions_obtained":[{"floor":7,"key":"Regen Potion"},{"floor":16,"key":"SkillPotion"},{"floor":30,"key":"Ancient Potion"},{"floor":31,"key":"SteroidPotion"},{"floor":36,"key":"Explosive Potion"},{"floor":38,"key":"FearPotion"},{"floor":46,"key":"SteroidPotion"},{"floor":47,"key":"EntropicBrew"}],"is_trial":false,"path_per_floor":["M","?","M","M","$","R","E","R","T","M","?","R","M","?","R","B",null,"M","?","?","$","?","R","?","R","T","$","M","R","M","M","R","B",null,"M","M","?","M","?","R","$","E","T","E","M","M","M","M","R","B",null],"character_chosen":"THE_SILENT","items_purchased":["Infinite Blades","Accuracy"],"campfire_rested":1,"item_purchase_floors":[5,41],"current_hp_per_floor":[70,70,70,70,70,70,50,50,60,62,62,62,64,64,64,21,80,73,57,57,57,57,57,57,57,57,57,59,59,61,63,63,45,80,71,75,75,71,71,71,71,64,64,69,79,79,80,80,80,55],"gold":191,"neow_bonus":"THREE_ENEMY_KILL","is_prod":false,"is_daily":false,"chose_seed":false,"campfire_upgraded":8,"win_rate":0,"timestamp":1546965740,"path_taken":["M","?","M","?","?","R","E","R","T","M","?","R","M","?","R","BOSS","M","?","?","$","?","R","?","R","T","?","M","R","M","M","R","BOSS","M","M","?","?","?","R","$","E","T","E","M","?","M","M","R","BOSS"],"build_version":"2019-01-03v4","purchased_purges":2,"victory":true,"max_hp_per_floor":[70,70,70,70,70,70,70,70,80,80,80,80,80,80,80,80,80,80,80,80,80,80,80,80,80,80,80,80,80,80,80,80,80,80,80,80,80,80,80,80,80,80,80,80,80,80,80,80,80,80],"card_choices":[{"not_picked":["Poisoned Stab","Prepared","Slice"],"picked":"SKIP","floor":1},{"not_picked":["Accuracy","Sucker Punch"],"picked":"Backflip","floor":3},{"not_picked":["Quick Slash","Acrobatics"],"picked":"Dagger Spray","floor":4},{"not_picked":["Die Die Die","Dagger Throw"],"picked":"Blade Dance","floor":7},{"not_picked":["Bouncing Flask","Expertise"],"picked":"Blade Dance","floor":10},{"not_picked":["Sucker Punch","Outmaneuver","Underhanded Strike"],"picked":"SKIP","floor":13},{"not_picked":["Wraith Form v2","Die Die Die"],"picked":"Burst","floor":16},{"not_picked":["Deadly Poison+1","Outmaneuver"],"picked":"PiercingWail+1","floor":18},{"not_picked":["Acrobatics","Setup","Tactician"],"picked":"SKIP","floor":28},{"not_picked":["Sucker Punch","Infinite Blades","Reflex"],"picked":"SKIP","floor":30},{"not_picked":["Bane+1","Concentrate"],"picked":"Accuracy","floor":31},{"not_picked":["Grand Finale","Unload"],"picked":"Adrenaline","floor":33},{"not_picked":["Flying Knee","Slice+1"],"picked":"Finisher+1","floor":35},{"not_picked":["Sucker Punch+1","Predator"],"picked":"Deflect+1","floor":36},{"not_picked":["Eviscerate+1","Bouncing Flask+1","Skewer+1"],"picked":"SKIP","floor":38},{"not_picked":["Backstab+1","Unload"],"picked":"Accuracy+1","floor":42},{"not_picked":["Distraction","Quick Slash","Dodge and Roll+1"],"picked":"Footwork+1","floor":44},{"not_picked":["Slice+1","Dagger Spray+1","Calculated Gamble+1"],"picked":"Dodge and Roll","floor":45},{"not_picked":["Blade Dance+1","Outmaneuver","Deadly Poison","Wraith Form v2"],"picked":"SKIP","floor":46},{"not_picked":["Poisoned Stab+1","Blade Dance","Deadly Poison+1"],"picked":"Choke","floor":47},{"not_picked":["Backflip+1","Predator+1","Sucker Punch+1"],"picked":"Escape Plan+1","floor":48}],"player_experience":351561,"relics_obtained":[{"floor":7,"key":"Bird Faced Urn"},{"floor":9,"key":"Pear"},{"floor":19,"key":"Nilry\u0027s Codex"},{"floor":26,"key":"Sundial"},{"floor":42,"key":"Omamori"},{"floor":43,"key":"Question Card"},{"floor":44,"key":"Pen Nib"}],"event_choices":[{"damage_healed":0,"gold_gain":0,"player_choice":"Paid Gold","damage_taken":0,"relics_obtained":["Kunai"],"max_hp_gain":0,"max_hp_loss":0,"event_name":"WeMeetAgain","floor":2,"gold_loss":69},{"cards_removed":["Strike_G"],"damage_healed":0,"gold_gain":0,"player_choice":"Card Removal","damage_taken":0,"max_hp_gain":0,"max_hp_loss":0,"event_name":"The Cleric","floor":11,"gold_loss":50},{"damage_healed":0,"gold_gain":0,"player_choice":"Ignored","damage_taken":0,"max_hp_gain":0,"max_hp_loss":0,"event_name":"Liars Game","floor":14,"gold_loss":0},{"damage_healed":0,"gold_gain":0,"player_choice":"Obtained Book","damage_taken":16,"max_hp_gain":0,"max_hp_loss":0,"event_name":"Cursed Tome","floor":19,"gold_loss":0},{"damage_healed":0,"gold_gain":0,"player_choice":"Stole Relic","damage_taken":0,"relics_obtained":["Shuriken"],"max_hp_gain":0,"max_hp_loss":0,"event_name":"Addict","floor":20,"gold_loss":0,"cards_obtained":["Shame"]},{"damage_healed":0,"gold_gain":0,"player_choice":"Ignored","damage_taken":0,"max_hp_gain":0,"max_hp_loss":0,"event_name":"Ghosts","floor":22,"gold_loss":0},{"damage_healed":0,"gold_gain":0,"player_choice":"Paid Fearfully","damage_taken":0,"max_hp_gain":0,"max_hp_loss":0,"event_name":"Masked Bandits","floor":24,"gold_loss":35},{"cards_removed":["Normality"],"damage_healed":0,"gold_gain":0,"player_choice":"Removed Curses","damage_taken":0,"max_hp_gain":0,"max_hp_loss":0,"event_name":"Fountain of Cleansing","floor":37,"gold_loss":0},{"damage_healed":0,"gold_gain":0,"player_choice":"Trade","damage_taken":0,"relics_obtained":["SsserpentHead"],"max_hp_gain":0,"max_hp_loss":0,"event_name":"FaceTrader","floor":39,"gold_loss":0}],"is_beta":false,"boss_relics":[{"not_picked":["HoveringKite","Busted Crown"],"picked":"Cursed Key"},{"not_picked":["Runic Dome","Velvet Choker"],"picked":"Fusion Hammer"}],"items_purged_floors":[21,41],"is_endless":false,"potions_floor_spawned":[7,16,30,31,33,36,38,46,47,48],"ascension_level":4}