{"path_per_floor":["M","?","M","M","M","R","M","R","T","E","R","E","M","E","R","B",null,"M","$","M","M","T","R","E","$","T","M","E","R","$","M","R"],"character_chosen":"IRONCLAD","items_purchased":["Evolve","Power Through","Impervious","Sentinel","Omamori","Finesse"],"gold_per_floor":[114,114,124,143,154,154,166,166,166,201,201,235,246,278,278,374,374,387,147,157,176,230,230,261,36,61,72,102,102,5,25,25,25],"floor_reached":33,"campfire_rested":0,"playtime":2494,"current_hp_per_floor":[80,80,80,76,57,57,59,59,59,52,52,42,41,41,41,12,80,70,70,60,51,58,58,36,36,36,41,41,41,41,47,47,0],"items_purged":[],"gold":25,"score":307,"play_id":"eda7ce0b-d8a8-4f25-a004-391322416980","local_time":"20180521143022","is_prod":false,"is_daily":false,"chose_seed":false,"is_ascension_mode":false,"campfire_upgraded":4,"timestamp":1526905822,"campfire_choices":[{"data":"Immolate","floor":6,"key":"SMITH"},{"data":"Shockwave","floor":8,"key":"SMITH"},{"data":"Blood for Blood","floor":11,"key":"SMITH"},{"floor":15,"key":"DIG"},{"data":"Injury","floor":23,"key":"PURGE"},{"floor":29,"key":"DIG"},{"data":"Dark Embrace","floor":32,"key":"SMITH"}],"path_taken":["M","?","M","M","M","R","?","R","T","E","R","E","M","E","R","BOSS","M","?","M","M","?","R","E","$","T","M","E","R","?","M","R","BOSS"],"build_version":"2018-05-17","seed_source_timestamp":57908683202718,"purchased_purges":0,"victory":false,"master_deck":["Strike_R","Strike_R","Strike_R","Strike_R","Defend_R","Defend_R","Defend_R","Defend_R","Bash","Fire Breathing","Thunderclap","Immolate+1","Shockwave+1","Blood for Blood+1","Rage","Dark Embrace+1","Feel No Pain","Fiend Fire","Evolve","Power Through","Impervious","Shockwave","Body Slam+1","Sentinel","Flame Barrier","Finesse","Berserk"],"max_hp_per_floor":[80,80,80,80,80,80,80,80,80,80,80,80,80,80,80,80,80,80,80,80,80,87,87,87,87,87,87,87,87,87,87,87,87],"relics":["Burning Blood","Torii","Centennial Puzzle","Peace Pipe","Shovel","Juzu Bracelet","Cursed Key","Strawberry","Thread and Needle","Omamori","Lantern","Bag of Preparation","Paper Frog"],"card_choices":[{"not_picked":["Battle Trance","Infernal Blade"],"picked":"Fire Breathing","floor":1},{"not_picked":["Cleave","Armaments"],"picked":"Thunderclap","floor":3},{"not_picked":["Armaments","Iron Wave"],"picked":"Immolate","floor":4},{"not_picked":["Headbutt","Sword Boomerang","Bloodletting"],"picked":"SKIP","floor":5},{"not_picked":["Rupture","Flex"],"picked":"Shockwave","floor":7},{"not_picked":["Rage","Second Wind"],"picked":"Blood for Blood","floor":10},{"not_picked":["Hemokinesis","Thunderclap"],"picked":"Rage","floor":12},{"not_picked":["Sword Boomerang","Thunderclap"],"picked":"Dark Embrace","floor":13},{"not_picked":["Clothesline","Feel No Pain","Combust"],"picked":"SKIP","floor":14},{"not_picked":["Clothesline","Combust"],"picked":"Feel No Pain","floor":14},{"not_picked":["Immolate","Barricade"],"picked":"Fiend Fire","floor":16},{"not_picked":["Heavy Blade","Body Slam+1","Iron Wave"],"picked":"SKIP","floor":18},{"not_picked":["Disarm","Sentinel"],"picked":"Shockwave","floor":20},{"not_picked":["Combust+1","Shrug It Off+1","Clash+1"],"picked":"SKIP","floor":21},{"not_picked":["Warcry","Infernal Blade"],"picked":"Body Slam+1","floor":24},{"not_picked":["Entrench+1","Sword Boomerang"],"picked":"Flame Barrier","floor":27},{"not_picked":["Hemokinesis","Pommel Strike+1","Sword Boomerang"],"picked":"SKIP","floor":28},{"not_picked":["Feel No Pain","Iron Wave+1"],"picked":"Berserk","floor":31}],"player_experience":256291,"potions_floor_usage":[10,33,33,33],"damage_taken":[{"damage":5,"enemies":"Cultist","floor":1,"turns":4},{"damage":3,"enemies":"Small Slimes","floor":3,"turns":3},{"damage":10,"enemies":"Jaw Worm","floor":4,"turns":5},{"damage":25,"enemies":"Exordium Wildlife","floor":5,"turns":4},{"damage":4,"enemies":"Blue Slaver","floor":7,"turns":5},{"damage":21,"enemies":"Lagavulin","floor":10,"turns":7},{"damage":16,"enemies":"3 Sentries","floor":12,"turns":3},{"damage":7,"enemies":"2 Fungi Beasts","floor":13,"turns":3},{"damage":6,"enemies":"Gremlin Nob","floor":14,"turns":3},{"damage":35,"enemies":"The Guardian","floor":16,"turns":11},{"damage":16,"enemies":"2 Thieves","floor":18,"turns":4},{"damage":16,"enemies":"3 Byrds","floor":20,"turns":4},{"damage":15,"enemies":"Snake Plant","floor":21,"turns":4},{"damage":28,"enemies":"Slavers","floor":24,"turns":6},{"damage":1,"enemies":"Cultist and Chosen","floor":27,"turns":4},{"damage":6,"enemies":"Book of Stabbing","floor":28,"turns":7},{"damage":0,"enemies":"Chosen and Byrds","floor":31,"turns":4},{"damage":59,"enemies":"Champ","floor":33,"turns":15}],"relics_obtained":[{"floor":9,"key":"Torii"},{"floor":10,"key":"Centennial Puzzle"},{"floor":12,"key":"Peace Pipe"},{"floor":14,"key":"Shovel"},{"floor":15,"key":"Juzu Bracelet"},{"floor":22,"key":"Strawberry"},{"floor":24,"key":"Thread and Needle"},{"floor":26,"key":"Lantern"},{"floor":28,"key":"Bag of Preparation"},{"floor":29,"key":"Paper Frog"}],"event_choices":[{"event_name":"Living Wall","player_choice":"Forget","floor":2,"damage_taken":0}],"boss_relics":[{"not_picked":["Snecko Eye","Eternal Feather"],"picked":"Cursed Key"}],"potions_floor_spawned":[1,7,12,14,16,18,24],"seed_played":"3768334218133783823","killed_by":"Champ","ascension_level":0,"potions_obtained":[{"floor":1,"key":"BloodPotion"},{"floor":7,"key":"BloodPotion"},{"floor":12,"key":"Dexterity Potion"},{"floor":14,"key":"SneckoOil"},{"floor":16,"key":"Block Potion"},{"floor":18,"key":"SkillPotion"}],"is_trial":false}