{"gold_per_floor":[117,67,67,81,101,101,118,146,198,198,198,42,82,82,82,205,205,218,122,122,142,165,165,165,65,65,78,97,97,97,97,97,216,216,235,568,580,680,699,699,718,718,718,718,768,768,778,44,44,44],"floor_reached":51,"playtime":9597,"items_purged":["Defend_B","Defend_B"],"score":898,"play_id":"cbc96f04-9d86-4086-a050-07b4fecd49ca","local_time":"20181110130424","is_ascension_mode":true,"campfire_choices":[{"data":"Go for the Eyes","floor":6,"key":"SMITH"},{"data":"Fission","floor":15,"key":"SMITH"},{"data":"Buffer","floor":23,"key":"SMITH"},{"floor":30,"key":"REST"},{"floor":32,"key":"REST"},{"floor":40,"key":"REST"},{"floor":42,"key":"DIG"},{"floor":49,"key":"REST"}],"neow_cost":"NONE","seed_source_timestamp":491449720297369,"circlet_count":0,"master_deck":["Strike_B","Strike_B","Defend_B","Defend_B","Zap","Dualcast+1","Go for the Eyes+1","Conserve Battery","BootSequence","White Noise+1","Hologram","Fission+1","Buffer+1","Echo Form","Defragment","Coolheaded","Defragment+1","Fission","Consume+1","Reboot","Cold Snap+1","Seek"],"relics":["FrozenCore","NeowsBlessing","Gremlin Horn","Happy Flower","StoneCalendar","Juzu Bracelet","Boot","Bottled Lightning","Inserter","Shovel","Sundial","Mummified Hand","Pocketwatch","Thread and Needle","Strange Spoon","Pantograph"],"potions_floor_usage":[13,16,33,33,35,37,50,50],"damage_taken":[{"damage":0,"enemies":"2 Louse","floor":1,"turns":1},{"damage":0,"enemies":"Small Slimes","floor":4,"turns":1},{"damage":0,"enemies":"Cultist","floor":5,"turns":1},{"damage":0,"enemies":"2 Fungi Beasts","floor":7,"turns":3},{"damage":28,"enemies":"Gremlin Nob","floor":8,"turns":5},{"damage":0,"enemies":"3 Sentries","floor":13,"turns":2},{"damage":56,"enemies":"The Guardian","floor":16,"turns":12},{"damage":0,"enemies":"Shell Parasite","floor":18,"turns":7},{"damage":0,"enemies":"Spheric Guardian","floor":21,"turns":7},{"damage":7,"enemies":"Snecko","floor":22,"turns":8},{"damage":16,"enemies":"Shelled Parasite and Fungi","floor":27,"turns":8},{"damage":18,"enemies":"Snake Plant","floor":28,"turns":7},{"damage":3,"enemies":"Colosseum Slavers","floor":29,"turns":7},{"damage":11,"enemies":"Automaton","floor":33,"turns":13},{"damage":15,"enemies":"3 Shapes","floor":35,"turns":5},{"damage":2,"enemies":"3 Darklings","floor":37,"turns":12},{"damage":4,"enemies":"Mind Bloom Boss Battle","floor":38,"turns":12},{"damage":6,"enemies":"Spire Growth","floor":39,"turns":8},{"damage":0,"enemies":"Maw","floor":41,"turns":11},{"damage":27,"enemies":"2 Orb Walkers","floor":45,"turns":8},{"damage":0,"enemies":"Sphere and 2 Shapes","floor":47,"turns":6},{"damage":12,"enemies":"Awakened One","floor":50,"turns":12}],"seed_played":"-6249342657948652498","potions_obtained":[{"floor":5,"key":"Explosive Potion"},{"floor":8,"key":"SteroidPotion"},{"floor":16,"key":"FearPotion"},{"floor":22,"key":"Fire Potion"},{"floor":28,"key":"LiquidBronze"},{"floor":35,"key":"Energy Potion"},{"floor":39,"key":"Ancient Potion"},{"floor":45,"key":"Swift Potion"}],"is_trial":false,"path_per_floor":["M","?","?","M","M","R","M","E","T","?","T","$","E","?","R","B",null,"M","?","?","M","M","R","?","$","T","M","M","?","R","?","R","B",null,"M","?","M","?","M","R","M","R","T","?","?","?","M","$","R","B",null],"character_chosen":"DEFECT","items_purchased":["Fission","Thread and Needle","Strange Spoon","Pantograph"],"campfire_rested":4,"item_purchase_floors":[12,48,48,48],"current_hp_per_floor":[68,68,68,68,68,68,68,40,40,40,40,40,40,63,63,7,54,54,54,54,54,47,47,47,47,47,31,13,10,30,30,50,39,62,47,47,45,41,35,55,55,55,55,55,28,28,28,28,48,57],"gold":44,"neow_bonus":"THREE_ENEMY_KILL","is_prod":false,"is_daily":false,"chose_seed":false,"campfire_upgraded":3,"win_rate":0,"timestamp":1541873064,"path_taken":["M","?","?","M","?","R","M","E","T","?","?","?","E","?","R","BOSS","M","?","?","M","M","R","?","$","T","M","M","?","R","?","R","BOSS","M","?","M","?","M","R","M","R","T","?","?","?","M","?","R","BOSS"],"build_version":"2018-11-08","purchased_purges":2,"victory":true,"max_hp_per_floor":[75,75,75,75,75,75,75,75,75,69,69,69,69,69,69,69,69,69,69,69,69,69,69,69,69,69,69,69,69,69,69,69,69,69,69,69,69,69,69,69,69,69,69,69,69,69,69,69,69,69],"card_choices":[{"not_picked":["Lockon","Turbo"],"picked":"Go for the Eyes","floor":1},{"not_picked":["Turbo","Beam Cell"],"picked":"Conserve Battery","floor":4},{"not_picked":["Rebound","Steam"],"picked":"BootSequence","floor":5},{"not_picked":["Turbo","Sweeping Beam"],"picked":"White Noise","floor":7},{"not_picked":["Sweeping Beam","Streamline"],"picked":"Hologram","floor":8},{"not_picked":["Beam Cell","Redo"],"picked":"Buffer","floor":13},{"not_picked":["Multi-Cast","Seek"],"picked":"Echo Form","floor":16},{"not_picked":["Redo","Conserve Battery"],"picked":"Defragment","floor":18},{"not_picked":["Redo","Hologram"],"picked":"Coolheaded","floor":21},{"not_picked":["Turbo+1","Heatsinks","Melter+1"],"picked":"SKIP","floor":22},{"not_picked":["Ball Lightning","Turbo","Rip and Tear"],"picked":"SKIP","floor":27},{"not_picked":["Genetic Algorithm","Aggregate+1"],"picked":"Defragment+1","floor":28},{"not_picked":["Thunder Strike","Machine Learning"],"picked":"Fission","floor":33},{"not_picked":["Undo","Stack+1","Hologram+1"],"picked":"SKIP","floor":35},{"not_picked":["Coolheaded+1","Conserve Battery"],"picked":"Consume+1","floor":37},{"not_picked":["Rebound+1","BootSequence+1","Ball Lightning+1"],"picked":"SKIP","floor":39},{"not_picked":["Leap+1","Gash"],"picked":"Reboot","floor":41},{"not_picked":["FTL+1","Coolheaded"],"picked":"Cold Snap+1","floor":45},{"not_picked":["Cold Snap+1","Barrage+1","Melter"],"picked":"SKIP","floor":47}],"player_experience":337955,"relics_obtained":[{"floor":8,"key":"Gremlin Horn"},{"floor":9,"key":"Happy Flower"},{"floor":11,"key":"StoneCalendar"},{"floor":13,"key":"Juzu Bracelet"},{"floor":26,"key":"Bottled Lightning"},{"floor":38,"key":"Shovel"},{"floor":42,"key":"Sundial"},{"floor":43,"key":"Mummified Hand"},{"floor":45,"key":"Pocketwatch"}],"event_choices":[{"cards_removed":["Strike_B"],"damage_healed":0,"gold_gain":0,"player_choice":"Card Removal","damage_taken":0,"max_hp_gain":0,"max_hp_loss":0,"event_name":"The Cleric","floor":2,"gold_loss":50},{"damage_healed":0,"gold_gain":0,"player_choice":"Upgraded","damage_taken":0,"max_hp_gain":0,"max_hp_loss":0,"event_name":"Upgrade Shrine","floor":3,"gold_loss":0,"cards_upgraded":["Dualcast"]},{"damage_healed":0,"gold_gain":0,"player_choice":"Lose Max HP","damage_taken":0,"relics_obtained":["Golden Idol"],"max_hp_gain":0,"max_hp_loss":6,"event_name":"Golden Idol","floor":10,"gold_loss":0},{"damage_healed":23,"gold_gain":0,"player_choice":"Banana","damage_taken":0,"max_hp_gain":0,"max_hp_loss":0,"event_name":"Big Fish","floor":14,"gold_loss":0},{"damage_healed":0,"gold_gain":0,"player_choice":"Paid Gold","damage_taken":0,"relics_obtained":["Boot"],"max_hp_gain":0,"max_hp_loss":0,"event_name":"WeMeetAgain","floor":19,"gold_loss":96},{"cards_removed":["Strike_B"],"damage_healed":0,"gold_gain":0,"player_choice":"Elegance","damage_taken":0,"max_hp_gain":0,"max_hp_loss":0,"event_name":"Back to Basics","floor":20,"gold_loss":0},{"damage_healed":0,"gold_gain":0,"player_choice":"Bought 0 Potions","damage_taken":0,"max_hp_gain":0,"max_hp_loss":0,"event_name":"The Woman in Blue","floor":24,"gold_loss":0},{"damage_healed":0,"gold_gain":0,"player_choice":"Fight","damage_taken":0,"max_hp_gain":0,"max_hp_loss":0,"event_name":"Colosseum","floor":29,"gold_loss":0},{"damage_healed":0,"gold_gain":0,"player_choice":"Fled From Nobs","damage_taken":0,"max_hp_gain":0,"max_hp_loss":0,"event_name":"Colosseum","floor":29,"gold_loss":0},{"damage_healed":0,"gold_gain":0,"player_choice":"Forge","damage_taken":0,"max_hp_gain":0,"max_hp_loss":0,"event_name":"Accursed Blacksmith","floor":31,"gold_loss":0,"cards_upgraded":["White Noise"]},{"damage_healed":0,"gold_gain":333,"player_choice":"Gave Idol","damage_taken":0,"max_hp_gain":0,"max_hp_loss":0,"event_name":"The Moai Head","floor":36,"relics_lost":["Golden Idol"],"gold_loss":0},{"damage_healed":0,"gold_gain":0,"player_choice":"Fight","damage_taken":0,"max_hp_gain":0,"max_hp_loss":0,"event_name":"MindBloom","floor":38,"gold_loss":0},{"damage_healed":0,"gold_gain":0,"player_choice":"Ignored","damage_taken":0,"max_hp_gain":0,"max_hp_loss":0,"event_name":"Tomb of Lord Red Mask","floor":44,"gold_loss":0},{"damage_healed":0,"gold_gain":0,"player_choice":"Fight","damage_taken":0,"max_hp_gain":0,"max_hp_loss":0,"event_name":"Mysterious Sphere","floor":45,"gold_loss":0},{"damage_healed":0,"gold_gain":0,"player_choice":"1 cards matched","damage_taken":0,"max_hp_gain":0,"max_hp_loss":0,"event_name":"Match and Keep!","floor":46,"gold_loss":0,"cards_obtained":["Seek"]}],"is_beta":true,"boss_relics":[{"not_picked":["Orrery","Calling Bell"],"picked":"FrozenCore"},{"not_picked":["Lizard Tail","Eternal Feather"],"picked":"Inserter"}],"items_purged_floors":[12,25],"is_endless":false,"potions_floor_spawned":[5,8,16,22,28,29,35,39,45],"ascension_level":7}