{"gold_per_floor":[119,132,147,4,21,21,52,65,113,131,131,56,56,56,56,181,181,199,2,27,52,66,66,80,80,80,80,80,103,116,132,132,132],"floor_reached":33,"playtime":1805,"items_purged":["Defend_R"],"score":266,"play_id":"f94b88d1-648a-4e9d-979b-ac4285761e98","local_time":"20190217162706","is_ascension_mode":true,"campfire_choices":[{"data":"Exhume","floor":6,"key":"SMITH"},{"data":"Impervious","floor":13,"key":"SMITH"},{"data":"Body Slam","floor":15,"key":"SMITH"},{"floor":23,"key":"REST"},{"data":"Entrench","floor":25,"key":"SMITH"},{"floor":32,"key":"REST"}],"neow_cost":"TEN_PERCENT_HP_LOSS","seed_source_timestamp":17832518556255,"circlet_count":0,"master_deck":["Strike_R","Strike_R","Strike_R","Defend_R","Defend_R","Defend_R","Bash","Exhume+1","Bludgeon+1","Body Slam+1","Armaments","True Grit","Impervious+1","Intimidate","Twin Strike","Impervious","Iron Wave","Body Slam","Pommel Strike","Iron Wave+1","Armaments+1","Entrench+1","Thunderclap+1","Iron Wave+1","Cleave+1"],"relics":["Burning Blood","Matryoshka","Oddly Smooth Stone","Regal Pillow","Golden Idol","Orrery","Medical Kit","Red Skull","Singing Bowl"],"potions_floor_usage":[7,10,16,33,33],"damage_taken":[{"damage":9,"enemies":"Cultist","floor":1,"turns":4},{"damage":0,"enemies":"Small Slimes","floor":2,"turns":2},{"damage":6,"enemies":"Jaw Worm","floor":3,"turns":2},{"damage":0,"enemies":"Large Slime","floor":5,"turns":3},{"damage":13,"enemies":"Gremlin Nob","floor":7,"turns":4},{"damage":4,"enemies":"Blue Slaver","floor":8,"turns":6},{"damage":1,"enemies":"Exordium Wildlife","floor":10,"turns":7},{"damage":30,"enemies":"Hexaghost","floor":16,"turns":7},{"damage":19,"enemies":"Shell Parasite","floor":18,"turns":7},{"damage":0,"enemies":"3 Byrds","floor":20,"turns":7},{"damage":6,"enemies":"Centurion and Healer","floor":21,"turns":7},{"damage":18,"enemies":"Cultist and Chosen","floor":22,"turns":10},{"damage":12,"enemies":"Snake Plant","floor":24,"turns":5},{"damage":20,"enemies":"Shelled Parasite and Fungi","floor":29,"turns":10},{"damage":11,"enemies":"Snecko","floor":30,"turns":6},{"damage":7,"enemies":"Snake Plant","floor":31,"turns":4},{"damage":90,"enemies":"Collector","floor":33,"turns":11}],"seed_played":"4620630390869972843","potions_obtained":[{"floor":2,"key":"FearPotion"},{"floor":5,"key":"Block Potion"},{"floor":8,"key":"Block Potion"},{"floor":22,"key":"Strength Potion"},{"floor":24,"key":"Explosive Potion"},{"floor":29,"key":"FairyPotion"},{"floor":31,"key":"PowerPotion"}],"is_trial":false,"path_per_floor":["M","M","M","$","M","R","E","M","T","M","?","$","R","?","R","B",null,"M","$","M","M","M","R","M","R","T","$","?","M","M","M","R","B"],"character_chosen":"IRONCLAD","items_purchased":["Impervious","Medical Kit"],"campfire_rested":2,"item_purchase_floors":[4,19],"current_hp_per_floor":[69,72,72,72,72,72,65,67,67,72,72,72,72,67,67,43,67,54,54,60,60,48,67,61,61,61,61,61,49,44,45,71,0],"gold":132,"neow_bonus":"TRANSFORM_TWO_CARDS","is_prod":false,"is_daily":false,"chose_seed":false,"campfire_upgraded":4,"win_rate":0,"timestamp":1550442426,"path_taken":["M","M","M","$","M","R","E","?","T","M","?","?","R","?","R","BOSS","M","$","M","M","M","R","M","R","T","$","?","M","M","M","R","BOSS"],"build_version":"2019-01-23","purchased_purges":1,"victory":false,"max_hp_per_floor":[72,72,72,72,72,72,72,72,72,72,72,72,72,67,67,67,67,67,67,67,67,67,67,67,67,67,67,67,69,69,71,71,71],"card_choices":[{"not_picked":["Flex","Armaments"],"picked":"Body Slam","floor":1},{"not_picked":["Thunderclap","Rupture"],"picked":"Armaments","floor":2},{"not_picked":["Sever Soul","Dual Wield"],"picked":"True Grit","floor":3},{"not_picked":["Clothesline","Dual Wield"],"picked":"Intimidate","floor":5},{"not_picked":["Sword Boomerang","Reckless Charge","Fire Breathing"],"picked":"SKIP","floor":7},{"not_picked":["Anger","Limit Break","Havoc"],"picked":"SKIP","floor":8},{"not_picked":["Clothesline","Sentinel"],"picked":"Twin Strike","floor":10},{"not_picked":["Feed","Limit Break"],"picked":"Impervious","floor":16},{"not_picked":["Headbutt","Armaments"],"picked":"Iron Wave","floor":17},{"not_picked":["Feel No Pain","Headbutt"],"picked":"Body Slam","floor":17},{"not_picked":["Power Through","True Grit"],"picked":"Pommel Strike","floor":17},{"not_picked":["Wild Strike","Burning Pact"],"picked":"Iron Wave+1","floor":18},{"not_picked":["Iron Wave","Pommel Strike"],"picked":"Armaments+1","floor":20},{"not_picked":["Disarm","Dark Embrace"],"picked":"Entrench","floor":21},{"not_picked":["Seeing Red","Wild Strike"],"picked":"Thunderclap+1","floor":22},{"not_picked":["Clash","Wild Strike+1"],"picked":"Iron Wave+1","floor":24},{"not_picked":["Body Slam","Wild Strike","Armaments+1"],"picked":"Singing Bowl","floor":29},{"not_picked":["Corruption","Flex+1"],"picked":"Cleave+1","floor":30},{"not_picked":["Pummel","Demon Form","Body Slam"],"picked":"Singing Bowl","floor":31}],"player_experience":184378,"relics_obtained":[{"floor":7,"key":"Matryoshka"},{"floor":9,"key":"Oddly Smooth Stone"},{"floor":9,"key":"Regal Pillow"},{"floor":26,"key":"Red Skull"},{"floor":26,"key":"Singing Bowl"}],"event_choices":[{"damage_healed":0,"gold_gain":0,"player_choice":"Grow","damage_taken":0,"max_hp_gain":0,"max_hp_loss":0,"event_name":"Living Wall","floor":11,"gold_loss":0,"cards_upgraded":["Bludgeon"]},{"damage_healed":0,"gold_gain":0,"player_choice":"Lose Max HP","damage_taken":0,"relics_obtained":["Golden Idol"],"max_hp_gain":0,"max_hp_loss":5,"event_name":"Golden Idol","floor":14,"gold_loss":0},{"damage_healed":0,"gold_gain":0,"player_choice":"Ignored","damage_taken":0,"max_hp_gain":0,"max_hp_loss":0,"event_name":"Vampires","floor":28,"gold_loss":0}],"is_beta":false,"boss_relics":[{"not_picked":["Fusion Hammer","Runic Dome"],"picked":"Orrery"}],"items_purged_floors":[12],"is_endless":false,"potions_floor_spawned":[2,5,8,22,24,29,31],"killed_by":"Collector","ascension_level":1}