{"path_per_floor":["M","M","M","M","M","R","E","M","T","?","M","M","M","$","R","B",null,"M","M","M","M","M","R","M","M","T","M","M","R","M","M","R","B",null,"M","M","M","M","M","E","R","M","T","M","M","M","R","$","R","B"],"character_chosen":"THE_SILENT","items_purchased":["Apotheosis","Toolbox","Shuriken","Ornamental Fan"],"gold_per_floor":[114,129,144,159,174,174,204,219,219,551,566,581,596,68,68,168,168,183,198,213,228,243,243,258,273,273,288,303,303,318,333,333,433,433,448,463,478,493,508,538,538,553,553,568,583,598,598,98,98,98],"floor_reached":51,"campfire_rested":1,"playtime":3228,"current_hp_per_floor":[70,70,70,70,63,63,72,69,79,61,63,65,67,67,67,31,87,87,87,87,87,87,87,87,87,93,93,88,88,90,92,92,75,93,93,66,60,56,58,60,90,90,90,90,90,90,90,90,90,90],"items_purged":["Dodge and Roll"],"gold":98,"score":878,"play_id":"e8fd5a75-f5fb-4990-9b76-e8d7fb489387","local_time":"20180417222337","daily_mods":["Draft","Night Terrors","Vintage"],"is_prod":false,"is_daily":true,"chose_seed":false,"is_ascension_mode":false,"campfire_upgraded":7,"timestamp":1524018217,"path_taken":["M","M","M","M","M","R","E","M","T","?","M","M","M","$","R","BOSS","M","M","M","M","?","R","M","M","T","M","M","R","M","M","R","BOSS","M","M","M","M","M","E","R","M","T","M","M","M","R","$","R","BOSS"],"build_version":"2018-04-12","seed_source_timestamp":0,"purchased_purges":1,"victory":true,"master_deck":["Calculated Gamble+1","Cloak And Dagger","Finisher+1","Acrobatics+1","Prepared+1","Underhanded Strike+1","Underhanded Strike+1","Blade Dance+1","Sucker Punch+1","Distraction+1","Quick Slash","Dagger Throw","Infinite Blades","Backflip","Bullet Time+1","Apotheosis+1","Injury","Tools of the Trade+1"],"max_hp_per_floor":[70,70,70,70,70,70,77,77,87,87,87,87,87,87,87,87,87,87,87,87,87,87,87,87,87,93,93,93,93,93,93,93,93,93,93,93,93,93,93,95,90,90,90,90,90,90,90,90,90,90],"relics":["Ring of the Snake","Ninja Scroll","Blue Candle","Blood Vial","Regal Pillow","Letter Opener","Strawberry","Darkstone Periapt","Pear","Old Coin","Snake Skull","Gambling Chip","Calipers","Toolbox","Bag of Preparation","Cursed Key","Meat on the Bone","Paper Crane","Oddly Smooth Stone","Orichalcum","Unceasing Top","War Paint","Molten Egg 2","Matryoshka","Art of War","Frozen Egg 2","Singing Bowl","Pen Nib","Whetstone","Sozu","Happy Flower","Bronze Scales","Lantern","Omamori","Toxic Egg 2","Ancient Tea Set","Mummified Hand","Bottled Flame","Mercury Hourglass","Dream Catcher","Bottled Lightning","Centennial Puzzle","Shuriken","Ornamental Fan"],"card_choices":[{"not_picked":["Outmaneuver","Sucker Punch"],"picked":"Calculated Gamble","floor":0},{"not_picked":["Backflip","Dodge and Roll"],"picked":"Cloak And Dagger","floor":0},{"not_picked":["Dodge and Roll","Reflex"],"picked":"Finisher","floor":0},{"not_picked":["Leg Sweep","Flying Knee"],"picked":"Acrobatics","floor":0},{"not_picked":["Sucker Punch","Choke"],"picked":"Prepared","floor":0},{"not_picked":["Sucker Punch","Dagger Spray"],"picked":"Underhanded Strike","floor":0},{"not_picked":["Outmaneuver","Poisoned Stab"],"picked":"Underhanded Strike","floor":0},{"not_picked":["Bane","Slice"],"picked":"Blade Dance","floor":0},{"not_picked":["Riddle With Holes","Masterful Stab"],"picked":"Sucker Punch","floor":0},{"not_picked":["Leg Sweep","Bane"],"picked":"Distraction","floor":0},{"not_picked":["Deadly Poison","Slice"],"picked":"Quick Slash","floor":0},{"not_picked":["Deadly Poison","Sucker Punch"],"picked":"Dagger Throw","floor":0},{"not_picked":["Endless Agony","Outmaneuver"],"picked":"Dodge and Roll","floor":0},{"not_picked":["Prepared","Riddle With Holes"],"picked":"Infinite Blades","floor":0},{"not_picked":["Quick Slash","Outmaneuver"],"picked":"Backflip","floor":0},{"not_picked":["Dagger Throw","Catalyst"],"picked":"Bullet Time","floor":7},{"not_picked":["Burst","Doppelganger"],"picked":"Tools of the Trade","floor":33}],"player_experience":197478,"potions_floor_usage":[10,31,33],"damage_taken":[{"damage":0,"enemies":"Jaw Worm","floor":1,"turns":2},{"damage":0,"enemies":"2 Louse","floor":2,"turns":1},{"damage":0,"enemies":"Cultist","floor":3,"turns":2},{"damage":0,"enemies":"Large Slime","floor":4,"turns":1},{"damage":7,"enemies":"3 Louse","floor":5,"turns":2},{"damage":0,"enemies":"Gremlin Nob","floor":7,"turns":2},{"damage":5,"enemies":"2 Fungi Beasts","floor":8,"turns":2},{"damage":20,"enemies":"Lagavulin Event","floor":10,"turns":4},{"damage":0,"enemies":"Lots of Slimes","floor":11,"turns":3},{"damage":0,"enemies":"Red Slaver","floor":12,"turns":1},{"damage":0,"enemies":"Exordium Thugs","floor":13,"turns":1},{"damage":38,"enemies":"Hexaghost","floor":16,"turns":5},{"damage":0,"enemies":"Shell Parasite","floor":18,"turns":1},{"damage":0,"enemies":"Chosen","floor":19,"turns":2},{"damage":0,"enemies":"3 Cultists","floor":20,"turns":3},{"damage":0,"enemies":"Sentry and Sphere","floor":21,"turns":2},{"damage":0,"enemies":"Slaver and Parasite","floor":22,"turns":1},{"damage":0,"enemies":"Cultist and Chosen","floor":24,"turns":1},{"damage":0,"enemies":"Chosen and Byrds","floor":25,"turns":3},{"damage":0,"enemies":"Slaver and Parasite","floor":27,"turns":2},{"damage":5,"enemies":"Centurion and Healer","floor":28,"turns":3},{"damage":0,"enemies":"Snecko","floor":30,"turns":1},{"damage":0,"enemies":"Chosen and Byrds","floor":31,"turns":2},{"damage":18,"enemies":"Automaton","floor":33,"turns":4},{"damage":0,"enemies":"Orb Walker","floor":35,"turns":1},{"damage":27,"enemies":"3 Shapes","floor":36,"turns":1},{"damage":8,"enemies":"Sphere and 2 Shapes","floor":37,"turns":2},{"damage":6,"enemies":"4 Shapes","floor":38,"turns":2},{"damage":0,"enemies":"3 Darklings","floor":39,"turns":1},{"damage":2,"enemies":"2 Orb Walkers","floor":40,"turns":2},{"damage":0,"enemies":"Maw","floor":42,"turns":3},{"damage":0,"enemies":"Sphere and 2 Shapes","floor":44,"turns":1},{"damage":0,"enemies":"4 Shapes","floor":45,"turns":1},{"damage":0,"enemies":"Maw","floor":46,"turns":3},{"damage":0,"enemies":"Awakened One","floor":50,"turns":5}],"event_choices":[{"event_name":"Dead Adventurer","player_choice":"Searched \u00272\u0027 times","floor":10,"damage_taken":0}],"boss_relics":[{"not_picked":["Runic Dome","White Beast Statue"],"picked":"Cursed Key"},{"not_picked":["Snecko Eye","Black Star"],"picked":"Sozu"}],"potions_floor_spawned":[1,2,7,10,12,16,19,20,22,25,30,33,35,40,42,44],"seed_played":"-4643760058957999775","ascension_level":0,"is_trial":false}