{"gold_per_floor":[118,118,118,91,103,103,114,147,228,228,260,225,241,241,241,241],"floor_reached":16,"playtime":687,"items_purged":[],"score":119,"play_id":"974b4f77-67f6-4f33-a9e6-a00639be1182","local_time":"20190224235011","is_ascension_mode":true,"campfire_choices":[{"data":"Backflip","floor":6,"key":"SMITH"},{"floor":10,"key":"REST"},{"floor":15,"key":"REST"}],"neow_cost":"NONE","seed_source_timestamp":56347674834826,"circlet_count":0,"master_deck":["Defend_G","Defend_G","Defend_G","Defend_G","Defend_G","Strike_G","Strike_G","Strike_G","Strike_G","Strike_G","Survivor","Neutralize+1","Dagger Throw","Backflip+1","PiercingWail","Deflect","Dagger Spray","Deflect","Deflect"],"relics":["Ring of the Snake","Lantern","Potion Belt","Question Card","Boot"],"potions_floor_usage":[7,8,11],"damage_taken":[{"damage":1,"enemies":"2 Louse","floor":1,"turns":5},{"damage":1,"enemies":"Jaw Worm","floor":5,"turns":3},{"damage":0,"enemies":"Cultist","floor":7,"turns":3},{"damage":43,"enemies":"Gremlin Nob","floor":8,"turns":6},{"damage":43,"enemies":"Lagavulin","floor":11,"turns":10},{"damage":0,"enemies":"2 Fungi Beasts","floor":13,"turns":3},{"damage":39,"enemies":"Hexaghost","floor":16,"turns":14}],"seed_played":"3788105495328032797","potions_obtained":[{"floor":1,"key":"Poison Potion"},{"floor":7,"key":"SkillPotion"},{"floor":8,"key":"Regen Potion"},{"floor":11,"key":"Energy Potion"}],"is_trial":false,"path_per_floor":["M","?","?","$","M","R","M","E","T","R","E","?","M","?","R","B"],"character_chosen":"THE_SILENT","items_purchased":["Backflip"],"campfire_rested":2,"item_purchase_floors":[4],"current_hp_per_floor":[69,69,69,69,68,68,68,25,25,46,18,18,18,18,39,0],"gold":241,"neow_bonus":"RANDOM_COMMON_RELIC","is_prod":false,"is_daily":false,"chose_seed":false,"campfire_upgraded":1,"win_rate":0,"timestamp":1551073811,"path_taken":["M","?","?","$","?","R","M","E","T","R","E","?","M","?","R","BOSS"],"build_version":"2019-01-23","purchased_purges":0,"victory":false,"max_hp_per_floor":[70,70,70,70,70,70,70,70,70,70,70,70,70,70,70,70],"card_choices":[{"not_picked":["Escape Plan","Bane"],"picked":"Dagger Throw","floor":1},{"not_picked":["Caltrops","Quick Slash"],"picked":"PiercingWail","floor":5},{"not_picked":["Underhanded Strike","Prepared"],"picked":"Deflect","floor":7},{"not_picked":["Finisher","Quick Slash"],"picked":"Dagger Spray","floor":8},{"not_picked":["Backflip","Quick Slash","Cloak And Dagger"],"picked":"Deflect","floor":11},{"not_picked":["Noxious Fumes","Infinite Blades","Predator"],"picked":"Deflect","floor":13}],"player_experience":379243,"relics_obtained":[{"floor":8,"key":"Potion Belt"},{"floor":9,"key":"Question Card"},{"floor":11,"key":"Boot"}],"event_choices":[{"damage_healed":0,"gold_gain":0,"player_choice":"Leave","damage_taken":0,"max_hp_gain":0,"max_hp_loss":0,"event_name":"The Cleric","floor":2,"gold_loss":0},{"damage_healed":0,"gold_gain":0,"player_choice":"Upgraded","damage_taken":0,"max_hp_gain":0,"max_hp_loss":0,"event_name":"Upgrade Shrine","floor":3,"gold_loss":0,"cards_upgraded":["Neutralize"]},{"damage_healed":0,"gold_gain":0,"player_choice":"Left Gold","damage_taken":0,"max_hp_gain":0,"max_hp_loss":0,"event_name":"World of Goop","floor":12,"gold_loss":35},{"damage_healed":0,"gold_gain":0,"player_choice":"Ignored","damage_taken":0,"max_hp_gain":0,"max_hp_loss":0,"event_name":"Liars Game","floor":14,"gold_loss":0}],"is_beta":false,"boss_relics":[],"items_purged_floors":[],"is_endless":false,"potions_floor_spawned":[1,7,8,11],"killed_by":"Hexaghost","ascension_level":2}