{"path_per_floor":["M","M","M","?","?","E","M","M","T","R","M","E","R","E","R","B",null,"M","?","?","M","M","E","$","R","T","E","?","?","M","E","R"],"character_chosen":"IRONCLAD","items_purchased":["Dead Branch"],"gold_per_floor":[112,122,142,142,142,173,190,205,253,253,263,292,292,322,322,427,427,446,361,361,378,392,424,38,38,112,143,177,177,193,219,219,219],"floor_reached":33,"campfire_rested":0,"playtime":2555,"current_hp_per_floor":[80,80,80,80,77,43,45,31,31,31,28,28,28,31,31,30,80,78,78,78,74,41,16,16,16,16,19,21,21,13,19,19,0],"items_purged":["Strike_R"],"gold":219,"score":350,"play_id":"ad006e77-c862-42ba-bdea-f7a241b4da86","local_time":"20180521023336","is_prod":false,"is_daily":false,"chose_seed":false,"is_ascension_mode":false,"campfire_upgraded":5,"timestamp":1526862816,"campfire_choices":[{"data":"Reckless Charge","floor":10,"key":"SMITH"},{"data":"Evolve","floor":13,"key":"SMITH"},{"data":"Iron Wave","floor":15,"key":"SMITH"},{"data":"Wild Strike","floor":25,"key":"SMITH"},{"data":"Juggernaut","floor":32,"key":"SMITH"}],"path_taken":["M","M","M","?","?","E","M","M","T","R","M","E","R","E","R","BOSS","M","?","?","M","M","E","$","R","T","E","?","?","M","E","R","BOSS"],"build_version":"2018-05-17","seed_source_timestamp":14838059375931,"purchased_purges":2,"victory":false,"master_deck":["Strike_R","Strike_R","Strike_R","Strike_R","Defend_R","Defend_R","Defend_R","Defend_R+1","Bash","Shrug It Off+1","Evolve+1","Wild Strike+1","Whirlwind","Iron Wave+1","Reckless Charge+1","Limit Break+1","Immolate","Spot Weakness+1","Limit Break+1","Rage+1","Fire Breathing","Armaments+1","Battle Trance+1","Impervious+1","Juggernaut+1"],"max_hp_per_floor":[80,80,80,80,80,80,80,80,80,80,80,80,80,80,80,80,80,80,80,80,80,80,80,80,80,80,80,80,80,80,80,80,80],"relics":["Burning Blood","Darkstone Periapt","Toxic Egg 2","Ancient Tea Set","War Paint","Unceasing Top","Mark of Pain","Bag of Marbles","Art of War","Dead Branch","Mummified Hand","Juzu Bracelet","Red Mask","Bag of Preparation","Self Forming Clay"],"card_choices":[{"not_picked":["Pommel Strike","Headbutt"],"picked":"Shrug It Off","floor":0},{"not_picked":["Perfected Strike","Wild Strike"],"picked":"Evolve","floor":1},{"not_picked":["Dual Wield","Brutality"],"picked":"Wild Strike","floor":2},{"not_picked":["Havoc","Rage"],"picked":"Whirlwind","floor":3},{"not_picked":["Twin Strike","Searing Blow","Clash"],"picked":"SKIP","floor":6},{"not_picked":["Clash","Havoc+1"],"picked":"Iron Wave","floor":7},{"not_picked":["Bloodletting+1","Corruption"],"picked":"Reckless Charge","floor":8},{"not_picked":["Body Slam","Searing Blow"],"picked":"Limit Break+1","floor":11},{"not_picked":["Clash","Sentinel+1"],"picked":"Immolate","floor":12},{"not_picked":["Clothesline","Warcry+1"],"picked":"Spot Weakness+1","floor":14},{"not_picked":["Exhume+1","Offering+1"],"picked":"Limit Break+1","floor":16},{"not_picked":["Perfected Strike","Ghostly Armor+1"],"picked":"Rage+1","floor":18},{"not_picked":["Intimidate+1","Twin Strike"],"picked":"Fire Breathing","floor":21},{"not_picked":["Havoc+1","Sever Soul"],"picked":"Armaments+1","floor":22},{"not_picked":["Warcry+1","Pommel Strike"],"picked":"Battle Trance+1","floor":23},{"not_picked":["Havoc+1","Armaments+1"],"picked":"Impervious+1","floor":27},{"not_picked":["Infernal Blade+1","Armaments+1","Thunderclap"],"picked":"SKIP","floor":30},{"not_picked":["Feel No Pain+1","Anger+1"],"picked":"Juggernaut","floor":31}],"player_experience":252646,"potions_floor_usage":[6,14,14,23,31,33,33],"damage_taken":[{"damage":2,"enemies":"Jaw Worm","floor":1,"turns":5},{"damage":2,"enemies":"Cultist","floor":2,"turns":4},{"damage":0,"enemies":"2 Louse","floor":3,"turns":2},{"damage":40,"enemies":"Lagavulin","floor":6,"turns":9},{"damage":4,"enemies":"2 Fungi Beasts","floor":7,"turns":3},{"damage":20,"enemies":"Exordium Thugs","floor":8,"turns":6},{"damage":9,"enemies":"3 Louse","floor":11,"turns":4},{"damage":6,"enemies":"3 Sentries","floor":12,"turns":6},{"damage":3,"enemies":"Lagavulin","floor":14,"turns":5},{"damage":7,"enemies":"Slime Boss","floor":16,"turns":7},{"damage":8,"enemies":"Spheric Guardian","floor":18,"turns":5},{"damage":10,"enemies":"Shell Parasite","floor":21,"turns":5},{"damage":39,"enemies":"Snake Plant","floor":22,"turns":5},{"damage":39,"enemies":"Book of Stabbing","floor":23,"turns":6},{"damage":3,"enemies":"Slavers","floor":27,"turns":3},{"damage":4,"enemies":"Masked Bandits","floor":28,"turns":4},{"damage":14,"enemies":"Snecko","floor":30,"turns":6},{"damage":0,"enemies":"Book of Stabbing","floor":31,"turns":4},{"damage":23,"enemies":"Champ","floor":33,"turns":5}],"relics_obtained":[{"floor":6,"key":"Toxic Egg 2"},{"floor":9,"key":"Ancient Tea Set"},{"floor":12,"key":"War Paint"},{"floor":14,"key":"Unceasing Top"},{"floor":26,"key":"Mummified Hand"},{"floor":27,"key":"Juzu Bracelet"},{"floor":28,"key":"Red Mask"},{"floor":31,"key":"Self Forming Clay"}],"event_choices":[{"event_name":"Wheel of Change","player_choice":"Full Heal","floor":4,"damage_taken":0},{"event_name":"Scrap Ooze","player_choice":"success","floor":5,"damage_taken":3},{"event_name":"Addict","player_choice":"Obtained Relic","floor":19,"damage_taken":0},{"event_name":"Accursed Blacksmith","player_choice":"Rummage","floor":20,"damage_taken":0},{"event_name":"Masked Bandits","player_choice":"Fought over 143 gold","floor":28,"damage_taken":0},{"event_name":"The Mausoleum","player_choice":"Yes","floor":29,"damage_taken":0}],"boss_relics":[{"not_picked":["Runic Pyramid","Black Star"],"picked":"Mark of Pain"}],"potions_floor_spawned":[1,7,11,14,22,28,31],"seed_played":"4023397374982627588","killed_by":"Champ","ascension_level":0,"potions_obtained":[{"floor":1,"key":"SkillPotion"},{"floor":7,"key":"SpeedPotion"},{"floor":11,"key":"Weak Potion"},{"floor":14,"key":"BloodPotion"},{"floor":22,"key":"FearPotion"},{"floor":28,"key":"EssenceOfSteel"},{"floor":31,"key":"Ancient Potion"}],"is_trial":false}