{"path_per_floor":["M","M","?","M","?","E","M","R","T","R","T","E","M","$","R","B",null,"M","M","?","T","T","R","M","M","T","$","R","?","M","M","R","B",null,"M","?","M","M","?","R","M","E","T","$","R","M","R","M","R","B"],"character_chosen":"THE_SILENT","items_purchased":["Block Potion","Heel Hook"],"gold_per_floor":[15,35,35,47,47,77,95,95,95,95,149,180,196,69,69,173,173,173,173,88,88,88,88,88,88,88,11,11,11,11,11,11,11,11,11,11,11,11,11,11,11,11,11,11,11,11,11,11,11,11],"floor_reached":51,"campfire_rested":3,"playtime":4675,"current_hp_per_floor":[70,70,70,70,70,56,56,56,56,56,56,50,42,42,42,29,70,70,67,67,67,67,67,67,51,51,51,51,51,51,53,53,31,70,64,70,60,49,49,49,49,3,3,3,24,5,26,43,64,22],"items_purged":["Strike_G"],"gold":11,"play_id":"bdc04aff-64ad-44c3-82e2-c829bd3febc8","is_prod":false,"is_daily":false,"is_ascension_mode":false,"campfire_upgraded":7,"path_taken":["M","M","?","?","?","E","M","R","T","R","?","E","M","$","R","BOSS","M","M","?","?","?","R","M","M","T","$","R","?","M","M","R","BOSS","M","?","M","?","?","R","M","E","T","$","R","M","R","M","R","BOSS"],"build_version":"2018-01-25-PROD3","purchased_purges":1,"victory":true,"master_deck":["Defend_G","Defend_G","Defend_G","Defend_G","Defend_G","Strike_G","Strike_G","Strike_G","Strike_G","Survivor+1","Neutralize+1","Glass Knife+1","Backstab+1","Deadly Poison","Blur","Sucker Punch+1","Glass Knife+1","Backflip","Adrenaline+1","Poisoned Stab+1","Backflip","Bane+1","Tools of the Trade+1","Heel Hook","Deadly Poison","Neutralize+1","Dagger Spray+1","Prepared","Night Terror+1","Catalyst","Prepared+1","Prepared"],"max_hp_per_floor":[70,70,70,70,70,70,70,70,70,70,70,70,70,70,70,70,70,70,70,70,70,70,70,70,70,70,70,70,70,70,70,70,70,70,70,70,70,70,70,70,70,70,70,70,70,70,70,70,70,70],"relics":["Ring of the Snake","Toxic Egg","Molten Egg","Tiny Chest","Ancient Tea Set","Ectoplasm","Unceasing Top","Pen Nib","Bird Faced Urn","Gambling Chip","Lizard Tail","Matryoshka","Anchor","Ginger"],"card_choices":[{"not_picked":["Envenom","Phantasmal Killer"],"picked":"Glass Knife"},{"not_picked":["Well Laid Plans","Outmaneuver"],"picked":"Backstab"},{"not_picked":["Backflip","Deflect"],"picked":"Noxious Fumes"},{"not_picked":["Masterful Stab","Quick Slash"],"picked":"Deadly Poison"},{"not_picked":["Deadly Poison","Backflip"],"picked":"Blur"},{"not_picked":["After Image","Underhanded Strike"],"picked":"Sucker Punch"},{"not_picked":["Distraction","Cloak And Dagger"],"picked":"Glass Knife"},{"not_picked":["Sucker Punch","Dodge and Roll"],"picked":"Backflip"},{"not_picked":["Glass Knife","Storm of Steel"],"picked":"Adrenaline"},{"not_picked":["PiercingWail","Cloak And Dagger"],"picked":"Poisoned Stab"},{"not_picked":["Slice","Outmaneuver"],"picked":"Backflip"},{"not_picked":["Dash","Outmaneuver"],"picked":"Bane"},{"not_picked":["Leg Sweep","Dagger Throw"],"picked":"Tools of the Trade"},{"not_picked":["PiercingWail","Poisoned Stab"],"picked":"Dagger Spray"},{"not_picked":["Infinite Blades","Bane"],"picked":"Prepared"},{"not_picked":["Dodge and Roll","Slice"],"picked":"Night Terror"},{"not_picked":["Backstab","Bane"],"picked":"Catalyst"},{"not_picked":["Outmaneuver","Dash"],"picked":"Prepared"},{"not_picked":["Bane","Slice"],"picked":"Prepared"}],"player_experience":104937,"potions_floor_usage":[4,4,16,16,24,33,33,38,48,50],"damage_taken":[{"damage":0,"enemies":"Small Slimes","floor":1,"turns":2},{"damage":0,"enemies":"Cultist","floor":2,"turns":3},{"damage":0,"enemies":"Blue Slaver","floor":4,"turns":1},{"damage":14,"enemies":"3 Sentries","floor":6,"turns":6},{"damage":0,"enemies":"Exordium Wildlife","floor":7,"turns":6},{"damage":6,"enemies":"Lagavulin","floor":12,"turns":5},{"damage":8,"enemies":"Exordium Thugs","floor":13,"turns":3},{"damage":13,"enemies":"The Guardian","floor":16,"turns":12},{"damage":0,"enemies":"Chosen","floor":18,"turns":4},{"damage":3,"enemies":"Shell Parasite","floor":19,"turns":3},{"damage":2,"enemies":"Centurion and Healer","floor":24,"turns":3},{"damage":16,"enemies":"Snake Plant","floor":25,"turns":3},{"damage":0,"enemies":"Chosen and Byrds","floor":30,"turns":3},{"damage":2,"enemies":"Centurion and Healer","floor":31,"turns":3},{"damage":26,"enemies":"Automaton","floor":33,"turns":6},{"damage":6,"enemies":"3 Darklings","floor":35,"turns":4},{"damage":14,"enemies":"3 Shapes","floor":37,"turns":6},{"damage":15,"enemies":"Sphere and 2 Shapes","floor":38,"turns":7},{"damage":0,"enemies":"3 Darklings","floor":41,"turns":3},{"damage":48,"enemies":"Giant Head","floor":42,"turns":9},{"damage":21,"enemies":"Maw","floor":46,"turns":5},{"damage":0,"enemies":"Sphere and 2 Shapes","floor":48,"turns":6},{"damage":81,"enemies":"Awakened One","floor":50,"turns":18}],"event_choices":[{"event_name":"The Lab","player_choice":"Got Potions","floor":3,"damage_taken":0},{"event_name":"Upgrade Shrine","player_choice":"Upgraded","floor":5,"damage_taken":0},{"event_name":"Addict","player_choice":"Obtained Relic","floor":20,"damage_taken":0},{"event_name":"Match and Keep!","player_choice":"2 cards matched","floor":29,"damage_taken":0},{"event_name":"Wheel of Change","player_choice":"Full Heal","floor":36,"damage_taken":0}],"boss_relics":[{"not_picked":["Velvet Choker","Orrery"],"picked":"Ectoplasm"},{"not_picked":["Calling Bell","Question Card"],"picked":"Lizard Tail"}],"potions_floor_spawned":[1,2,12,18,25,31,46,48],"seed_played":"-6231260565051826439","ascension_level":0,"is_trial":false}