{"gold_per_floor":[119,139,156,169,184,211,211,224,224,224,242,242,255,272,272,371,371,381,404,404,125,125,125,141,141,168,188,188,202,222,234,234,332,332,345,364,364,364,383,395,405,417,417,432,449,461,461,10,10,10],"floor_reached":50,"playtime":2905,"items_purged":["Strike_G"],"score":483,"play_id":"1ad765b8-da76-4e3a-9b58-4fa3bd20e417","local_time":"20190219162331","is_ascension_mode":false,"campfire_choices":[{"data":"Neutralize","floor":7,"key":"SMITH"},{"data":"Skewer","floor":10,"key":"SMITH"},{"floor":12,"key":"REST"},{"data":"Terror","floor":15,"key":"SMITH"},{"data":"Burst","floor":23,"key":"SMITH"},{"data":"Outmaneuver","floor":25,"key":"SMITH"},{"floor":28,"key":"REST"},{"floor":32,"key":"REST"},{"floor":47,"key":"REST"},{"floor":49,"key":"REST"}],"neow_cost":"NONE","seed_source_timestamp":25897462260296,"circlet_count":0,"master_deck":["Defend_G","Defend_G","Defend_G","Defend_G","Defend_G","Strike_G","Strike_G","Strike_G","Strike_G","Survivor","Neutralize+1","Dagger Spray","Skewer+1","Flying Knee","Cloak And Dagger","Reflex","Terror+1","Backstab","Outmaneuver+1","Escape Plan","Burst+1","Backflip+1","PiercingWail","Deadly Poison+1","Caltrops","Riddle With Holes+1","Leg Sweep+1","Corpse Explosion","Escape Plan+1","Deadly Poison+1","Parasite","Deadly Poison+1","Poisoned Stab+1","Dodge and Roll","Prepared+1","Well Laid Plans+1","Leg Sweep+1","Bane","Cloak And Dagger"],"relics":["Ring of the Snake","Sundial","Meat on the Bone","Lizard Tail","Art of War","Happy Flower","PreservedInsect","Philosopher\u0027s Stone","Mercury Hourglass","Blue Candle"],"potions_floor_usage":[6,14,16,16,16,29,30,30,33,39,42,44,46,50,50,50],"damage_taken":[{"damage":0,"enemies":"Cultist","floor":1,"turns":4},{"damage":0,"enemies":"2 Louse","floor":2,"turns":2},{"damage":0,"enemies":"Small Slimes","floor":3,"turns":3},{"damage":19,"enemies":"Exordium Wildlife","floor":4,"turns":5},{"damage":5,"enemies":"Looter","floor":5,"turns":3},{"damage":22,"enemies":"3 Sentries","floor":6,"turns":4},{"damage":0,"enemies":"Large Slime","floor":8,"turns":4},{"damage":0,"enemies":"2 Fungi Beasts","floor":11,"turns":2},{"damage":0,"enemies":"Looter","floor":13,"turns":2},{"damage":6,"enemies":"Lots of Slimes","floor":14,"turns":3},{"damage":58,"enemies":"Hexaghost","floor":16,"turns":11},{"damage":2,"enemies":"Spheric Guardian","floor":18,"turns":3},{"damage":21,"enemies":"Chosen","floor":24,"turns":7},{"damage":13,"enemies":"Snecko","floor":27,"turns":7},{"damage":58,"enemies":"Cultist and Chosen","floor":29,"turns":7},{"damage":2,"enemies":"Snake Plant","floor":30,"turns":3},{"damage":1,"enemies":"Snecko","floor":31,"turns":4},{"damage":117,"enemies":"Collector","floor":33,"turns":12},{"damage":15,"enemies":"Orb Walker","floor":35,"turns":4},{"damage":1,"enemies":"3 Shapes","floor":36,"turns":8},{"damage":23,"enemies":"Writhing Mass","floor":39,"turns":5},{"damage":24,"enemies":"Transient","floor":40,"turns":5},{"damage":2,"enemies":"Jaw Worm Horde","floor":41,"turns":3},{"damage":17,"enemies":"Spire Growth","floor":42,"turns":5},{"damage":13,"enemies":"Transient","floor":44,"turns":5},{"damage":0,"enemies":"3 Darklings","floor":45,"turns":2},{"damage":25,"enemies":"Writhing Mass","floor":46,"turns":6},{"damage":74,"enemies":"Donu and Deca","floor":50,"turns":6}],"seed_played":"-3428765282671776349","potions_obtained":[{"floor":2,"key":"GamblersBrew"},{"floor":5,"key":"Explosive Potion"},{"floor":11,"key":"Poison Potion"},{"floor":13,"key":"EssenceOfSteel"},{"floor":14,"key":"Fire Potion"},{"floor":16,"key":"Energy Potion"},{"floor":18,"key":"Regen Potion"},{"floor":29,"key":"Fire Potion"},{"floor":30,"key":"SpeedPotion"},{"floor":35,"key":"Strength Potion"},{"floor":41,"key":"Poison Potion"},{"floor":42,"key":"Poison Potion"},{"floor":45,"key":"Block Potion"},{"floor":46,"key":"Fire Potion"}],"is_trial":false,"path_per_floor":["M","M","M","M","M","E","R","M","T","R","M","R","M","M","R","B",null,"M","T","?","$","?","R","M","R","T","M","R","M","M","M","R","B",null,"M","M","?","?","M","M","M","M","T","M","M","M","R","$","R","B"],"character_chosen":"THE_SILENT","items_purchased":["PiercingWail","Happy Flower","SkillPotion","Dexterity Potion","Bane","Blue Candle","Cloak And Dagger"],"campfire_rested":5,"item_purchase_floors":[21,21,48,48,48,48,48],"current_hp_per_floor":[77,77,77,58,53,31,31,31,31,31,43,66,66,60,60,14,77,75,75,75,75,75,75,54,54,54,41,64,30,40,39,62,19,77,62,61,61,61,38,26,36,31,31,30,42,29,50,50,71,0],"gold":10,"neow_bonus":"TEN_PERCENT_HP_BONUS","is_prod":false,"is_daily":false,"chose_seed":false,"campfire_upgraded":5,"win_rate":0,"timestamp":1550615011,"path_taken":["M","M","M","?","M","E","R","M","T","R","M","R","M","M","R","BOSS","M","?","?","$","?","R","?","R","T","M","R","M","M","M","R","BOSS","M","M","?","?","M","?","M","M","T","M","M","M","R","$","R","BOSS"],"build_version":"2019-01-23","purchased_purges":1,"victory":false,"max_hp_per_floor":[77,77,77,77,77,77,77,77,77,77,77,77,77,77,77,77,77,77,77,77,77,77,77,77,77,77,77,77,77,77,77,77,77,77,77,77,77,73,73,73,73,73,73,73,73,73,73,73,73,73],"card_choices":[{"not_picked":["Cloak And Dagger","Catalyst"],"picked":"Dagger Spray","floor":1},{"not_picked":["Finisher","Concentrate"],"picked":"Skewer","floor":2},{"not_picked":["Infinite Blades","Dodge and Roll"],"picked":"Flying Knee","floor":3},{"not_picked":["Prepared","Sucker Punch"],"picked":"Cloak And Dagger","floor":4},{"not_picked":["Slice","Prepared"],"picked":"Reflex","floor":5},{"not_picked":["Skewer","Calculated Gamble"],"picked":"Terror","floor":6},{"not_picked":["PiercingWail","Bane"],"picked":"Backstab","floor":8},{"not_picked":["Setup","Dagger Throw","Slice"],"picked":"SKIP","floor":11},{"not_picked":["Catalyst","Reflex"],"picked":"Outmaneuver","floor":13},{"not_picked":["Backflip","Slice"],"picked":"Escape Plan","floor":14},{"not_picked":["Unload","Envenom"],"picked":"Burst","floor":16},{"not_picked":["Concentrate+1","Dagger Throw+1"],"picked":"Backflip+1","floor":18},{"not_picked":["Predator","Prepared"],"picked":"Deadly Poison+1","floor":24},{"not_picked":["Predator","Riddle With Holes"],"picked":"Caltrops","floor":27},{"not_picked":["Sucker Punch","Backflip","Slice"],"picked":"SKIP","floor":29},{"not_picked":["Prepared","Dagger Spray"],"picked":"Riddle With Holes+1","floor":30},{"not_picked":["After Image","Dagger Throw+1"],"picked":"Leg Sweep+1","floor":31},{"not_picked":["Venomology","After Image"],"picked":"Corpse Explosion","floor":33},{"not_picked":["Dagger Spray+1","Deflect"],"picked":"Escape Plan+1","floor":35},{"not_picked":["Finisher+1","Slice"],"picked":"Deadly Poison+1","floor":36},{"not_picked":["Slice+1","Dagger Throw"],"picked":"Deadly Poison+1","floor":39},{"not_picked":["Concentrate","PiercingWail"],"picked":"Poisoned Stab+1","floor":40},{"not_picked":["Calculated Gamble","Deflect+1"],"picked":"Dodge and Roll","floor":41},{"not_picked":["Dagger Spray+1","Cloak And Dagger"],"picked":"Prepared+1","floor":42},{"not_picked":["Distraction","Dagger Spray"],"picked":"Well Laid Plans+1","floor":44},{"not_picked":["Unload","Poisoned Stab"],"picked":"Leg Sweep+1","floor":45},{"not_picked":["Expertise","Slice","Choke+1"],"picked":"SKIP","floor":46}],"player_experience":257518,"relics_obtained":[{"floor":6,"key":"Sundial"},{"floor":9,"key":"Meat on the Bone"},{"floor":19,"key":"Art of War"},{"floor":26,"key":"PreservedInsect"},{"floor":43,"key":"Mercury Hourglass"}],"event_choices":[{"damage_healed":0,"gold_gain":0,"player_choice":"Ignored","damage_taken":0,"max_hp_gain":0,"max_hp_loss":0,"event_name":"The Mausoleum","floor":20,"gold_loss":0},{"damage_healed":0,"gold_gain":0,"player_choice":"Ignored","damage_taken":0,"max_hp_gain":0,"max_hp_loss":0,"event_name":"Vampires","floor":22,"gold_loss":0},{"damage_healed":0,"gold_gain":0,"player_choice":"Ignored","damage_taken":0,"max_hp_gain":0,"max_hp_loss":0,"event_name":"Tomb of Lord Red Mask","floor":37,"gold_loss":0},{"damage_healed":0,"gold_gain":0,"player_choice":"Max HP","damage_taken":0,"max_hp_gain":0,"max_hp_loss":4,"event_name":"Winding Halls","floor":38,"gold_loss":0}],"is_beta":false,"boss_relics":[{"not_picked":["Snecko Eye","Calling Bell"],"picked":"Lizard Tail"},{"not_picked":["Sozu","White Beast Statue"],"picked":"Philosopher\u0027s Stone"}],"items_purged_floors":[21],"is_endless":false,"potions_floor_spawned":[2,5,11,13,14,16,18,29,30,35,41,42,45,46],"killed_by":"Donu and Deca","ascension_level":0}