{"gold_per_floor":[109,109,109,59,78,78,92,92,115,115,40,40,60,86,86,185,185,196,196,196,214,174,174,21,63,75,87,117,129,161,200,212,324,336,367,479,491,513,525,537,64,94,174,174,184,184,197,214,214,214],"floor_reached":51,"playtime":2529,"items_purged":["Strike_G"],"score":824,"play_id":"fd6f019b-05e7-4ab1-b62d-f33a7f666ca8","local_time":"20181116190102","is_ascension_mode":true,"campfire_choices":[{"data":"Bouncing Flask","floor":6,"key":"SMITH"},{"data":"Neutralize","floor":8,"key":"SMITH"},{"data":"Terror","floor":15,"key":"SMITH"},{"data":"Corpse Explosion","floor":23,"key":"SMITH"},{"data":"Calculated Gamble","floor":27,"key":"SMITH"},{"data":"After Image","floor":32,"key":"SMITH"},{"data":"1","floor":40,"key":"LIFT"},{"data":"Footwork","floor":49,"key":"SMITH"}],"neow_cost":"NONE","seed_source_timestamp":82962339615304,"circlet_count":0,"master_deck":["Defend_G+1","Defend_G+1","Defend_G+1","Defend_G+1","Strike_G+1","Strike_G+1","Survivor+1","Neutralize+1","Leg Sweep+1","Bouncing Flask+1","Calculated Gamble+1","Terror+1","Corpse Explosion+1","RitualDagger+1","Noxious Fumes+1","After Image+1","RitualDagger+1","Noxious Fumes","Clumsy","Thinking Ahead","Footwork+1"],"relics":["Ring of the Snake","PreservedInsect","Dream Catcher","Torii","Coffee Dripper","MawBank","Incense Burner","Regal Pillow","Snake Skull","Cursed Key","Girya","Blood Vial","Potion Belt","Calipers","Pantograph"],"potions_floor_usage":[14,38,39,45,50,50,50],"damage_taken":[{"damage":1,"enemies":"Cultist","floor":1,"turns":5},{"damage":0,"enemies":"2 Louse","floor":5,"turns":3},{"damage":0,"enemies":"Small Slimes","floor":7,"turns":4},{"damage":0,"enemies":"3 Louse","floor":13,"turns":4},{"damage":0,"enemies":"Gremlin Nob","floor":14,"turns":3},{"damage":7,"enemies":"Hexaghost","floor":16,"turns":8},{"damage":1,"enemies":"2 Thieves","floor":18,"turns":3},{"damage":9,"enemies":"3 Byrds","floor":21,"turns":4},{"damage":1,"enemies":"Slavers","floor":25,"turns":4},{"damage":0,"enemies":"Cultist and Chosen","floor":28,"turns":5},{"damage":2,"enemies":"Colosseum Slavers","floor":29,"turns":2},{"damage":0,"enemies":"Centurion and Healer","floor":30,"turns":3},{"damage":0,"enemies":"Book of Stabbing","floor":31,"turns":4},{"damage":15,"enemies":"Champ","floor":33,"turns":10},{"damage":0,"enemies":"3 Shapes","floor":35,"turns":2},{"damage":2,"enemies":"Mind Bloom Boss Battle","floor":36,"turns":6},{"damage":1,"enemies":"3 Darklings","floor":38,"turns":4},{"damage":0,"enemies":"Jaw Worm Horde","floor":39,"turns":1},{"damage":1,"enemies":"Giant Head","floor":42,"turns":5},{"damage":15,"enemies":"Maw","floor":45,"turns":6},{"damage":1,"enemies":"Sphere and 2 Shapes","floor":47,"turns":4},{"damage":0,"enemies":"3 Darklings","floor":48,"turns":3},{"damage":46,"enemies":"Time Eater","floor":50,"turns":12}],"seed_played":"7247942425564208749","potions_obtained":[{"floor":7,"key":"Poison Potion"},{"floor":13,"key":"Energy Potion"},{"floor":21,"key":"Ancient Potion"},{"floor":28,"key":"Strength Potion"},{"floor":33,"key":"Energy Potion"},{"floor":35,"key":"SkillPotion"},{"floor":38,"key":"SmokeBomb"},{"floor":45,"key":"SteroidPotion"},{"floor":47,"key":"SteroidPotion"}],"is_trial":false,"path_per_floor":["M","?","?","?","M","R","M","R","T","?","$","?","M","E","R","B",null,"M","?","?","M","?","R","$","E","T","R","M","?","M","E","R","B",null,"M","?","?","M","M","R","$","E","T","?","M","?","M","M","R","B",null],"character_chosen":"THE_SILENT","items_purchased":["MawBank","Noxious Fumes","Blood Vial","Potion Belt","Fruit Juice"],"campfire_rested":0,"item_purchase_floors":[24,41,41,41,41],"current_hp_per_floor":[69,69,55,55,55,55,55,55,55,55,55,55,55,55,55,48,70,69,63,63,54,54,54,54,53,53,53,53,51,51,51,51,36,70,70,68,68,67,67,67,67,68,68,68,60,60,61,63,63,29],"gold":214,"neow_bonus":"THREE_CARDS","is_prod":false,"is_daily":false,"chose_seed":false,"campfire_upgraded":7,"win_rate":0,"timestamp":1542412862,"path_taken":["M","?","?","?","M","R","M","R","T","?","$","?","M","E","R","BOSS","M","?","?","?","?","R","$","E","T","R","?","?","M","E","R","BOSS","M","?","?","?","M","R","$","E","T","?","M","?","M","M","R","BOSS"],"build_version":"2018-11-15","purchased_purges":1,"victory":true,"max_hp_per_floor":[70,70,70,70,70,70,70,70,70,70,70,70,70,70,70,70,70,70,70,70,70,70,70,70,70,70,70,70,70,70,70,70,70,70,70,70,70,70,70,70,70,70,70,70,75,75,75,75,75,75],"card_choices":[{"not_picked":["Predator","Choke"],"picked":"Leg Sweep","floor":0},{"not_picked":["Prepared","Quick Slash","Masterful Stab"],"picked":"SKIP","floor":1},{"not_picked":["Acrobatics","Riddle With Holes"],"picked":"Bouncing Flask","floor":5},{"not_picked":["Cloak And Dagger","Slice","Prepared"],"picked":"SKIP","floor":7},{"not_picked":["Slice","Deflect"],"picked":"Calculated Gamble","floor":13},{"not_picked":["A Thousand Cuts","Backstab"],"picked":"Terror","floor":14},{"not_picked":["A Thousand Cuts","Grand Finale"],"picked":"Corpse Explosion","floor":16},{"not_picked":["Underhanded Strike","Prepared","Deflect+1"],"picked":"SKIP","floor":18},{"not_picked":["Deflect","Reflex"],"picked":"Noxious Fumes+1","floor":21},{"not_picked":["Calculated Gamble+1","Setup","Bane+1"],"picked":"SKIP","floor":25},{"not_picked":["All Out Attack","Leg Sweep","Outmaneuver"],"picked":"SKIP","floor":28},{"not_picked":["Endless Agony","Setup","Cloak And Dagger"],"picked":"SKIP","floor":30},{"not_picked":["Outmaneuver","Calculated Gamble"],"picked":"After Image","floor":31},{"not_picked":["Dagger Throw","Cloak And Dagger","Acrobatics"],"picked":"SKIP","floor":35},{"not_picked":["Reflex","Slice","Cloak And Dagger+1"],"picked":"SKIP","floor":38},{"not_picked":["Skewer","Acrobatics","Reflex"],"picked":"SKIP","floor":42},{"not_picked":["Swift Strike","Jack Of All Trades"],"picked":"Thinking Ahead","floor":44},{"not_picked":["Deadly Poison","Bane+1","Deflect"],"picked":"SKIP","floor":45},{"not_picked":["Dodge and Roll","Endless Agony"],"picked":"Footwork","floor":47},{"not_picked":["All Out Attack+1","Bane","Distraction"],"picked":"SKIP","floor":48}],"player_experience":368102,"relics_obtained":[{"floor":9,"key":"PreservedInsect"},{"floor":14,"key":"Torii"},{"floor":25,"key":"Incense Burner"},{"floor":26,"key":"Regal Pillow"},{"floor":31,"key":"Snake Skull"},{"floor":36,"key":"Girya"},{"floor":42,"key":"Calipers"},{"floor":43,"key":"Pantograph"}],"event_choices":[{"damage_healed":0,"gold_gain":0,"player_choice":"Ignored","damage_taken":0,"max_hp_gain":0,"max_hp_loss":0,"event_name":"Liars Game","floor":2,"gold_loss":0},{"damage_healed":0,"gold_gain":0,"player_choice":"Entered Light","damage_taken":14,"max_hp_gain":0,"max_hp_loss":0,"event_name":"Shining Light","floor":3,"gold_loss":0,"cards_upgraded":["Survivor","Leg Sweep"]},{"cards_removed":["Defend_G"],"damage_healed":0,"gold_gain":0,"player_choice":"Card Removal","damage_taken":0,"max_hp_gain":0,"max_hp_loss":0,"event_name":"The Cleric","floor":4,"gold_loss":50},{"cards_removed":["Strike_G"],"damage_healed":0,"gold_gain":0,"player_choice":"Forget","damage_taken":0,"max_hp_gain":0,"max_hp_loss":0,"event_name":"Living Wall","floor":10,"gold_loss":0},{"damage_healed":0,"gold_gain":0,"player_choice":"Gave Potion","damage_taken":0,"relics_obtained":["Dream Catcher"],"max_hp_gain":0,"max_hp_loss":0,"event_name":"WeMeetAgain","floor":12,"gold_loss":0},{"damage_healed":0,"gold_gain":0,"player_choice":"Joined the Cult","damage_taken":6,"max_hp_gain":0,"max_hp_loss":0,"event_name":"Nest","floor":19,"gold_loss":0,"cards_obtained":["RitualDagger"]},{"damage_healed":0,"gold_gain":0,"player_choice":"Simplicity","damage_taken":0,"max_hp_gain":0,"max_hp_loss":0,"event_name":"Back to Basics","floor":20,"gold_loss":0,"cards_upgraded":["Defend_G","Defend_G","Defend_G","Defend_G","Strike_G","Strike_G","Strike_G"]},{"damage_healed":0,"gold_gain":0,"player_choice":"Upgrade","damage_taken":0,"max_hp_gain":0,"max_hp_loss":0,"event_name":"Designer","floor":22,"gold_loss":40,"cards_upgraded":["RitualDagger"]},{"damage_healed":0,"gold_gain":0,"player_choice":"Fight","damage_taken":0,"max_hp_gain":0,"max_hp_loss":0,"event_name":"Colosseum","floor":29,"gold_loss":0},{"damage_healed":0,"gold_gain":0,"player_choice":"Fled From Nobs","damage_taken":0,"max_hp_gain":0,"max_hp_loss":0,"event_name":"Colosseum","floor":29,"gold_loss":0},{"damage_healed":0,"gold_gain":0,"player_choice":"Fight","damage_taken":0,"max_hp_gain":0,"max_hp_loss":0,"event_name":"MindBloom","floor":36,"gold_loss":0},{"damage_healed":0,"gold_gain":0,"player_choice":"Copied","damage_taken":0,"max_hp_gain":0,"max_hp_loss":0,"event_name":"Duplicator","floor":37,"gold_loss":0,"cards_obtained":["RitualDagger"]},{"damage_healed":0,"gold_gain":0,"player_choice":"Memory 1","damage_taken":0,"max_hp_gain":0,"max_hp_loss":0,"event_name":"SensoryStone","floor":44,"gold_loss":0},{"cards_removed":["Strike_G"],"damage_healed":0,"gold_gain":0,"player_choice":"Removed Attack","damage_taken":0,"max_hp_gain":0,"max_hp_loss":0,"event_name":"Falling","floor":46,"gold_loss":0}],"is_beta":true,"boss_relics":[{"not_picked":["Astrolabe","Ectoplasm"],"picked":"Coffee Dripper"},{"not_picked":["WristBlade","Snecko Eye"],"picked":"Cursed Key"}],"items_purged_floors":[11],"is_endless":false,"potions_floor_spawned":[7,13,21,28,29,33,35,38,45,47],"ascension_level":1}