{"gold_per_floor":[114,64,81,94,104,104,134,134,157,185,202,212,212,236,236,364,364,364,364,364,289,289,289,289,189,189,189,189,189],"floor_reached":29,"playtime":1707,"items_purged":["Strike_R","Strike_R"],"score":293,"play_id":"529ffb93-9be6-4d00-9bff-92bf253ba3d3","local_time":"20180803003212","is_ascension_mode":true,"campfire_choices":[{"data":"Inflame","floor":6,"key":"SMITH"},{"data":"Rampage","floor":8,"key":"SMITH"},{"data":"Body Slam","floor":15,"key":"SMITH"},{"data":"Flame Barrier","floor":24,"key":"SMITH"},{"data":"Battle Trance","floor":28,"key":"SMITH"}],"neow_cost":"NONE","seed_source_timestamp":100452733041639,"circlet_count":0,"master_deck":["Strike_R","Strike_R","Defend_R","Defend_R","Defend_R","Defend_R","Bash","Twin Strike","Shrug It Off","Inflame+1","Rampage+1","Cleave","Ghostly Armor","Body Slam+1","Fiend Fire","Flame Barrier+1","Battle Trance+1"],"relics":["Burning Blood","Ancient Tea Set","Boot","Bag of Preparation","Omamori","Golden Idol","Ectoplasm","Meat on the Bone","Question Card"],"potions_floor_usage":[10,12,16,23,29],"damage_taken":[{"damage":3,"enemies":"Small Slimes","floor":1,"turns":4},{"damage":8,"enemies":"Jaw Worm","floor":3,"turns":4},{"damage":1,"enemies":"Cultist","floor":4,"turns":3},{"damage":6,"enemies":"2 Fungi Beasts","floor":5,"turns":4},{"damage":35,"enemies":"Lagavulin","floor":7,"turns":4},{"damage":5,"enemies":"Gremlin Nob","floor":10,"turns":3},{"damage":10,"enemies":"Red Slaver","floor":11,"turns":5},{"damage":9,"enemies":"Lots of Slimes","floor":12,"turns":3},{"damage":1,"enemies":"Looter","floor":14,"turns":3},{"damage":22,"enemies":"The Guardian","floor":16,"turns":10},{"damage":11,"enemies":"Shell Parasite","floor":18,"turns":5},{"damage":7,"enemies":"Chosen","floor":20,"turns":3},{"damage":24,"enemies":"Slavers","floor":23,"turns":6},{"damage":13,"enemies":"Sentry and Sphere","floor":27,"turns":4},{"damage":53,"enemies":"Gremlin Leader","floor":29,"turns":4}],"seed_played":"9135493720943686681","potions_obtained":[{"floor":1,"key":"SpeedPotion"},{"floor":3,"key":"GamblersBrew"},{"floor":10,"key":"Strength Potion"},{"floor":11,"key":"LiquidBronze"},{"floor":14,"key":"PowerPotion"},{"floor":20,"key":"Explosive Potion"}],"is_trial":false,"path_per_floor":["M","?","M","M","M","R","E","R","T","E","M","M","?","M","R","B",null,"M","?","M","$","?","E","R","$","T","M","R"],"character_chosen":"IRONCLAD","items_purchased":[],"campfire_rested":0,"item_purchase_floors":[],"current_hp_per_floor":[80,80,78,80,80,80,51,51,51,52,48,45,45,50,50,34,80,75,75,74,74,74,56,56,56,56,49,49,0],"gold":189,"neow_bonus":"RANDOM_COMMON_RELIC","is_prod":false,"is_daily":false,"chose_seed":false,"campfire_upgraded":5,"win_rate":0,"timestamp":1533249132,"path_taken":["M","?","M","?","M","R","E","R","T","E","M","M","?","?","R","BOSS","M","?","M","$","?","E","R","?","T","M","R","E"],"build_version":"2018-07-26","purchased_purges":2,"victory":false,"max_hp_per_floor":[80,80,80,80,80,80,80,80,80,80,80,80,80,80,80,80,80,80,80,80,80,80,80,80,80,80,80,80,80],"card_choices":[{"not_picked":["Dual Wield","Entrench","Power Through"],"picked":"SKIP","floor":1},{"not_picked":["True Grit","Evolve"],"picked":"Twin Strike","floor":3},{"not_picked":["Warcry","Seeing Red"],"picked":"Shrug It Off","floor":4},{"not_picked":["Clash","True Grit"],"picked":"Inflame","floor":5},{"not_picked":["Reaper","Twin Strike"],"picked":"Rampage","floor":7},{"not_picked":["Reckless Charge","Wild Strike","Clash"],"picked":"SKIP","floor":10},{"not_picked":["Reckless Charge","Ghostly Armor"],"picked":"Cleave","floor":11},{"not_picked":["Metallicize","Clothesline"],"picked":"Ghostly Armor","floor":12},{"not_picked":["Feed","Infernal Blade"],"picked":"Body Slam","floor":14},{"not_picked":["Feed","Brutality"],"picked":"Fiend Fire","floor":16},{"not_picked":["Cleave","Thunderclap+1","Combust"],"picked":"SKIP","floor":18},{"not_picked":["Blood for Blood+1","Perfected Strike"],"picked":"Flame Barrier","floor":20},{"not_picked":["Dropkick","Clash"],"picked":"Battle Trance","floor":23},{"not_picked":["Pummel","Infernal Blade","Second Wind","Bloodletting"],"picked":"SKIP","floor":27}],"player_experience":465058,"relics_obtained":[{"floor":7,"key":"Boot"},{"floor":9,"key":"Bag of Preparation"},{"floor":10,"key":"Omamori"},{"floor":23,"key":"Meat on the Bone"},{"floor":26,"key":"Question Card"}],"event_choices":[{"event_name":"The Cleric","player_choice":"Card Removal","floor":2,"damage_taken":0},{"event_name":"Golden Idol","player_choice":"Take Wound","floor":13,"damage_taken":0},{"event_name":"The Woman in Blue","player_choice":"Bought 0 Potions","floor":19,"damage_taken":0},{"event_name":"Vampires","player_choice":"Ignored","floor":22,"damage_taken":0}],"is_beta":false,"boss_relics":[{"not_picked":["Fusion Hammer","Snecko Eye"],"picked":"Ectoplasm"}],"items_purged_floors":[21,25],"is_endless":false,"potions_floor_spawned":[1,3,10,11,14,20],"killed_by":"Gremlin Leader","ascension_level":3}