{"gold_per_floor":[112,128,128,148,163,193,193,193,193,193,206,218,232,265,265,360,360,380,380,399,409,84,84,109,126,176,196,196],"floor_reached":28,"playtime":1328,"items_purged":["Strike_R"],"score":343,"play_id":"9296cb0c-c74b-4437-a9b2-6ee948db220a","local_time":"20181111010625","is_ascension_mode":true,"campfire_choices":[{"floor":7,"key":"REST"},{"data":"Bludgeon","floor":10,"key":"SMITH"},{"data":"Demon Form","floor":15,"key":"SMITH"},{"data":"Evolve","floor":23,"key":"SMITH"}],"neow_cost":"NONE","seed_source_timestamp":2767180676900028,"circlet_count":0,"master_deck":["Strike_R","Strike_R","Strike_R","Defend_R","Defend_R","Defend_R+1","Defend_R","Bash","True Grit","Metallicize","Bludgeon+1","Disarm","Demon Form+1","Evolve+1","Feed","Cleave+1","Ghostly Armor+1","Headbutt"],"relics":["Burning Blood","Pen Nib","Sundial","Kunai","Orichalcum","Mercury Hourglass","Runic Cube","Bottled Flame","Omamori","War Paint"],"potions_floor_usage":[6,24,25,27,28],"damage_taken":[{"damage":1,"enemies":"Cultist","floor":1,"turns":4},{"damage":0,"enemies":"Small Slimes","floor":2,"turns":3},{"damage":2,"enemies":"Jaw Worm","floor":4,"turns":5},{"damage":22,"enemies":"Large Slime","floor":5,"turns":10},{"damage":38,"enemies":"3 Sentries","floor":6,"turns":10},{"damage":5,"enemies":"Exordium Wildlife","floor":11,"turns":3},{"damage":4,"enemies":"Blue Slaver","floor":12,"turns":3},{"damage":3,"enemies":"Red Slaver","floor":13,"turns":4},{"damage":9,"enemies":"Lagavulin","floor":14,"turns":5},{"damage":14,"enemies":"The Guardian","floor":16,"turns":11},{"damage":5,"enemies":"Shell Parasite","floor":18,"turns":6},{"damage":28,"enemies":"2 Thieves","floor":20,"turns":4},{"damage":22,"enemies":"Snake Plant","floor":21,"turns":3},{"damage":20,"enemies":"Gremlin Leader","floor":24,"turns":6},{"damage":30,"enemies":"Cultist and Chosen","floor":25,"turns":10},{"damage":7,"enemies":"Centurion and Healer","floor":27,"turns":6},{"damage":27,"enemies":"Book of Stabbing","floor":28,"turns":6}],"seed_played":"-6055402345163598140","potions_obtained":[{"floor":2,"key":"Strength Potion"},{"floor":11,"key":"Regen Potion"},{"floor":12,"key":"Swift Potion"},{"floor":13,"key":"SpeedPotion"},{"floor":19,"key":"FairyPotion"},{"floor":25,"key":"Dexterity Potion"},{"floor":27,"key":"Explosive Potion"}],"is_trial":false,"path_per_floor":["M","M","T","M","M","E","R","?","T","R","M","M","M","E","R","B",null,"M","?","M","M","$","R","E","M","T","M","E"],"character_chosen":"IRONCLAD","items_purchased":["Bottled Flame"],"campfire_rested":1,"item_purchase_floors":[22],"current_hp_per_floor":[77,80,80,80,64,32,56,56,56,56,57,59,62,59,59,51,73,74,74,55,39,39,39,40,16,16,18,0],"gold":196,"neow_bonus":"RANDOM_COMMON_RELIC","is_prod":false,"is_daily":false,"chose_seed":false,"campfire_upgraded":3,"win_rate":0,"timestamp":1541894785,"path_taken":["M","M","?","M","M","E","R","?","T","R","M","?","M","E","R","BOSS","M","?","M","M","?","R","E","M","T","M","E"],"build_version":"2018-11-08","purchased_purges":1,"victory":false,"max_hp_per_floor":[80,80,80,80,80,80,80,80,80,80,80,80,80,80,80,80,80,80,80,83,83,83,83,83,83,83,86,86],"card_choices":[{"not_picked":["Perfected Strike","Clothesline"],"picked":"True Grit","floor":1},{"not_picked":["Rage","Dropkick","Sword Boomerang"],"picked":"SKIP","floor":2},{"not_picked":["Flex","Reckless Charge","True Grit"],"picked":"SKIP","floor":4},{"not_picked":["Clash","Flex","Sword Boomerang"],"picked":"SKIP","floor":5},{"not_picked":["Corruption","Sword Boomerang"],"picked":"Metallicize","floor":6},{"not_picked":["Havoc","Sentinel"],"picked":"Disarm","floor":11},{"not_picked":["Thunderclap","Carnage","Seeing Red"],"picked":"SKIP","floor":12},{"not_picked":["Body Slam","Metallicize"],"picked":"Demon Form","floor":13},{"not_picked":["Headbutt","Sentinel"],"picked":"Evolve","floor":14},{"not_picked":["Double Tap","Brutality"],"picked":"Feed","floor":16},{"not_picked":["Wild Strike+1","Body Slam","Perfected Strike"],"picked":"SKIP","floor":18},{"not_picked":["Thunderclap","Havoc","Armaments"],"picked":"SKIP","floor":20},{"not_picked":["Thunderclap","Havoc","Armaments"],"picked":"SKIP","floor":20},{"not_picked":["True Grit","Iron Wave"],"picked":"Cleave+1","floor":21},{"not_picked":["Hemokinesis","Havoc"],"picked":"Ghostly Armor","floor":24},{"not_picked":["Armaments","Searing Blow+1"],"picked":"Headbutt","floor":25},{"not_picked":["Clothesline","Wild Strike","Demon Form"],"picked":"SKIP","floor":27}],"player_experience":536251,"relics_obtained":[{"floor":3,"key":"Sundial"},{"floor":6,"key":"Kunai"},{"floor":9,"key":"Orichalcum"},{"floor":14,"key":"Mercury Hourglass"},{"floor":24,"key":"Omamori"},{"floor":26,"key":"War Paint"}],"event_choices":[{"damage_healed":0,"gold_gain":0,"cards_transformed":["Strike_R"],"player_choice":"Transformed","damage_taken":0,"max_hp_gain":0,"max_hp_loss":0,"event_name":"Transmorgrifier","floor":8,"gold_loss":0,"cards_obtained":["Bludgeon"]},{"damage_healed":0,"gold_gain":0,"player_choice":"Got Potions","damage_taken":0,"max_hp_gain":0,"max_hp_loss":0,"event_name":"Lab","floor":19,"gold_loss":0}],"is_beta":false,"boss_relics":[{"not_picked":["Snecko Eye","Coffee Dripper"],"picked":"Runic Cube"}],"items_purged_floors":[22],"is_endless":false,"potions_floor_spawned":[2,11,12,13,16,18,25,27],"killed_by":"Book of Stabbing","ascension_level":7}