{"gold_per_floor":[110,121,121,141,154,173,173,202,202,221,235,249,32,51,51,149,149,165,181,193,38,54,54,87,99,125,125,136,150,160,11,11,11],"floor_reached":33,"playtime":1437,"items_purged":[],"score":304,"play_id":"fe9a3104-7fa4-42a0-a92f-73b363b2f941","local_time":"20181006234119","is_ascension_mode":false,"campfire_choices":[{"data":"Heavy Blade","floor":7,"key":"SMITH"},{"data":"Heavy Blade","floor":15,"key":"SMITH"},{"floor":23,"key":"REST"},{"data":"Limit Break","floor":27,"key":"SMITH"},{"floor":32,"key":"REST"}],"neow_cost":"NONE","seed_source_timestamp":56009934572800,"circlet_count":0,"master_deck":["Strike_R","Strike_R","Strike_R","Strike_R","Strike_R","Defend_R","Defend_R+1","Defend_R+1","Bash","Perfected Strike","Headbutt","Headbutt","Heavy Blade+1","Heavy Blade+1","Demon Form","Pommel Strike","Cleave","Inflame","Headbutt","Limit Break+1","Intimidate+1","Whirlwind","Seeing Red","Pommel Strike+1","Pommel Strike+1","Flex"],"relics":["Burning Blood","Unceasing Top","Meat on the Bone","Red Skull","Philosopher\u0027s Stone","Bag of Marbles","Bottled Lightning","War Paint","Lantern"],"potions_floor_usage":[8,28,29,33,33],"damage_taken":[{"damage":5,"enemies":"2 Louse","floor":1,"turns":3},{"damage":1,"enemies":"Cultist","floor":2,"turns":3},{"damage":0,"enemies":"Small Slimes","floor":4,"turns":2},{"damage":21,"enemies":"2 Fungi Beasts","floor":5,"turns":3},{"damage":20,"enemies":"Lots of Slimes","floor":6,"turns":3},{"damage":31,"enemies":"3 Sentries","floor":8,"turns":6},{"damage":9,"enemies":"Exordium Wildlife","floor":10,"turns":3},{"damage":10,"enemies":"Looter","floor":11,"turns":2},{"damage":0,"enemies":"Large Slime","floor":12,"turns":4},{"damage":0,"enemies":"2 Fungi Beasts","floor":14,"turns":2},{"damage":53,"enemies":"The Guardian","floor":16,"turns":6},{"damage":12,"enemies":"Chosen","floor":18,"turns":4},{"damage":26,"enemies":"Shell Parasite","floor":19,"turns":4},{"damage":39,"enemies":"Chosen and Byrds","floor":20,"turns":4},{"damage":22,"enemies":"Shelled Parasite and Fungi","floor":22,"turns":3},{"damage":34,"enemies":"Slavers","floor":24,"turns":4},{"damage":0,"enemies":"Snecko","floor":25,"turns":2},{"damage":33,"enemies":"Sentry and Sphere","floor":28,"turns":4},{"damage":23,"enemies":"3 Cultists","floor":29,"turns":4},{"damage":28,"enemies":"Centurion and Healer","floor":30,"turns":3},{"damage":107,"enemies":"Automaton","floor":33,"turns":6}],"seed_played":"-41178452248712926","potions_obtained":[{"floor":4,"key":"SteroidPotion"},{"floor":8,"key":"Dexterity Potion"},{"floor":14,"key":"SpeedPotion"},{"floor":16,"key":"Energy Potion"},{"floor":19,"key":"EssenceOfSteel"},{"floor":28,"key":"Regen Potion"},{"floor":29,"key":"Explosive Potion"}],"is_trial":false,"path_per_floor":["M","M","?","M","M","M","R","E","T","M","M","M","$","M","R","B",null,"M","M","M","$","M","R","E","M","T","R","M","M","M","$","R"],"character_chosen":"IRONCLAD","items_purchased":["Inflame","Red Skull","Bag of Marbles","Lantern"],"campfire_rested":2,"item_purchase_floors":[13,13,21,31],"current_hp_per_floor":[80,80,80,80,65,51,51,26,26,35,43,49,49,55,55,20,80,74,54,33,33,29,53,37,55,55,55,40,47,37,37,61,0],"gold":11,"neow_bonus":"TRANSFORM_CARD","is_prod":false,"is_daily":false,"chose_seed":false,"campfire_upgraded":3,"win_rate":0,"timestamp":1538862079,"path_taken":["M","M","?","M","M","M","R","E","T","M","M","M","$","M","R","BOSS","M","M","M","$","M","R","E","M","T","R","M","M","M","$","R","BOSS"],"build_version":"2018-10-04v2","purchased_purges":0,"victory":false,"max_hp_per_floor":[80,80,80,80,80,80,80,80,80,80,80,80,80,80,80,80,80,80,80,80,80,80,80,80,80,80,80,80,80,80,80,80,80],"card_choices":[{"not_picked":["Flame Barrier","Twin Strike"],"picked":"Headbutt","floor":1},{"not_picked":["True Grit","Perfected Strike"],"picked":"Headbutt","floor":2},{"not_picked":["Combust","Bloodletting"],"picked":"Heavy Blade","floor":4},{"not_picked":["Corruption","Perfected Strike","True Grit"],"picked":"SKIP","floor":5},{"not_picked":["Power Through","Twin Strike"],"picked":"Heavy Blade","floor":6},{"not_picked":["True Grit","Headbutt"],"picked":"Demon Form","floor":8},{"not_picked":["Sword Boomerang","Clash"],"picked":"Pommel Strike","floor":10},{"not_picked":["Wild Strike","Perfected Strike","Iron Wave"],"picked":"SKIP","floor":11},{"not_picked":["Sword Boomerang","Second Wind"],"picked":"Cleave","floor":12},{"not_picked":["Disarm","Perfected Strike"],"picked":"Headbutt","floor":14},{"not_picked":["Immolate","Double Tap"],"picked":"Limit Break","floor":16},{"not_picked":["Ghostly Armor","Clothesline"],"picked":"Intimidate+1","floor":18},{"not_picked":["Iron Wave","Body Slam","Thunderclap"],"picked":"SKIP","floor":19},{"not_picked":["Iron Wave","Clash"],"picked":"Whirlwind","floor":20},{"not_picked":["Hemokinesis","Iron Wave"],"picked":"Seeing Red","floor":22},{"not_picked":["Armaments","Pummel","Burning Pact"],"picked":"SKIP","floor":24},{"not_picked":["Feed","Searing Blow","Anger"],"picked":"SKIP","floor":25},{"not_picked":["Corruption","Perfected Strike"],"picked":"Pommel Strike+1","floor":28},{"not_picked":["Combust","Cleave+1"],"picked":"Pommel Strike+1","floor":29},{"not_picked":["Heavy Blade","Clash+1"],"picked":"Flex","floor":30}],"player_experience":83095,"relics_obtained":[{"floor":8,"key":"Unceasing Top"},{"floor":9,"key":"Meat on the Bone"},{"floor":24,"key":"Bottled Lightning"},{"floor":26,"key":"War Paint"}],"event_choices":[{"event_name":"Liars Game","player_choice":"disagreed","floor":3,"damage_taken":0}],"is_beta":false,"boss_relics":[{"not_picked":["Black Star","Mark of Pain"],"picked":"Philosopher\u0027s Stone"}],"items_purged_floors":[],"is_endless":false,"potions_floor_spawned":[4,8,14,16,19,28,29],"killed_by":"Automaton","ascension_level":0}