{"gold_per_floor":[118,132,132,144,156,187,158,158,158,158,177,187,212,227,227,325,325,337,356,390,68,88,88,107,126,149,149,149,162,16,43,43,43],"floor_reached":33,"playtime":1883,"items_purged":["Strike_R","Writhe"],"score":382,"play_id":"bf07ea10-ae65-49c0-b7fb-1e2c60b94ef9","local_time":"20181116000037","is_ascension_mode":true,"campfire_choices":[{"data":"Whirlwind","floor":8,"key":"SMITH"},{"data":"Pommel Strike","floor":10,"key":"SMITH"},{"data":"True Grit","floor":15,"key":"SMITH"},{"data":"Juggernaut","floor":23,"key":"SMITH"},{"floor":28,"key":"REST"},{"data":"Shrug It Off","floor":32,"key":"SMITH"}],"neow_cost":"NONE","seed_source_timestamp":18498609601095,"circlet_count":0,"master_deck":["Strike_R","Strike_R","Strike_R","Defend_R","Defend_R","Defend_R","Defend_R","Bash","Whirlwind+1","Pommel Strike+1","Twin Strike","Limit Break","Metallicize","Intimidate","True Grit+1","Battle Trance","Juggernaut+1","Evolve","True Grit+1","Writhe","Shrug It Off+1"],"relics":["Burning Blood","Oddly Smooth Stone","FossilizedHelix","Pear","Cursed Key","Red Mask","Mercury Hourglass","Red Skull","Dead Branch","Paper Frog"],"potions_floor_usage":[7,7,7,7,16,19,20,20,20,20,20,24,31],"damage_taken":[{"damage":4,"enemies":"Small Slimes","floor":1,"turns":3},{"damage":1,"enemies":"Cultist","floor":2,"turns":4},{"damage":7,"enemies":"Jaw Worm","floor":4,"turns":5},{"damage":10,"enemies":"2 Fungi Beasts","floor":5,"turns":4},{"damage":40,"enemies":"3 Sentries","floor":6,"turns":9},{"damage":14,"enemies":"Exordium Thugs","floor":7,"turns":7},{"damage":8,"enemies":"Exordium Wildlife","floor":11,"turns":6},{"damage":0,"enemies":"Large Slime","floor":12,"turns":5},{"damage":16,"enemies":"Gremlin Nob","floor":13,"turns":4},{"damage":0,"enemies":"Looter","floor":14,"turns":4},{"damage":6,"enemies":"Slime Boss","floor":16,"turns":12},{"damage":2,"enemies":"3 Byrds","floor":18,"turns":3},{"damage":18,"enemies":"Shell Parasite","floor":19,"turns":6},{"damage":36,"enemies":"Masked Bandits","floor":20,"turns":4},{"damage":10,"enemies":"Shelled Parasite and Fungi","floor":22,"turns":6},{"damage":26,"enemies":"Snake Plant","floor":24,"turns":5},{"damage":4,"enemies":"Cultist and Chosen","floor":25,"turns":5},{"damage":0,"enemies":"Snecko","floor":29,"turns":5},{"damage":13,"enemies":"Book of Stabbing","floor":31,"turns":5},{"damage":70,"enemies":"Champ","floor":33,"turns":9}],"seed_played":"-798836624697878203","potions_obtained":[{"floor":5,"key":"FearPotion"},{"floor":6,"key":"EntropicBrew"},{"floor":12,"key":"EssenceOfSteel"},{"floor":14,"key":"Energy Potion"},{"floor":16,"key":"Ancient Potion"},{"floor":19,"key":"EntropicBrew"},{"floor":24,"key":"SmokeBomb"},{"floor":25,"key":"EssenceOfSteel"}],"is_trial":false,"path_per_floor":["M","M","?","M","M","E","M","R","T","R","M","M","E","M","R","B",null,"M","M","?","$","M","R","M","M","T","?","R","M","$","E","R","B"],"character_chosen":"IRONCLAD","items_purchased":["Mercury Hourglass","Shrug It Off"],"campfire_rested":1,"item_purchase_floors":[21,30],"current_hp_per_floor":[74,79,79,78,74,40,32,32,32,32,30,36,36,42,42,42,78,82,70,40,40,36,36,16,18,18,18,45,51,51,44,44,0],"gold":43,"neow_bonus":"THREE_CARDS","is_prod":false,"is_daily":false,"chose_seed":false,"campfire_upgraded":5,"win_rate":0,"timestamp":1542322837,"path_taken":["M","M","?","M","?","E","M","R","T","R","M","M","E","M","R","BOSS","M","M","?","$","M","R","M","M","T","?","R","M","$","E","R","BOSS"],"build_version":"2018-11-08","purchased_purges":2,"victory":false,"max_hp_per_floor":[80,80,80,80,80,80,80,80,80,80,80,80,90,90,90,90,90,90,90,90,90,90,90,90,90,90,90,90,90,90,90,90,90],"card_choices":[{"not_picked":["Blood for Blood","Twin Strike"],"picked":"Whirlwind","floor":0},{"not_picked":["Iron Wave","Thunderclap"],"picked":"Pommel Strike","floor":1},{"not_picked":["Flex","Burning Pact"],"picked":"Twin Strike","floor":2},{"not_picked":["Reckless Charge","Cleave","Body Slam"],"picked":"SKIP","floor":4},{"not_picked":["Pommel Strike","Thunderclap","Dropkick"],"picked":"SKIP","floor":5},{"not_picked":["Berserk","Clash"],"picked":"Limit Break","floor":6},{"not_picked":["Anger","Clash"],"picked":"Metallicize","floor":7},{"not_picked":["Anger","Infernal Blade"],"picked":"Intimidate","floor":11},{"not_picked":["Pommel Strike","Headbutt"],"picked":"True Grit","floor":12},{"not_picked":["Clothesline","Whirlwind","True Grit"],"picked":"SKIP","floor":13},{"not_picked":["Impervious","Warcry"],"picked":"Battle Trance","floor":14},{"not_picked":["Exhume","Immolate"],"picked":"Juggernaut","floor":16},{"not_picked":["Anger","Warcry"],"picked":"Evolve","floor":18},{"not_picked":["Thunderclap","Immolate","Power Through"],"picked":"SKIP","floor":19},{"not_picked":["Heavy Blade","Flex+1","Rampage"],"picked":"SKIP","floor":22},{"not_picked":["Combust","Blood for Blood","Carnage+1"],"picked":"SKIP","floor":24},{"not_picked":["Cleave+1","Perfected Strike"],"picked":"True Grit+1","floor":25},{"not_picked":["Flex","Thunderclap","Armaments+1"],"picked":"SKIP","floor":29},{"not_picked":["Thunderclap","Reaper","Feel No Pain"],"picked":"SKIP","floor":31}],"player_experience":539665,"relics_obtained":[{"floor":6,"key":"Oddly Smooth Stone"},{"floor":9,"key":"FossilizedHelix"},{"floor":13,"key":"Pear"},{"floor":20,"key":"Red Mask"},{"floor":26,"key":"Red Skull"},{"floor":31,"key":"Paper Frog"}],"event_choices":[{"cards_removed":["Strike_R"],"damage_healed":0,"gold_gain":0,"player_choice":"Purged","damage_taken":0,"max_hp_gain":0,"max_hp_loss":0,"event_name":"Purifier","floor":3,"gold_loss":0},{"damage_healed":0,"gold_gain":0,"player_choice":"Fought Bandits","damage_taken":0,"max_hp_gain":0,"max_hp_loss":0,"event_name":"Masked Bandits","floor":20,"gold_loss":0},{"damage_healed":0,"gold_gain":0,"player_choice":"Opened","damage_taken":0,"relics_obtained":["Dead Branch"],"max_hp_gain":0,"max_hp_loss":0,"event_name":"The Mausoleum","floor":27,"gold_loss":0,"cards_obtained":["Writhe"]}],"is_beta":false,"boss_relics":[{"not_picked":["White Beast Statue","Eternal Feather"],"picked":"Cursed Key"}],"items_purged_floors":[21,30],"is_endless":false,"potions_floor_spawned":[5,6,12,14,16,19,24,25],"killed_by":"Champ","ascension_level":7}