{"gold_per_floor":[119,119,130,51,70,70,89,100,148,163,163,143,143,163,163,163],"floor_reached":16,"playtime":684,"items_purged":[],"score":94,"play_id":"630e6900-7af3-4873-a12a-f1ebc3df2ec4","local_time":"20190303132439","is_ascension_mode":false,"campfire_choices":[{"data":"Hologram","floor":6,"key":"SMITH"},{"data":"Dualcast","floor":11,"key":"SMITH"},{"data":"Zap","floor":13,"key":"SMITH"},{"data":"Conserve Battery","floor":15,"key":"SMITH"}],"neow_cost":"NONE","seed_source_timestamp":87957419585447,"circlet_count":0,"master_deck":["Strike_B","Strike_B","Strike_B","Strike_B","Defend_B","Defend_B","Defend_B","Defend_B","Zap+1","Dualcast+1","Hologram+1","Reinforced Body","Barrage","Cold Snap","Ball Lightning","Stack","Conserve Battery+1"],"relics":["Cracked Core","Bag of Marbles","Oddly Smooth Stone"],"potions_floor_usage":[7,14,16,16],"damage_taken":[{"damage":0,"enemies":"2 Louse","floor":1,"turns":2},{"damage":0,"enemies":"Cultist","floor":3,"turns":2},{"damage":1,"enemies":"Small Slimes","floor":5,"turns":2},{"damage":4,"enemies":"Gremlin Gang","floor":7,"turns":3},{"damage":19,"enemies":"Exordium Thugs","floor":8,"turns":4},{"damage":9,"enemies":"3 Louse","floor":10,"turns":3},{"damage":0,"enemies":"Blue Slaver","floor":14,"turns":1},{"damage":45,"enemies":"Slime Boss","floor":16,"turns":9}],"seed_played":"8425721421761727420","potions_obtained":[{"floor":5,"key":"Fire Potion"},{"floor":8,"key":"SpeedPotion"},{"floor":12,"key":"Explosive Potion"},{"floor":14,"key":"Strength Potion"}],"is_trial":false,"path_per_floor":["M","?","M","$","M","R","M","M","T","M","R","?","R","M","R","B"],"character_chosen":"DEFECT","items_purchased":["Reinforced Body"],"campfire_rested":0,"item_purchase_floors":[4],"current_hp_per_floor":[75,75,75,75,74,74,70,51,51,42,42,42,42,42,42,0],"gold":163,"neow_bonus":"RANDOM_COMMON_RELIC","is_prod":false,"is_daily":false,"chose_seed":false,"campfire_upgraded":4,"win_rate":0,"timestamp":1551648279,"path_taken":["M","?","M","$","?","R","M","M","T","M","R","?","R","M","R","BOSS"],"build_version":"2019-01-23","purchased_purges":0,"victory":false,"max_hp_per_floor":[75,75,75,75,75,75,75,75,75,75,75,75,75,75,75,75],"card_choices":[{"not_picked":["Steam","Fusion"],"picked":"Hologram","floor":1},{"not_picked":["Sweeping Beam","Chaos","Fusion"],"picked":"SKIP","floor":3},{"not_picked":["Undo","Amplify"],"picked":"Barrage","floor":5},{"not_picked":["Auto Shields","Hologram"],"picked":"Cold Snap","floor":7},{"not_picked":["Sweeping Beam","Scrape"],"picked":"Ball Lightning","floor":8},{"not_picked":["Hologram","Storm"],"picked":"Stack","floor":10},{"not_picked":["Steam","Hologram"],"picked":"Conserve Battery","floor":14}],"player_experience":262295,"relics_obtained":[{"floor":9,"key":"Oddly Smooth Stone"}],"event_choices":[{"damage_healed":0,"gold_gain":0,"player_choice":"Ignored","damage_taken":0,"max_hp_gain":0,"max_hp_loss":0,"event_name":"NoteForYourself","floor":2,"gold_loss":0},{"damage_healed":0,"gold_gain":0,"player_choice":"Bought 1 Potion","damage_taken":0,"max_hp_gain":0,"max_hp_loss":0,"event_name":"The Woman in Blue","floor":12,"gold_loss":0}],"is_beta":false,"boss_relics":[],"items_purged_floors":[],"is_endless":false,"potions_floor_spawned":[5,8,14],"killed_by":"Slime Boss","ascension_level":0}