{"path_per_floor":["M","M","M","M","?","R","M","E","T","E","M","?","R","E","R","B",null,"M","M","?","M"],"character_chosen":"DEFECT","items_purchased":[],"gold_per_floor":[113,126,139,158,258,258,278,303,330,359,376,376,376,410,410,511,511,529,541,541,551,551],"floor_reached":22,"campfire_rested":1,"playtime":846,"item_purchase_floors":[],"current_hp_per_floor":[75,75,75,73,73,73,68,41,41,30,30,30,30,25,47,32,75,68,59,59,19,0],"items_purged":[],"gold":551,"score":233,"play_id":"8beee9d0-5848-4670-bae3-c886ca78d8e6","local_time":"20180621152210","is_prod":false,"is_daily":false,"chose_seed":false,"is_ascension_mode":false,"campfire_upgraded":2,"win_rate":0,"timestamp":1529587330,"campfire_choices":[{"data":"Static Discharge","floor":6,"key":"SMITH"},{"data":"Streamline","floor":13,"key":"SMITH"},{"floor":15,"key":"REST"}],"path_taken":["M","M","M","M","?","R","M","E","T","E","M","?","R","E","R","BOSS","M","M","?","M","M"],"build_version":"2018-06-14v2","seed_source_timestamp":6044126672460,"purchased_purges":0,"victory":false,"master_deck":["Strike_B","Strike_B","Strike_B","Strike_B","Defend_B","Defend_B","Defend_B","Defend_B","Zap","Dualcast","FTL","Static Discharge+1","Streamline+1","Reinforced Body","Electrodynamics","Regret","Storm","Thunder Strike","Force Field","Reinforced Body","Loop"],"max_hp_per_floor":[75,75,75,75,75,75,75,75,75,75,75,75,75,75,75,75,75,75,75,75,75,75],"relics":["Cracked Core","Juzu Bracelet","Bottled Tornado","Orichalcum","Dream Catcher","Happy Flower","Bag of Preparation","Eternal Feather"],"card_choices":[{"not_picked":["Redo","Sweeping Beam","Rebound"],"picked":"SKIP","floor":1},{"not_picked":["Stack","Barrage"],"picked":"FTL","floor":2},{"not_picked":["Reprogram","Hello World"],"picked":"Static Discharge","floor":3},{"not_picked":["Conserve Battery","Barrage","Undo"],"picked":"SKIP","floor":4},{"not_picked":["Glacier","Conserve Battery"],"picked":"Streamline","floor":7},{"not_picked":["Beam Cell","Lockon","Sweeping Beam"],"picked":"SKIP","floor":8},{"not_picked":["Melter","Auto Shields"],"picked":"Reinforced Body","floor":10},{"not_picked":["Gash","Hologram"],"picked":"Electrodynamics","floor":11},{"not_picked":["Reprogram","Biased Cognition"],"picked":"Storm","floor":14},{"not_picked":["Fission","Electrodynamics"],"picked":"Thunder Strike","floor":16},{"not_picked":["Darkness","Rebound"],"picked":"Force Field","floor":18},{"not_picked":["Rip and Tear","Darkness","Doom and Gloom+1"],"picked":"SKIP","floor":19},{"not_picked":["Rebound","Redo"],"picked":"Loop","floor":21}],"player_experience":367251,"potions_floor_usage":[7,11,14,14,16],"damage_taken":[{"damage":0,"enemies":"2 Louse","floor":1,"turns":2},{"damage":0,"enemies":"Cultist","floor":2,"turns":4},{"damage":0,"enemies":"Small Slimes","floor":3,"turns":3},{"damage":2,"enemies":"2 Fungi Beasts","floor":4,"turns":3},{"damage":5,"enemies":"Exordium Thugs","floor":7,"turns":3},{"damage":27,"enemies":"Gremlin Nob","floor":8,"turns":4},{"damage":11,"enemies":"3 Sentries","floor":10,"turns":5},{"damage":0,"enemies":"Red Slaver","floor":11,"turns":4},{"damage":5,"enemies":"Lagavulin","floor":14,"turns":6},{"damage":15,"enemies":"Slime Boss","floor":16,"turns":6},{"damage":7,"enemies":"3 Byrds","floor":18,"turns":1},{"damage":9,"enemies":"Shell Parasite","floor":19,"turns":3},{"damage":40,"enemies":"Cultist and Chosen","floor":21,"turns":5},{"damage":19,"enemies":"Snake Plant","floor":22,"turns":4}],"relics_obtained":[{"floor":8,"key":"Bottled Tornado"},{"floor":9,"key":"Orichalcum"},{"floor":10,"key":"Dream Catcher"},{"floor":14,"key":"Bag of Preparation"}],"event_choices":[{"event_name":"Golden Shrine","player_choice":"Pray","floor":5,"damage_taken":0},{"event_name":"Big Fish","player_choice":"Box","floor":12,"damage_taken":0},{"event_name":"The Library","player_choice":"Read","floor":20,"damage_taken":0}],"boss_relics":[{"not_picked":["Pandora\u0027s Box","Fusion Hammer"],"picked":"Eternal Feather"}],"items_purged_floors":[],"is_endless":false,"potions_floor_spawned":[3,4,8,10,14,18,19],"seed_played":"-6426431203699518575","killed_by":"Snake Plant","ascension_level":0,"potions_obtained":[{"floor":3,"key":"Dexterity Potion"},{"floor":4,"key":"Explosive Potion"},{"floor":8,"key":"Poison Potion"},{"floor":10,"key":"Swift Potion"},{"floor":14,"key":"Weak Potion"},{"floor":18,"key":"Regen Potion"},{"floor":19,"key":"LiquidBronze"}],"is_trial":false}