{"gold_per_floor":[117,128,128,128,142,142,160,160,160,174,202,202,57,67,67,67],"floor_reached":16,"playtime":596,"items_purged":[],"score":158,"play_id":"16da4d15-8165-4440-9a06-af202d948d5c","local_time":"20190130185029","is_ascension_mode":true,"campfire_choices":[{"data":"Uppercut","floor":6.0,"key":"SMITH"},{"data":"Iron Wave","floor":8.0,"key":"SMITH"},{"data":"Double Tap","floor":15.0,"key":"SMITH"}],"neow_cost":"NONE","seed_source_timestamp":420742686166400,"circlet_count":0,"master_deck":["AscendersBane","Strike_R","Strike_R+1","Strike_R","Strike_R","Defend_R","Defend_R","Defend_R","Defend_R+1","Bash","Double Tap+1","Flex+1","Reckless Charge","Uppercut+1","Iron Wave+1","Pummel","Flex+1","Limit Break+1","Flame Barrier+1"],"special_seed":0,"relics":["Burning Blood","Self Forming Clay","Toxic Egg 2","Bag of Preparation"],"potions_floor_usage":[16],"damage_taken":[{"damage":7.0,"enemies":"Small Slimes","floor":1.0,"turns":5.0},{"damage":2.0,"enemies":"2 Louse","floor":2.0,"turns":5.0},{"damage":1.0,"enemies":"Cultist","floor":5.0,"turns":3.0},{"damage":21.0,"enemies":"Gremlin Gang","floor":7.0,"turns":4.0},{"damage":13.0,"enemies":"3 Louse","floor":10.0,"turns":4.0},{"damage":20.0,"enemies":"Lagavulin","floor":11.0,"turns":6.0},{"damage":6.0,"enemies":"Large Slime","floor":14.0,"turns":2.0},{"damage":40,"enemies":"The Guardian","floor":16,"turns":11}],"seed_played":"788788259874896535","potions_obtained":[{"floor":1.0,"key":"EssenceOfSteel"},{"floor":2.0,"key":"Fruit Juice"},{"floor":5.0,"key":"SpeedPotion"}],"is_trial":false,"path_per_floor":["M","M","?","?","M","R","M","R","T","M","E","?","$","M","R","B"],"character_chosen":"IRONCLAD","items_purchased":["Bag of Preparation"],"campfire_rested":0,"item_purchase_floors":[13],"current_hp_per_floor":[71,75,75,59,69,69,54,54,54,47,33,33,33,33,33,0],"gold":67,"neow_bonus":"ONE_RANDOM_RARE_CARD","is_prod":false,"is_daily":false,"chose_seed":false,"campfire_upgraded":3,"win_rate":0,"timestamp":1548892229,"path_taken":["M","M","?","?","M","R","M","R","T","M","E","?","$","M","R","BOSS"],"build_version":"2019-01-23","purchased_purges":0,"victory":false,"max_hp_per_floor":[80,80,80,80,85,85,85,85,85,85,85,85,85,85,85,85],"card_choices":[{"not_picked":["Infernal Blade","Sword Boomerang"],"picked":"Flex","floor":1.0},{"not_picked":["Sword Boomerang","Flame Barrier"],"picked":"Reckless Charge","floor":2.0},{"not_picked":["Headbutt","Pommel Strike"],"picked":"Uppercut","floor":5.0},{"not_picked":["Battle Trance","Rupture"],"picked":"Iron Wave","floor":7.0},{"not_picked":["Havoc","Armaments"],"picked":"Pummel","floor":10.0},{"not_picked":["Reckless Charge","Heavy Blade"],"picked":"Flex","floor":11.0},{"not_picked":["Twin Strike","Havoc+1"],"picked":"Flame Barrier+1","floor":14.0}],"player_experience":551203,"relics_obtained":[{"floor":9.0,"key":"Self Forming Clay"},{"floor":11.0,"key":"Toxic Egg 2"}],"event_choices":[{"damage_healed":0.0,"max_hp_gain":0.0,"max_hp_loss":0.0,"gold_gain":0.0,"event_name":"Living Wall","player_choice":"Grow","floor":3.0,"gold_loss":0.0,"damage_taken":0.0,"cards_upgraded":["Flex"]},{"damage_healed":0.0,"max_hp_gain":0.0,"max_hp_loss":0.0,"gold_gain":0.0,"event_name":"Shining Light","player_choice":"Entered Light","floor":4.0,"gold_loss":0.0,"damage_taken":16.0,"cards_upgraded":["Defend_R","Strike_R"]},{"damage_healed":0.0,"max_hp_gain":0.0,"max_hp_loss":0.0,"gold_gain":0.0,"cards_transformed":["Strike_R"],"event_name":"Transmorgrifier","player_choice":"Transformed","floor":12.0,"gold_loss":0.0,"damage_taken":0.0,"cards_obtained":["Limit Break"]}],"is_beta":true,"boss_relics":[],"items_purged_floors":[],"is_endless":false,"potions_floor_spawned":[1,2,5],"killed_by":"The Guardian","ascension_level":11}