{"gold_per_floor":[112,131,142,157,157,186,186,186,186,222,238,254,254,268,268,268],"floor_reached":16,"playtime":535,"items_purged":[],"score":137,"play_id":"61a127ae-510f-40ca-8017-0e054d96819d","local_time":"20181218210305","is_ascension_mode":true,"campfire_choices":[{"floor":13,"key":"REST"},{"data":"Static Discharge","floor":15,"key":"SMITH"}],"neow_cost":"NONE","seed_source_timestamp":465870530872376,"circlet_count":0,"master_deck":["Strike_B","Strike_B","Strike_B","Defend_B","Defend_B","Defend_B","Defend_B","Zap","Dualcast","Heatsinks","Reinforced Body","Capacitor","Reboot+1","Static Discharge+1"],"relics":["Cracked Core","Toxic Egg 2","Golden Idol","Cables","Mummified Hand"],"potions_floor_usage":[6],"damage_taken":[{"damage":1,"enemies":"Cultist","floor":1,"turns":4},{"damage":0,"enemies":"2 Louse","floor":2,"turns":1},{"damage":13,"enemies":"Small Slimes","floor":3,"turns":5},{"damage":12,"enemies":"Red Slaver","floor":4,"turns":5},{"damage":13,"enemies":"Lagavulin","floor":6,"turns":8},{"damage":24,"enemies":"Gremlin Nob","floor":10,"turns":4},{"damage":8,"enemies":"2 Fungi Beasts","floor":11,"turns":3},{"damage":0,"enemies":"Large Slime","floor":12,"turns":5},{"damage":15,"enemies":"Gremlin Gang","floor":14,"turns":6},{"damage":22,"enemies":"The Guardian","floor":16,"turns":2}],"seed_played":"7758405085552542652","potions_obtained":[{"floor":3,"key":"Poison Potion"},{"floor":12,"key":"GamblersBrew"},{"floor":14,"key":"Explosive Potion"}],"is_trial":false,"path_per_floor":["M","M","M","M","?","E","?","?","T","E","M","M","R","M","R","B"],"character_chosen":"DEFECT","items_purchased":[],"campfire_rested":1,"item_purchase_floors":[],"current_hp_per_floor":[81,81,68,56,56,43,43,43,43,19,11,11,33,18,18,0],"gold":268,"neow_bonus":"TEN_PERCENT_HP_BONUS","is_prod":false,"is_daily":false,"chose_seed":false,"campfire_upgraded":1,"win_rate":0,"timestamp":1545163385,"path_taken":["M","M","M","M","?","E","?","?","T","E","M","M","R","M","R","BOSS"],"build_version":"2018-12-13","purchased_purges":0,"victory":false,"max_hp_per_floor":[82,82,82,82,82,82,76,76,76,76,76,76,76,76,76,76],"card_choices":[{"not_picked":["Ball Lightning","Fusion","Turbo"],"picked":"SKIP","floor":1},{"not_picked":["Leap","Cold Snap"],"picked":"Heatsinks","floor":2},{"not_picked":["Multi-Cast","Cold Snap"],"picked":"Reinforced Body","floor":3},{"not_picked":["Beam Cell","Streamline"],"picked":"Capacitor","floor":4},{"not_picked":["Turbo","Leap"],"picked":"Reboot","floor":6},{"not_picked":["Rebound","Scrape","Conserve Battery+1"],"picked":"SKIP","floor":10},{"not_picked":["Steam+1","Conserve Battery+1","Coolheaded+1"],"picked":"SKIP","floor":11},{"not_picked":["Steam+1","Undo+1"],"picked":"Static Discharge","floor":12},{"not_picked":["Leap+1","Recycle+1","Doom and Gloom"],"picked":"SKIP","floor":14}],"player_experience":570639,"relics_obtained":[{"floor":6,"key":"Toxic Egg 2"},{"floor":9,"key":"Cables"},{"floor":10,"key":"Mummified Hand"}],"event_choices":[{"damage_healed":0,"gold_gain":0,"player_choice":"Ignored","damage_taken":0,"max_hp_gain":0,"max_hp_loss":0,"event_name":"Liars Game","floor":5,"gold_loss":0},{"damage_healed":0,"gold_gain":0,"player_choice":"Lose Max HP","damage_taken":0,"relics_obtained":["Golden Idol"],"max_hp_gain":0,"max_hp_loss":6,"event_name":"Golden Idol","floor":7,"gold_loss":0},{"cards_removed":["Strike_B"],"damage_healed":0,"gold_gain":0,"player_choice":"Forget","damage_taken":0,"max_hp_gain":0,"max_hp_loss":0,"event_name":"Living Wall","floor":8,"gold_loss":0}],"is_beta":false,"boss_relics":[],"items_purged_floors":[],"is_endless":false,"potions_floor_spawned":[3,12,14],"killed_by":"The Guardian","ascension_level":4}