{"gold_per_floor":[119,119,119,134,50,50,150,150,173,191,210,233,257,290,290,410,410,431,431,41,41,41,41,41,62,88,88,109,109,148,167,167,287,287,306,306,306,331,182,182,515,515,515,515,545,560,124,137,137,137],"floor_reached":51,"playtime":3285,"items_purged":["Strike_G","Strike_G","Strike_G"],"score":733,"play_id":"a3986fd8-bf5b-4411-a238-2d9e1818c8b5","local_time":"20181207001055","is_ascension_mode":false,"campfire_choices":[{"floor":6,"key":"REST"},{"data":"Well Laid Plans","floor":8,"key":"SMITH"},{"floor":15,"key":"REST"},{"data":"Phantasmal Killer","floor":23,"key":"SMITH"},{"data":"Neutralize","floor":27,"key":"SMITH"},{"floor":29,"key":"REST"},{"data":"RitualDagger","floor":32,"key":"SMITH"},{"data":"Doppelganger","floor":40,"key":"SMITH"},{"data":"Apotheosis","floor":44,"key":"SMITH"},{"floor":49,"key":"REST"}],"neow_cost":"NONE","seed_source_timestamp":293514869816706,"circlet_count":0,"master_deck":["Defend_G","Defend_G","Defend_G","Defend_G","Strike_G","Strike_G","Survivor","Neutralize+1","Underhanded Strike","Dagger Throw","Underhanded Strike","Well Laid Plans+1","Dagger Throw","Phantasmal Killer+1","Terror","J.A.X.","RitualDagger+1","Footwork","Doppelganger+1","Apotheosis+1","Decay","Backflip+1"],"relics":["Ring of the Snake","Strawberry","Pen Nib","Odd Mushroom","Lizard Tail","Pantograph","Vajra","Happy Flower","Cursed Key","Bag of Preparation","Ancient Tea Set","TheAbacus"],"potions_floor_usage":[12,16,16,31,33,50,50],"damage_taken":[{"damage":0,"enemies":"Small Slimes","floor":1,"turns":5},{"damage":0,"enemies":"2 Louse","floor":4,"turns":3},{"damage":0,"enemies":"Jaw Worm","floor":10,"turns":4},{"damage":0,"enemies":"Looter","floor":11,"turns":2},{"damage":4,"enemies":"Lots of Slimes","floor":12,"turns":5},{"damage":0,"enemies":"2 Fungi Beasts","floor":13,"turns":3},{"damage":36,"enemies":"The Mushroom Lair","floor":14,"turns":4},{"damage":64,"enemies":"Hexaghost","floor":16,"turns":13},{"damage":21,"enemies":"3 Byrds","floor":18,"turns":6},{"damage":3,"enemies":"Chosen","floor":25,"turns":4},{"damage":0,"enemies":"Snecko","floor":28,"turns":2},{"damage":28,"enemies":"Book of Stabbing","floor":30,"turns":4},{"damage":7,"enemies":"Shelled Parasite and Fungi","floor":31,"turns":5},{"damage":38,"enemies":"Collector","floor":33,"turns":9},{"damage":0,"enemies":"Orb Walker","floor":35,"turns":1},{"damage":0,"enemies":"3 Shapes","floor":38,"turns":6},{"damage":38,"enemies":"Nemesis","floor":45,"turns":5},{"damage":35,"enemies":"Jaw Worm Horde","floor":46,"turns":4},{"damage":6,"enemies":"Maw","floor":48,"turns":5},{"damage":29,"enemies":"Awakened One","floor":50,"turns":12}],"seed_played":"6875192031678018013","potions_obtained":[{"floor":4,"key":"Energy Potion"},{"floor":10,"key":"Poison Potion"},{"floor":11,"key":"Weak Potion"},{"floor":18,"key":"Weak Potion"},{"floor":31,"key":"EssenceOfSteel"},{"floor":46,"key":"Energy Potion"}],"is_trial":false,"path_per_floor":["M","?","?","M","$","R","?","R","T","M","M","M","M","?","R","B",null,"M","?","$","?","?","R","?","M","T","R","M","R","E","M","R","B",null,"M","?","?","M","$","R","?","?","T","R","E","M","$","M","R","B",null],"character_chosen":"THE_SILENT","items_purchased":["Underhanded Strike","Well Laid Plans","Terror","Pantograph","PowerPotion","Dexterity Potion","Dexterity Potion","TheAbacus"],"campfire_rested":4,"item_purchase_floors":[5,5,20,20,39,47,47,47],"current_hp_per_floor":[77,58,63,63,63,82,82,82,82,82,82,78,78,42,66,2,82,61,61,61,61,55,55,55,52,52,52,52,76,48,41,41,28,82,82,82,82,82,82,82,82,82,82,82,44,9,9,3,27,23],"gold":137,"neow_bonus":"RANDOM_COMMON_RELIC","is_prod":false,"is_daily":false,"chose_seed":false,"campfire_upgraded":6,"win_rate":0,"timestamp":1544159455,"path_taken":["M","?","?","M","?","R","?","R","T","M","M","?","M","?","R","BOSS","M","?","$","?","?","R","?","M","T","R","M","R","E","M","R","BOSS","M","?","?","M","$","R","?","?","T","R","E","M","$","?","R","BOSS"],"build_version":"2018-12-06","purchased_purges":3,"victory":true,"max_hp_per_floor":[77,77,82,82,82,82,82,82,82,82,82,82,82,82,82,82,82,82,82,82,82,82,82,82,82,82,82,82,82,82,82,82,82,82,82,82,82,82,82,82,82,82,82,82,82,82,82,82,82,82],"card_choices":[{"not_picked":["Flying Knee","Deflect"],"picked":"Underhanded Strike","floor":1},{"not_picked":["Poisoned Stab","Acrobatics"],"picked":"Dagger Throw","floor":4},{"not_picked":["Backstab","Catalyst"],"picked":"Dagger Throw","floor":10},{"not_picked":["Skewer","Acrobatics","Backflip"],"picked":"SKIP","floor":11},{"not_picked":["Grand Finale","Reflex","Flying Knee"],"picked":"SKIP","floor":12},{"not_picked":["Backflip","Riddle With Holes","Slice"],"picked":"SKIP","floor":13},{"not_picked":["Venomology","Glass Knife"],"picked":"Phantasmal Killer","floor":16},{"not_picked":["Riddle With Holes","Flechettes","Well Laid Plans"],"picked":"SKIP","floor":18},{"not_picked":["Finisher","Concentrate","Sucker Punch+1"],"picked":"SKIP","floor":25},{"not_picked":["Dagger Throw","Deflect","Acrobatics"],"picked":"SKIP","floor":28},{"not_picked":["Blur","Bouncing Flask"],"picked":"Footwork","floor":30},{"not_picked":["Dagger Spray","Dagger Throw","Reflex"],"picked":"SKIP","floor":31},{"not_picked":["Unload","Malaise"],"picked":"Doppelganger","floor":33},{"not_picked":["Flying Knee","Quick Slash+1","Slice"],"picked":"SKIP","floor":35},{"not_picked":["Acrobatics","Choke+1","Quick Slash"],"picked":"SKIP","floor":38},{"not_picked":["Impatience","Trip"],"picked":"Apotheosis","floor":42},{"not_picked":["Bouncing Flask","Infinite Blades","Blade Dance"],"picked":"SKIP","floor":45},{"not_picked":["Concentrate","Poisoned Stab"],"picked":"Backflip+1","floor":46},{"not_picked":["All Out Attack+1","Expertise+1","Dodge and Roll+1"],"picked":"SKIP","floor":48}],"player_experience":403111,"relics_obtained":[{"floor":9,"key":"Pen Nib"},{"floor":14,"key":"Odd Mushroom"},{"floor":26,"key":"Vajra"},{"floor":30,"key":"Happy Flower"},{"floor":43,"key":"Bag of Preparation"},{"floor":45,"key":"Ancient Tea Set"}],"event_choices":[{"damage_healed":0,"gold_gain":0,"player_choice":"Take Damage","damage_taken":19,"relics_obtained":["Golden Idol"],"max_hp_gain":0,"max_hp_loss":0,"event_name":"Golden Idol","floor":2,"gold_loss":0},{"damage_healed":0,"gold_gain":0,"player_choice":"Donut","damage_taken":0,"max_hp_gain":5,"max_hp_loss":0,"event_name":"Big Fish","floor":3,"gold_loss":0},{"damage_healed":0,"gold_gain":100,"player_choice":"Pray","damage_taken":0,"max_hp_gain":0,"max_hp_loss":0,"event_name":"Golden Shrine","floor":7,"gold_loss":0},{"damage_healed":0,"gold_gain":0,"player_choice":"Fought Mushrooms","damage_taken":0,"max_hp_gain":0,"max_hp_loss":0,"event_name":"Mushrooms","floor":14,"gold_loss":0},{"damage_healed":0,"gold_gain":0,"player_choice":"Ignored","damage_taken":0,"max_hp_gain":0,"max_hp_loss":0,"event_name":"Ghosts","floor":19,"gold_loss":0},{"damage_healed":0,"gold_gain":0,"player_choice":"Obtain J.A.X.","damage_taken":0,"max_hp_gain":0,"max_hp_loss":0,"event_name":"Drug Dealer","floor":21,"gold_loss":0,"cards_obtained":["J.A.X."]},{"damage_healed":0,"gold_gain":0,"player_choice":"Joined the Cult","damage_taken":6,"max_hp_gain":0,"max_hp_loss":0,"event_name":"Nest","floor":22,"gold_loss":0,"cards_obtained":["RitualDagger"]},{"damage_healed":0,"gold_gain":0,"player_choice":"Ignored","damage_taken":0,"max_hp_gain":0,"max_hp_loss":0,"event_name":"Beggar","floor":24,"gold_loss":0},{"damage_healed":0,"gold_gain":0,"player_choice":"Ignored","damage_taken":0,"max_hp_gain":0,"max_hp_loss":0,"event_name":"Tomb of Lord Red Mask","floor":36,"gold_loss":0},{"cards_removed":["Defend_G"],"damage_healed":0,"gold_gain":0,"player_choice":"Removed Skill","damage_taken":0,"max_hp_gain":0,"max_hp_loss":0,"event_name":"Falling","floor":37,"gold_loss":0},{"damage_healed":0,"gold_gain":333,"player_choice":"Gave Idol","damage_taken":0,"max_hp_gain":0,"max_hp_loss":0,"event_name":"The Moai Head","floor":41,"relics_lost":["Golden Idol"],"gold_loss":0},{"damage_healed":0,"gold_gain":0,"player_choice":"Memory 1","damage_taken":0,"max_hp_gain":0,"max_hp_loss":0,"event_name":"SensoryStone","floor":42,"gold_loss":0}],"is_beta":true,"boss_relics":[{"not_picked":["Orrery","White Beast Statue"],"picked":"Lizard Tail"},{"not_picked":["Pandora\u0027s Box","Fusion Hammer"],"picked":"Cursed Key"}],"items_purged_floors":[20,39,47],"is_endless":false,"potions_floor_spawned":[4,10,11,18,31,46,48],"ascension_level":0}