{"path_per_floor":["M","M","$","M","M","R","M","R","T","M","M","?","M","M","R","B",null,"M","M","?","?","?","R","M","M","T","M","?"],"character_chosen":"IRONCLAD","items_purchased":["Apotheosis","Lantern","Flex"],"gold_per_floor":[365,384,12,32,47,47,59,59,59,69,85,85,105,120,120,245,245,265,278,278,378,303,303,326,344,370,395,395],"floor_reached":29,"campfire_rested":2,"playtime":2808,"current_hp_per_floor":[67,70,70,68,64,64,62,62,62,44,51,51,53,36,58,40,74,72,48,48,48,48,70,43,22,29,13,13],"items_purged":[],"gold":395,"score":249,"play_id":"0ed5aa60-1a0d-411c-90d9-3a01e90b2425","is_prod":false,"is_daily":false,"is_ascension_mode":false,"campfire_upgraded":2,"path_taken":["M","M","$","?","M","R","M","R","T","M","M","?","M","?","R","BOSS","M","M","?","?","?","R","M","?","T","M","?","M"],"build_version":"2018-02-08-PROD1","purchased_purges":0,"victory":false,"master_deck":["Defend_R","Defend_R","Defend_R","Bash","Parasite","Whirlwind","Brutality","Apotheosis+1","Flex","Clash","Sever Soul+1","Dual Wield","Warcry","Offering","Pummel+1","Offering","Fire Breathing+1","Bite","Bite","Bite","Bite","Bite"],"max_hp_per_floor":[80,80,80,80,80,80,80,80,80,80,80,74,74,74,74,74,74,74,74,74,74,74,74,74,74,81,81,56],"relics":["Burning Blood","Lantern","Bird Faced Urn","Golden Idol","Philosopher\u0027s Stone","Strawberry"],"card_choices":[{"not_picked":["Shrug It Off","Headbutt"],"picked":"Whirlwind"},{"not_picked":["Cleave","Heavy Blade"],"picked":"Brutality"},{"not_picked":["Exhume","Whirlwind"],"picked":"Clash"},{"not_picked":["Thunderclap","Heavy Blade"],"picked":"Sever Soul"},{"not_picked":["Disarm","Dropkick"],"picked":"Dual Wield"},{"not_picked":["Cleave","Headbutt"],"picked":"Warcry"},{"not_picked":["Reaper","Exhume"],"picked":"Offering"},{"not_picked":["Sword Boomerang","Hemokinesis"],"picked":"Pummel"},{"not_picked":["Wild Strike","Second Wind"],"picked":"Fire Breathing"}],"player_experience":133531,"potions_floor_usage":[13,16,16,19,24],"damage_taken":[{"damage":19,"enemies":"Blue Slaver","floor":1,"turns":4},{"damage":3,"enemies":"2 Louse","floor":2,"turns":2},{"damage":8,"enemies":"Small Slimes","floor":4,"turns":3},{"damage":10,"enemies":"2 Fungi Beasts","floor":5,"turns":3},{"damage":8,"enemies":"Gremlin Gang","floor":7,"turns":2},{"damage":24,"enemies":"Large Slime","floor":10,"turns":4},{"damage":1,"enemies":"Exordium Thugs","floor":11,"turns":3},{"damage":6,"enemies":"3 Louse","floor":13,"turns":2},{"damage":29,"enemies":"Lots of Slimes","floor":14,"turns":3},{"damage":26,"enemies":"The Guardian","floor":16,"turns":5},{"damage":8,"enemies":"Spheric Guardian","floor":18,"turns":3},{"damage":30,"enemies":"2 Thieves","floor":19,"turns":3},{"damage":33,"enemies":"Cultist and Chosen","floor":24,"turns":5},{"damage":31,"enemies":"Chosen and Byrds","floor":25,"turns":3},{"damage":24,"enemies":"3 Cultists","floor":27,"turns":3},{"damage":28,"enemies":"Sentry and Sphere","floor":29,"turns":3}],"event_choices":[{"event_name":"Golden Idol","player_choice":"Lose Max HP","floor":12,"damage_taken":0},{"event_name":"Duplicator","player_choice":"One dupe","floor":20,"damage_taken":0},{"event_name":"Golden Shrine","player_choice":"Pray","floor":21,"damage_taken":0},{"event_name":"Beggar","player_choice":"Gave Gold","floor":22,"damage_taken":0},{"event_name":"Vampires","player_choice":"Became a vampire","floor":28,"damage_taken":0}],"boss_relics":[{"not_picked":["Lizard Tail","Eternal Feather"],"picked":"Philosopher\u0027s Stone"}],"potions_floor_spawned":[1,10,11,14,16,19],"seed_played":"-5574176164330834997","killed_by":"Sentry and Sphere","ascension_level":0,"is_trial":false}