{"gold_per_floor":[14,31,31,44,58,58,8,83,135,11,11,22,36,54,54,151,151,161,161,61,79,95,95,115,115,115,115,135,135,155,175,175,276,276,287,307,318,337,337,337,337,337,337,212,232,232,243,253,253,253],"floor_reached":51,"playtime":2856,"items_purged":["Defend_B","Blizzard","Strike_B"],"score":622,"play_id":"c58537fc-a95f-461c-9da8-5d29d0d1ec34","local_time":"20190304170750","is_ascension_mode":false,"campfire_choices":[{"data":"Sunder","floor":6,"key":"SMITH"},{"data":"Dualcast","floor":11,"key":"SMITH"},{"data":"Zap","floor":15,"key":"SMITH"},{"data":"Thunder Strike","floor":23,"key":"SMITH"},{"data":"Buffer","floor":25,"key":"SMITH"},{"data":"Aggregate","floor":29,"key":"SMITH"},{"data":"Echo Form","floor":32,"key":"SMITH"},{"floor":40,"key":"REST"},{"data":"Madness","floor":42,"key":"SMITH"},{"data":"Biased Cognition","floor":46,"key":"SMITH"},{"floor":49,"key":"REST"}],"neow_cost":"NO_GOLD","seed_source_timestamp":17055494203523,"circlet_count":0,"master_deck":["Strike_B+1","Strike_B+1","Zap+1","Dualcast+1","Conserve Battery","Sunder+1","Machine Learning","Leap","Cold Snap","Thunder Strike+1","Ball Lightning","Aggregate+1","Buffer+1","Force Field+1","Tempest+1","Echo Form+1","Biased Cognition+1","Undo+1","Sunder+1","Leap+1","Glacier+1","Creative AI","Madness+1","Madness","Force Field","Capacitor"],"relics":["Cracked Core","Prayer Wheel","Whetstone","Snecko Eye","Bottled Tornado","Meat on the Bone","Astrolabe","Strawberry"],"potions_floor_usage":[12,16,24,30,33,36,50,50],"damage_taken":[{"damage":1,"enemies":"Jaw Worm","floor":1,"turns":3},{"damage":0,"enemies":"2 Louse","floor":2,"turns":2},{"damage":2,"enemies":"Small Slimes","floor":4,"turns":3},{"damage":0,"enemies":"Exordium Wildlife","floor":5,"turns":2},{"damage":0,"enemies":"Gremlin Gang","floor":12,"turns":1},{"damage":0,"enemies":"Large Slime","floor":13,"turns":4},{"damage":0,"enemies":"2 Fungi Beasts","floor":14,"turns":2},{"damage":35,"enemies":"Hexaghost","floor":16,"turns":8},{"damage":3,"enemies":"Spheric Guardian","floor":18,"turns":3},{"damage":0,"enemies":"Chosen","floor":21,"turns":3},{"damage":11,"enemies":"Centurion and Healer","floor":22,"turns":4},{"damage":10,"enemies":"Snecko","floor":24,"turns":4},{"damage":0,"enemies":"Shelled Parasite and Fungi","floor":28,"turns":5},{"damage":0,"enemies":"Snake Plant","floor":30,"turns":1},{"damage":0,"enemies":"Centurion and Healer","floor":31,"turns":3},{"damage":19,"enemies":"Champ","floor":33,"turns":8},{"damage":0,"enemies":"Orb Walker","floor":35,"turns":2},{"damage":29,"enemies":"3 Darklings","floor":36,"turns":5},{"damage":9,"enemies":"Transient","floor":37,"turns":5},{"damage":7,"enemies":"4 Shapes","floor":38,"turns":4},{"damage":0,"enemies":"Maw","floor":45,"turns":7},{"damage":0,"enemies":"Spire Growth","floor":47,"turns":3},{"damage":3,"enemies":"3 Darklings","floor":48,"turns":5},{"damage":54,"enemies":"Time Eater","floor":50,"turns":11}],"seed_played":"-7443315274922149339","potions_obtained":[{"floor":5,"key":"AttackPotion"},{"floor":14,"key":"GamblersBrew"},{"floor":16,"key":"Dexterity Potion"},{"floor":22,"key":"Swift Potion"},{"floor":28,"key":"AttackPotion"},{"floor":31,"key":"Energy Potion"},{"floor":37,"key":"LiquidBronze"},{"floor":45,"key":"Poison Potion"}],"is_trial":false,"path_per_floor":["M","M","?","M","M","R","?","?","T","$","R","M","M","M","R","B",null,"M","?","$","M","M","R","M","R","T","T","M","R","M","M","R","B",null,"M","M","M","M","?","R","?","R","T","$","M","R","M","M","R","B",null],"character_chosen":"DEFECT","items_purchased":["Cold Snap"],"campfire_rested":2,"item_purchase_floors":[10],"current_hp_per_floor":[74,74,74,72,72,72,72,61,61,61,61,61,61,61,61,26,75,72,72,72,72,61,61,51,51,51,51,51,51,51,51,51,44,75,75,46,49,42,42,64,55,55,62,62,62,62,62,59,82,40],"gold":253,"neow_bonus":"ONE_RARE_RELIC","is_prod":false,"is_daily":false,"chose_seed":false,"campfire_upgraded":9,"win_rate":0,"timestamp":1551748070,"path_taken":["M","M","?","M","M","R","?","?","T","$","R","M","M","M","R","BOSS","M","?","$","M","M","R","M","R","T","?","M","R","?","M","R","BOSS","M","M","M","M","?","R","?","R","T","$","M","R","M","M","R","BOSS"],"build_version":"2019-01-23","purchased_purges":3,"victory":true,"max_hp_per_floor":[75,75,75,75,75,75,75,75,75,75,75,75,75,75,75,75,75,75,75,75,75,75,75,75,75,75,75,75,75,75,75,75,75,75,75,75,75,75,75,75,75,75,82,82,82,82,82,82,82,82],"card_choices":[{"not_picked":["Rebound","Streamline"],"picked":"Conserve Battery","floor":1},{"not_picked":["Rebound","Reinforced Body"],"picked":"Blizzard","floor":1},{"not_picked":["Loop","Compile Driver"],"picked":"Sunder","floor":2},{"not_picked":["Storm","Compile Driver","Turbo"],"picked":"SKIP","floor":2},{"not_picked":["Storm","Compile Driver","Turbo"],"picked":"SKIP","floor":2},{"not_picked":["Stack","Leap"],"picked":"Machine Learning","floor":4},{"not_picked":["Redo","Reinforced Body","Hologram"],"picked":"SKIP","floor":4},{"not_picked":["Stack","Rebound"],"picked":"Leap","floor":5},{"not_picked":["Beam Cell","Barrage","Fusion"],"picked":"SKIP","floor":5},{"not_picked":["Stack","Hologram"],"picked":"Thunder Strike","floor":12},{"not_picked":["Redo","Reprogram","Fusion"],"picked":"SKIP","floor":12},{"not_picked":["Compile Driver","Turbo"],"picked":"Ball Lightning","floor":13},{"not_picked":["Beam Cell","Melter","Streamline"],"picked":"SKIP","floor":13},{"not_picked":["Gash","Leap"],"picked":"Aggregate","floor":14},{"not_picked":["Compile Driver","Rip and Tear","Sweeping Beam"],"picked":"SKIP","floor":14},{"not_picked":["All For One","Rainbow"],"picked":"Buffer","floor":16},{"not_picked":["Ball Lightning","Steam","Self Repair"],"picked":"SKIP","floor":18},{"not_picked":["Redo","Heatsinks","Ball Lightning"],"picked":"SKIP","floor":18},{"not_picked":["Barrage+1","Redo+1","Lockon+1"],"picked":"SKIP","floor":21},{"not_picked":["Cold Snap","Conserve Battery","Recycle"],"picked":"SKIP","floor":21},{"not_picked":["Self Repair","Hologram","BootSequence"],"picked":"SKIP","floor":22},{"not_picked":["Genetic Algorithm","Gash+1","Leap"],"picked":"SKIP","floor":22},{"not_picked":["Hologram","Storm"],"picked":"Force Field+1","floor":24},{"not_picked":["Self Repair+1","Beam Cell+1","Rebound+1"],"picked":"SKIP","floor":24},{"not_picked":["Self Repair+1","Beam Cell+1","Rebound+1"],"picked":"SKIP","floor":24},{"not_picked":["Hyperbeam","Barrage"],"picked":"Tempest+1","floor":28},{"not_picked":["Steam+1","Stack","Rebound+1"],"picked":"SKIP","floor":28},{"not_picked":["Loop","Streamline","Gash"],"picked":"SKIP","floor":30},{"not_picked":["Blizzard","Sweeping Beam","Skim"],"picked":"SKIP","floor":30},{"not_picked":["Barrage+1","Beam Cell"],"picked":"Echo Form","floor":31},{"not_picked":["Streamline+1","Conserve Battery","Barrage+1"],"picked":"SKIP","floor":31},{"not_picked":["All For One","Electrodynamics"],"picked":"Biased Cognition","floor":33},{"not_picked":["Stack","White Noise+1","Go for the Eyes+1"],"picked":"SKIP","floor":35},{"not_picked":["Doom and Gloom","Stack","Rip and Tear"],"picked":"SKIP","floor":35},{"not_picked":["Sweeping Beam","Steam+1"],"picked":"Glacier+1","floor":36},{"not_picked":["Steam Power+1","Skim","Stack"],"picked":"SKIP","floor":36},{"not_picked":["Skim","Compile Driver","Glacier+1"],"picked":"SKIP","floor":37},{"not_picked":["Ball Lightning","Streamline+1","Fusion+1"],"picked":"SKIP","floor":37},{"not_picked":["Ball Lightning+1","Rebound+1"],"picked":"Creative AI","floor":38},{"not_picked":["Redo","Self Repair+1","Doom and Gloom"],"picked":"SKIP","floor":38},{"not_picked":["Turbo+1","Compile Driver+1","Steam+1"],"picked":"SKIP","floor":45},{"not_picked":["Glacier","Ball Lightning","Gash"],"picked":"SKIP","floor":45},{"not_picked":["Barrage+1","Turbo"],"picked":"Force Field","floor":47},{"not_picked":["Lockon","Heatsinks+1"],"picked":"Capacitor","floor":47},{"not_picked":["Chaos","Auto Shields","Stack"],"picked":"SKIP","floor":48},{"not_picked":["Heatsinks","Barrage+1","Ball Lightning"],"picked":"SKIP","floor":48}],"player_experience":266384,"relics_obtained":[{"floor":9,"key":"Whetstone"},{"floor":26,"key":"Bottled Tornado"},{"floor":27,"key":"Meat on the Bone"},{"floor":43,"key":"Strawberry"}],"event_choices":[{"damage_healed":0,"gold_gain":0,"player_choice":"Ignored","damage_taken":0,"max_hp_gain":0,"max_hp_loss":0,"event_name":"Golden Idol","floor":3,"gold_loss":0},{"cards_removed":["Defend_B"],"damage_healed":0,"gold_gain":0,"player_choice":"Card Removal","damage_taken":0,"max_hp_gain":0,"max_hp_loss":0,"event_name":"The Cleric","floor":7,"gold_loss":50},{"damage_healed":0,"gold_gain":75,"player_choice":"Gather Gold","damage_taken":11,"max_hp_gain":0,"max_hp_loss":0,"event_name":"World of Goop","floor":8,"gold_loss":0},{"damage_healed":0,"gold_gain":0,"player_choice":"Ignored","damage_taken":0,"max_hp_gain":0,"max_hp_loss":0,"event_name":"Ghosts","floor":19,"gold_loss":0},{"damage_healed":0,"gold_gain":0,"player_choice":"Ignored","damage_taken":0,"max_hp_gain":0,"max_hp_loss":0,"event_name":"Mysterious Sphere","floor":39,"gold_loss":0},{"damage_healed":0,"gold_gain":0,"player_choice":"Embrace Madness","damage_taken":9,"max_hp_gain":0,"max_hp_loss":0,"event_name":"Winding Halls","floor":41,"gold_loss":0,"cards_obtained":["Madness","Madness"]}],"is_beta":false,"boss_relics":[{"not_picked":["Runic Dome","Runic Pyramid"],"picked":"Snecko Eye"},{"not_picked":["White Beast Statue","Black Star"],"picked":"Astrolabe"}],"items_purged_floors":[10,20,44],"is_endless":false,"potions_floor_spawned":[5,14,16,22,28,31,37,45],"ascension_level":0}