{"gold_per_floor":[13,26,101,115,127,156,156,169,169,169,185,204,204,223,223,327,327,342,16,16],"floor_reached":20,"playtime":828,"items_purged":[],"score":205,"play_id":"b8870d19-5abe-44d0-b6a4-e9e221b3d1d7","local_time":"20190224093334","is_ascension_mode":true,"campfire_choices":[{"floor":7,"key":"REST"},{"floor":10,"key":"REST"},{"floor":13,"key":"REST"},{"floor":15,"key":"REST"}],"neow_cost":"NO_GOLD","seed_source_timestamp":4808686225556,"circlet_count":0,"master_deck":["Strike_B","Strike_B+1","Strike_B+1","Strike_B","Defend_B","Defend_B","Defend_B","Defend_B","Zap","Dualcast","Conserve Battery","Darkness","Capacitor","Gash","Ball Lightning","Go for the Eyes","Defragment","Conserve Battery","Rainbow","Capacitor+1","Self Repair"],"relics":["Cracked Core","Turnip","Whetstone","Unceasing Top","Runic Pyramid","Bottled Tornado"],"potions_floor_usage":[5,6,16,18],"damage_taken":[{"damage":12,"enemies":"Jaw Worm","floor":1,"turns":3},{"damage":8,"enemies":"Small Slimes","floor":2,"turns":3},{"damage":0,"enemies":"Cultist","floor":4,"turns":4},{"damage":6,"enemies":"Gremlin Gang","floor":5,"turns":6},{"damage":28,"enemies":"Lagavulin","floor":6,"turns":6},{"damage":13,"enemies":"Exordium Thugs","floor":8,"turns":4},{"damage":2,"enemies":"Blue Slaver","floor":11,"turns":4},{"damage":4,"enemies":"Looter","floor":12,"turns":3},{"damage":10,"enemies":"Large Slime","floor":14,"turns":6},{"damage":46,"enemies":"Slime Boss","floor":16,"turns":7},{"damage":17,"enemies":"2 Thieves","floor":18,"turns":4},{"damage":65,"enemies":"Colosseum Slavers","floor":20,"turns":4}],"seed_played":"-1142277900210026496","potions_obtained":[{"floor":2,"key":"Energy Potion"},{"floor":5,"key":"Ancient Potion"},{"floor":6,"key":"AttackPotion"},{"floor":8,"key":"Ancient Potion"},{"floor":16,"key":"Swift Potion"}],"is_trial":false,"path_per_floor":["M","M","?","M","M","E","R","M","T","R","M","M","R","M","R","B",null,"M","$","?"],"character_chosen":"DEFECT","items_purchased":["Bottled Tornado","Self Repair"],"campfire_rested":4,"item_purchase_floors":[19,19],"current_hp_per_floor":[63,55,44,44,38,10,32,19,19,41,39,35,57,47,69,23,75,58,58,0],"gold":16,"neow_bonus":"ONE_RARE_RELIC","is_prod":false,"is_daily":false,"chose_seed":false,"campfire_upgraded":0,"win_rate":0,"timestamp":1551022414,"path_taken":["M","M","?","M","M","E","R","M","T","R","M","M","R","M","R","BOSS","M","$","?"],"build_version":"2019-01-23","purchased_purges":0,"victory":false,"max_hp_per_floor":[75,75,75,75,75,75,75,75,75,75,75,75,75,75,75,75,75,75,75,75],"card_choices":[{"not_picked":["Barrage","Loop"],"picked":"Conserve Battery","floor":1},{"not_picked":["Glacier","Turbo"],"picked":"Darkness","floor":2},{"not_picked":["Compile Driver","Cold Snap"],"picked":"Capacitor","floor":4},{"not_picked":["Rebound","Barrage"],"picked":"Gash","floor":5},{"not_picked":["Creative AI","Go for the Eyes"],"picked":"Ball Lightning","floor":6},{"not_picked":["Storm","Barrage"],"picked":"Go for the Eyes","floor":8},{"not_picked":["Sweeping Beam","Skim"],"picked":"Defragment","floor":11},{"not_picked":["Compile Driver","Coolheaded"],"picked":"Conserve Battery","floor":12},{"not_picked":["Barrage","Beam Cell","Rip and Tear"],"picked":"SKIP","floor":14},{"not_picked":["Fission","Reboot"],"picked":"Rainbow","floor":16},{"not_picked":["Reinforced Body","Ball Lightning"],"picked":"Capacitor+1","floor":18}],"player_experience":329729,"relics_obtained":[{"floor":6,"key":"Whetstone"},{"floor":9,"key":"Unceasing Top"}],"event_choices":[{"damage_healed":0,"gold_gain":75,"player_choice":"Gather Gold","damage_taken":11,"max_hp_gain":0,"max_hp_loss":0,"event_name":"World of Goop","floor":3,"gold_loss":0},{"damage_healed":0,"gold_gain":0,"player_choice":"Fight","damage_taken":0,"max_hp_gain":0,"max_hp_loss":0,"event_name":"Colosseum","floor":20,"gold_loss":0}],"is_beta":false,"boss_relics":[{"not_picked":["White Beast Statue","Pandora\u0027s Box"],"picked":"Runic Pyramid"}],"items_purged_floors":[],"is_endless":false,"potions_floor_spawned":[2,5,6,8,16],"killed_by":"Colosseum Slavers","ascension_level":3}