{"gold_per_floor":[109,121,137,154,173,173,200,211,211,211,211,211,230,230,230,230],"floor_reached":16,"playtime":528,"items_purged":[],"score":109,"play_id":"85f8e2f3-0ee3-4641-a98a-92e111fb0beb","local_time":"20181124223631","is_ascension_mode":true,"campfire_choices":[{"data":"Storm","floor":6,"key":"SMITH"},{"data":"Loop","floor":10,"key":"SMITH"},{"floor":12,"key":"REST"},{"floor":15,"key":"REST"}],"neow_cost":"NONE","seed_source_timestamp":792473209209845,"circlet_count":0,"master_deck":["Strike_B","Strike_B","Strike_B","Strike_B","Defend_B","Defend_B","Defend_B","Defend_B","Zap","Dualcast","Storm+1","Loop+1","Tempest","Capacitor+1"],"relics":["Cracked Core","Frozen Egg 2","Ginger","Golden Idol"],"potions_floor_usage":[7],"damage_taken":[{"damage":9,"enemies":"2 Louse","floor":1,"turns":3},{"damage":2,"enemies":"Jaw Worm","floor":2,"turns":5},{"damage":2,"enemies":"Small Slimes","floor":3,"turns":4},{"damage":6,"enemies":"Blue Slaver","floor":4,"turns":5},{"damage":10,"enemies":"Red Slaver","floor":5,"turns":4},{"damage":19,"enemies":"Lagavulin","floor":7,"turns":7},{"damage":18,"enemies":"3 Louse","floor":8,"turns":4},{"damage":15,"enemies":"Looter","floor":13,"turns":3},{"damage":48,"enemies":"The Guardian","floor":16,"turns":10}],"seed_played":"-6930868179670723731","potions_obtained":[{"floor":1,"key":"Block Potion"},{"floor":8,"key":"Weak Potion"}],"is_trial":false,"path_per_floor":["M","M","M","M","M","R","E","M","T","R","?","R","M","?","R","B"],"character_chosen":"DEFECT","items_purchased":[],"campfire_rested":2,"item_purchase_floors":[],"current_hp_per_floor":[73,71,69,63,53,53,34,16,16,16,16,40,25,25,47,0],"gold":230,"neow_bonus":"TEN_PERCENT_HP_BONUS","is_prod":false,"is_daily":false,"chose_seed":false,"campfire_upgraded":2,"win_rate":0,"timestamp":1543095391,"path_taken":["M","M","M","M","M","R","E","M","T","R","?","R","M","?","R","BOSS"],"build_version":"2018-11-15","purchased_purges":0,"victory":false,"max_hp_per_floor":[82,82,82,82,82,82,82,82,82,82,82,82,82,76,76,76],"card_choices":[{"not_picked":["Stack","Fusion","Turbo"],"picked":"SKIP","floor":1},{"not_picked":["Scrape","Gash"],"picked":"Storm","floor":2},{"not_picked":["Redo","Recycle"],"picked":"Loop","floor":3},{"not_picked":["Hologram","Steam","Gash"],"picked":"SKIP","floor":4},{"not_picked":["Coolheaded","Gash","Ball Lightning"],"picked":"SKIP","floor":5},{"not_picked":["Aggregate","Double Energy"],"picked":"Tempest","floor":7},{"not_picked":["Steam","Beam Cell"],"picked":"Capacitor+1","floor":8},{"not_picked":["Sweeping Beam","Beam Cell","Ball Lightning"],"picked":"SKIP","floor":13}],"player_experience":556680,"relics_obtained":[{"floor":7,"key":"Frozen Egg 2"},{"floor":9,"key":"Ginger"}],"event_choices":[{"damage_healed":0,"gold_gain":0,"player_choice":"Ignored","damage_taken":0,"max_hp_gain":0,"max_hp_loss":0,"event_name":"Liars Game","floor":11,"gold_loss":0},{"damage_healed":0,"gold_gain":0,"player_choice":"Lose Max HP","damage_taken":0,"relics_obtained":["Golden Idol"],"max_hp_gain":0,"max_hp_loss":6,"event_name":"Golden Idol","floor":14,"gold_loss":0}],"is_beta":false,"boss_relics":[],"items_purged_floors":[],"is_endless":false,"potions_floor_spawned":[1,8],"killed_by":"The Guardian","ascension_level":1}