{"gold_per_floor":[13,29,29,49,68,68,81,81,108,127,155,171,182,216,216,319,319,337,337,351,364,289,289,301,301],"floor_reached":25,"playtime":2142,"items_purged":["Strike_G"],"score":219,"play_id":"8dda8e41-2069-43d8-9c37-eb1764c0f263","local_time":"20180930171536","is_ascension_mode":false,"campfire_choices":[{"data":"Neutralize","floor":6.0,"key":"SMITH"},{"floor":15.0,"key":"REST"},{"floor":23,"key":"REST"}],"neow_cost":"NO_GOLD","seed_source_timestamp":0,"circlet_count":0,"master_deck":["Defend_G","Defend_G","Defend_G","Defend_G","Defend_G","Strike_G","Strike_G","Strike_G","Strike_G","Survivor","Neutralize+1","Prepared","Well Laid Plans","Caltrops","Flying Knee","Acrobatics","Bouncing Flask","Leg Sweep","Backflip","PiercingWail","Dodge and Roll+1"],"special_seed":0,"relics":["Ring of the Snake","Torii","Orichalcum","Snake Skull","Ancient Tea Set","Bag of Marbles","WristBlade","Nilry\u0027s Codex"],"potions_floor_usage":[24,24],"damage_taken":[{"damage":0.0,"enemies":"Jaw Worm","floor":1.0,"turns":6.0},{"damage":11.0,"enemies":"Cultist","floor":2.0,"turns":7.0},{"damage":1.0,"enemies":"Small Slimes","floor":4.0,"turns":5.0},{"damage":1.0,"enemies":"3 Louse","floor":5.0,"turns":4.0},{"damage":0.0,"enemies":"Blue Slaver","floor":7.0,"turns":4.0},{"damage":1.0,"enemies":"Red Slaver","floor":10.0,"turns":5.0},{"damage":13.0,"enemies":"3 Sentries","floor":11.0,"turns":10.0},{"damage":0.0,"enemies":"2 Fungi Beasts","floor":12.0,"turns":4.0},{"damage":1.0,"enemies":"Blue Slaver","floor":13.0,"turns":4.0},{"damage":1.0,"enemies":"Gremlin Nob","floor":14.0,"turns":4.0},{"damage":3.0,"enemies":"Hexaghost","floor":16.0,"turns":8.0},{"damage":14.0,"enemies":"Chosen","floor":18.0,"turns":5.0},{"damage":18,"enemies":"2 Thieves","floor":20,"turns":4},{"damage":12,"enemies":"Chosen and Byrds","floor":21,"turns":7},{"damage":30,"enemies":"Cultist and Chosen","floor":24,"turns":6},{"damage":9,"enemies":"Centurion and Healer","floor":25,"turns":2}],"seed_played":"738562345905935604","potions_obtained":[{"floor":1.0,"key":"Swift Potion"},{"floor":5.0,"key":"Strength Potion"},{"floor":11.0,"key":"Energy Potion"},{"floor":13.0,"key":"Fire Potion"},{"floor":14.0,"key":"Poison Potion"},{"floor":16.0,"key":"GamblersBrew"},{"floor":18.0,"key":"Poison Potion"},{"floor":21,"key":"Energy Potion"}],"is_trial":false,"path_per_floor":["M","M","?","M","M","R","M","?","T","M","E","M","M","E","R","B",null,"M","?","M","M","$","R","M"],"character_chosen":"THE_SILENT","items_purchased":[],"campfire_rested":2,"item_purchase_floors":[],"current_hp_per_floor":[70,59,59,58,57,57,57,62,62,61,48,48,47,46,68,65,75,61,45,27,15,15,37,7,0],"gold":301,"neow_bonus":"ONE_RARE_RELIC","is_prod":false,"is_daily":false,"chose_seed":false,"campfire_upgraded":1,"win_rate":0,"timestamp":1538320536,"path_taken":["M","M","?","M","M","R","M","?","T","M","E","M","?","E","R","BOSS","M","?","M","M","$","R","?","M"],"build_version":"2018-09-27","purchased_purges":1,"victory":false,"max_hp_per_floor":[70,70,70,70,70,70,70,75,75,75,75,75,75,75,75,75,75,75,75,75,75,75,75,75,75],"card_choices":[{"not_picked":["Escape Plan","Flying Knee"],"picked":"Prepared","floor":1.0},{"not_picked":["Quick Slash","All Out Attack"],"picked":"Well Laid Plans","floor":2.0},{"not_picked":["Finisher","Sucker Punch"],"picked":"Caltrops","floor":4.0},{"not_picked":["Underhanded Strike","All Out Attack"],"picked":"Flying Knee","floor":5.0},{"not_picked":["Bane","Quick Slash"],"picked":"Acrobatics","floor":7.0},{"not_picked":["Deadly Poison","Underhanded Strike","Expertise"],"picked":"SKIP","floor":10.0},{"not_picked":["Sucker Punch","Expertise","Flying Knee"],"picked":"SKIP","floor":11.0},{"not_picked":["Distraction","Blade Dance"],"picked":"Bouncing Flask","floor":12.0},{"not_picked":["Finisher","Deadly Poison"],"picked":"Leg Sweep","floor":13.0},{"not_picked":["Sucker Punch","Dagger Throw"],"picked":"Backflip","floor":14.0},{"not_picked":["Well Laid Plans","Acrobatics+1"],"picked":"PiercingWail","floor":18.0},{"not_picked":["Deadly Poison+1","Flechettes","Catalyst"],"picked":"SKIP","floor":20},{"not_picked":["Predator+1","Underhanded Strike+1"],"picked":"Dodge and Roll+1","floor":21},{"not_picked":["Outmaneuver","Eviscerate","Quick Slash"],"picked":"SKIP","floor":24}],"player_experience":56919,"relics_obtained":[{"floor":9.0,"key":"Snake Skull"},{"floor":11.0,"key":"Ancient Tea Set"},{"floor":14.0,"key":"Bag of Marbles"},{"floor":19,"key":"Nilry\u0027s Codex"}],"event_choices":[{"event_name":"WeMeetAgain","player_choice":"Potion","floor":3.0,"damage_taken":0.0},{"event_name":"Big Fish","player_choice":"Donut","floor":8.0,"damage_taken":0.0},{"event_name":"Cursed Tome","player_choice":"Obtained Book","floor":19,"damage_taken":0}],"is_beta":false,"boss_relics":[{"not_picked":["Calling Bell","HoveringKite"],"picked":"WristBlade"}],"items_purged_floors":[22],"is_endless":false,"potions_floor_spawned":[1,5,11,13,14,16,18,21],"killed_by":"Centurion and Healer","ascension_level":0}