{"gold_per_floor":[115,190,190,190,21,21,35,49,72,89,89,124,144,164,164,259,259,259],"floor_reached":18,"playtime":706,"items_purged":["Strike_B"],"score":187,"play_id":"8c9ebc64-d235-4743-bbd0-4e68c11d4134","local_time":"20190303140156","is_ascension_mode":false,"campfire_choices":[{"data":"Defragment","floor":6,"key":"SMITH"},{"floor":15,"key":"REST"}],"neow_cost":"NONE","seed_source_timestamp":90171561129579,"circlet_count":0,"master_deck":["Strike_B","Strike_B","Strike_B","Defend_B","Defend_B","Defend_B","Defend_B","Zap","Dualcast","Defragment+1","Ball Lightning","Consume","All For One","Zap","Conserve Battery","Cold Snap","Machine Learning"],"relics":["Cracked Core","NeowsBlessing","PreservedInsect","Happy Flower","Black Star"],"potions_floor_usage":[12,12,16,16],"damage_taken":[{"damage":0,"enemies":"Small Slimes","floor":1,"turns":1},{"damage":0,"enemies":"Jaw Worm","floor":7,"turns":1},{"damage":0,"enemies":"2 Louse","floor":8,"turns":1},{"damage":4,"enemies":"Blue Slaver","floor":10,"turns":3},{"damage":0,"enemies":"Gremlin Nob","floor":12,"turns":2},{"damage":12,"enemies":"2 Fungi Beasts","floor":13,"turns":3},{"damage":27,"enemies":"Gremlin Gang","floor":14,"turns":5},{"damage":40,"enemies":"The Guardian","floor":16,"turns":10},{"damage":20,"enemies":"3 Byrds","floor":18,"turns":3}],"seed_played":"8941324505610753189","potions_obtained":[{"floor":1,"key":"Poison Potion"},{"floor":7,"key":"Fire Potion"},{"floor":12,"key":"Swift Potion"},{"floor":14,"key":"Swift Potion"}],"is_trial":false,"path_per_floor":["M","?","?","?","$","R","M","M","T","M","?","E","M","M","R","B",null,"M"],"character_chosen":"DEFECT","items_purchased":["Defragment","Ball Lightning"],"campfire_rested":1,"item_purchase_floors":[5,5],"current_hp_per_floor":[75,64,64,64,64,64,64,64,64,60,60,60,48,21,43,3,75,55],"gold":259,"neow_bonus":"THREE_ENEMY_KILL","is_prod":false,"is_daily":false,"chose_seed":false,"campfire_upgraded":1,"win_rate":0,"timestamp":1551650516,"path_taken":["M","?","?","?","?","R","M","M","T","M","?","E","?","M","R","BOSS","M"],"build_version":"2019-01-23","purchased_purges":1,"victory":false,"max_hp_per_floor":[75,75,75,75,75,75,75,75,75,75,75,75,75,75,75,75,75,75],"card_choices":[{"not_picked":["Self Repair","Stack","Fusion"],"picked":"SKIP","floor":1},{"not_picked":["Recycle","Lockon","Rebound"],"picked":"SKIP","floor":7},{"not_picked":["Chill","Gash","Fusion"],"picked":"SKIP","floor":8},{"not_picked":["Steam","Hologram"],"picked":"Consume","floor":10},{"not_picked":["Coolheaded","Hologram"],"picked":"Conserve Battery","floor":12},{"not_picked":["Hello World","FTL"],"picked":"Cold Snap","floor":13},{"not_picked":["Hologram","Sweeping Beam","Undo"],"picked":"SKIP","floor":14},{"not_picked":["Rainbow","Reboot"],"picked":"Machine Learning","floor":16}],"player_experience":264355,"relics_obtained":[{"floor":9,"key":"PreservedInsect"},{"floor":12,"key":"Happy Flower"}],"event_choices":[{"damage_healed":0,"gold_gain":75,"player_choice":"Gather Gold","damage_taken":11,"max_hp_gain":0,"max_hp_loss":0,"event_name":"World of Goop","floor":2,"gold_loss":0},{"damage_healed":0,"gold_gain":0,"player_choice":"Ignored","damage_taken":0,"max_hp_gain":0,"max_hp_loss":0,"event_name":"Liars Game","floor":3,"gold_loss":0},{"damage_healed":0,"gold_gain":0,"player_choice":"Ignored","damage_taken":0,"max_hp_gain":0,"max_hp_loss":0,"event_name":"Golden Idol","floor":4,"gold_loss":0},{"damage_healed":0,"gold_gain":0,"player_choice":"2 cards matched","damage_taken":0,"max_hp_gain":0,"max_hp_loss":0,"event_name":"Match and Keep!","floor":11,"gold_loss":0,"cards_obtained":["All For One","Zap"]},{"damage_healed":0,"gold_gain":0,"player_choice":"2 cards matched","damage_taken":0,"max_hp_gain":0,"max_hp_loss":0,"event_name":"Match and Keep!","floor":11,"gold_loss":0,"cards_obtained":["All For One","Zap"]}],"is_beta":false,"boss_relics":[{"not_picked":["Orrery","Runic Pyramid"],"picked":"Black Star"}],"items_purged_floors":[5],"is_endless":false,"potions_floor_spawned":[1,7,12,14],"killed_by":"3 Byrds","ascension_level":0}