{"path_per_floor":["M","M","M","M","M","E","R","M","T","M","?","M","M","E","R","B",null,"M","?","M","$"],"character_chosen":"DEFECT","items_purchased":["Capacitor","Bottled Tornado"],"gold_per_floor":[116,136,147,158,169,203,203,221,245,256,221,241,253,285,285,385,385,404,404,419,8,8],"floor_reached":22,"campfire_rested":2,"playtime":844,"item_purchase_floors":[21,21],"current_hp_per_floor":[66,64,57,52,23,12,34,28,28,28,46,36,28,28,50,28,75,45,45,21,21,0],"items_purged":["Writhe"],"gold":8,"score":227,"play_id":"2c09b295-a7d6-4d86-90a2-7826c34a638e","local_time":"20180621145136","is_prod":false,"is_daily":false,"chose_seed":false,"is_ascension_mode":false,"campfire_upgraded":0,"win_rate":0,"timestamp":1529585496,"campfire_choices":[{"floor":7,"key":"REST"},{"floor":15,"key":"REST"}],"path_taken":["M","M","M","M","M","E","R","?","T","M","?","M","M","E","R","BOSS","M","?","M","$","?"],"build_version":"2018-06-14v2","seed_source_timestamp":4212488341579,"purchased_purges":1,"victory":false,"master_deck":["Strike_B","Strike_B+1","Strike_B","Defend_B","Defend_B","Defend_B","Defend_B","Zap","Dualcast","Defragment","Streamline+1","Melter","Heatsinks","Auto Shields","Electrodynamics","Machine Learning","Injury","Injury","Echo Form+1","Tempest","Capacitor"],"max_hp_per_floor":[75,75,75,75,75,75,75,75,75,75,75,75,75,75,75,75,75,75,75,80,80,80],"relics":["Cracked Core","Calipers","Whetstone","Blood Vial","Calling Bell","Juzu Bracelet","Symbiotic Virus","Ginger","Bottled Tornado"],"card_choices":[{"not_picked":["Turbo","Stack","Chill"],"picked":"SKIP","floor":1},{"not_picked":["Conserve Battery","Doom and Gloom"],"picked":"Defragment","floor":2},{"not_picked":["Steam","Hologram","Ball Lightning"],"picked":"SKIP","floor":3},{"not_picked":["Ball Lightning","Lockon","Beam Cell"],"picked":"SKIP","floor":4},{"not_picked":["Leap","Lockon"],"picked":"Streamline","floor":5},{"not_picked":["Streamline","Coolheaded"],"picked":"Melter","floor":6},{"not_picked":["Rip and Tear","Rebound"],"picked":"Heatsinks","floor":8},{"not_picked":["Recycle","Gash","Ball Lightning"],"picked":"SKIP","floor":10},{"not_picked":["Ball Lightning","Coolheaded"],"picked":"Auto Shields","floor":12},{"not_picked":["Capacitor","Hologram"],"picked":"Electrodynamics","floor":13},{"not_picked":["Glacier","Steam","Hello World"],"picked":"SKIP","floor":14},{"not_picked":["Biased Cognition","Amplify"],"picked":"Machine Learning","floor":16},{"not_picked":["Conserve Battery+1","Turbo"],"picked":"Echo Form","floor":18},{"not_picked":["Hologram","Leap"],"picked":"Tempest","floor":20}],"player_experience":365455,"potions_floor_usage":[6,13,14,18,18,20],"damage_taken":[{"damage":9,"enemies":"Cultist","floor":1,"turns":4},{"damage":2,"enemies":"Small Slimes","floor":2,"turns":4},{"damage":7,"enemies":"2 Louse","floor":3,"turns":4},{"damage":5,"enemies":"Looter","floor":4,"turns":3},{"damage":29,"enemies":"Exordium Thugs","floor":5,"turns":7},{"damage":11,"enemies":"Lagavulin","floor":6,"turns":7},{"damage":6,"enemies":"Blue Slaver","floor":8,"turns":4},{"damage":0,"enemies":"Large Slime","floor":10,"turns":4},{"damage":10,"enemies":"Lots of Slimes","floor":12,"turns":4},{"damage":8,"enemies":"Blue Slaver","floor":13,"turns":3},{"damage":0,"enemies":"Gremlin Nob","floor":14,"turns":3},{"damage":24,"enemies":"Slime Boss","floor":16,"turns":7},{"damage":30,"enemies":"2 Thieves","floor":18,"turns":3},{"damage":31,"enemies":"3 Byrds","floor":20,"turns":4},{"damage":23,"floor":22,"turns":2}],"relics_obtained":[{"floor":6,"key":"Calipers"},{"floor":9,"key":"Whetstone"},{"floor":14,"key":"Blood Vial"},{"floor":17,"key":"Juzu Bracelet"},{"floor":17,"key":"Symbiotic Virus"},{"floor":17,"key":"Ginger"}],"event_choices":[{"event_name":"The Cleric","player_choice":"Healed","floor":11,"damage_taken":0},{"event_name":"Upgrade Shrine","player_choice":"Upgraded","floor":19,"damage_taken":0},{"event_name":"Masked Bandits","player_choice":"Fought over 8 gold","floor":22,"damage_taken":0}],"boss_relics":[{"not_picked":["Astrolabe","Busted Crown"],"picked":"Calling Bell"}],"items_purged_floors":[21],"is_endless":false,"potions_floor_spawned":[2,4,5,10,14,16,18],"seed_played":"-2713643842091907535","ascension_level":0,"potions_obtained":[{"floor":2,"key":"FearPotion"},{"floor":4,"key":"FearPotion"},{"floor":5,"key":"Fire Potion"},{"floor":10,"key":"GamblersBrew"},{"floor":14,"key":"FocusPotion"},{"floor":16,"key":"AttackPotion"},{"floor":18,"key":"Fruit Juice"}],"is_trial":false}