{"gold_per_floor":[110,110,110,110,121,150,163,176,176,176,176,176,195,206,206,301,301,317,331,31,31,31,60,60,74,154,171,187,187,198,0,0,105,105,115,115,215,215,70,70,96,96,122,141,141,157,168,59,59,59],"floor_reached":51,"playtime":2304,"items_purged":["Neutralize"],"score":809,"play_id":"a88e3e5c-e719-41c0-852a-b41f27272469","local_time":"20190218163918","is_ascension_mode":true,"campfire_choices":[{"data":"Skewer","floor":10,"key":"SMITH"},{"floor":15,"key":"REST"},{"floor":24,"key":"REST"},{"floor":29,"key":"REST"},{"data":"Storm of Steel","floor":32,"key":"SMITH"},{"data":"Adrenaline","floor":40,"key":"SMITH"},{"data":"Survivor","floor":42,"key":"SMITH"},{"floor":45,"key":"REST"},{"floor":49,"key":"REST"}],"neow_cost":"NONE","seed_source_timestamp":21515055936475,"circlet_count":0,"master_deck":["Defend_G","Defend_G","Defend_G","Defend_G","Defend_G","Survivor+1","Dagger Spray+1","Leg Sweep+1","Skewer+1","Backflip","Adrenaline+1","Unload","Die Die Die","Distraction+1","Terror+1","Reflex+1","Backflip+1","Storm of Steel+1","Die Die Die","Cloak And Dagger+1","Well Laid Plans+1","PiercingWail+1","Backflip+1","Skewer+1","Concentrate"],"relics":["Ring of the Snake","NeowsBlessing","Regal Pillow","Bag of Preparation","Gremlin Horn","Astrolabe","Pen Nib","Omamori","Torii","Question Card","Chemical X","Sozu","Mango","War Paint","Ninja Scroll","Lantern"],"potions_floor_usage":[16,27,33,37,38,44],"damage_taken":[{"damage":0,"enemies":"Cultist","floor":1,"turns":1},{"damage":0,"enemies":"Small Slimes","floor":5,"turns":1},{"damage":0,"enemies":"Gremlin Nob","floor":6,"turns":1},{"damage":0,"enemies":"Jaw Worm","floor":7,"turns":3},{"damage":7,"enemies":"Exordium Wildlife","floor":8,"turns":11},{"damage":5,"enemies":"Blue Slaver","floor":13,"turns":3},{"damage":2,"enemies":"Large Slime","floor":14,"turns":7},{"damage":51,"enemies":"The Guardian","floor":16,"turns":12},{"damage":8,"enemies":"Shell Parasite","floor":18,"turns":4},{"damage":3,"enemies":"2 Thieves","floor":19,"turns":3},{"damage":44,"enemies":"Slavers","floor":23,"turns":6},{"damage":2,"enemies":"Shelled Parasite and Fungi","floor":25,"turns":6},{"damage":2,"enemies":"Cultist and Chosen","floor":27,"turns":5},{"damage":0,"enemies":"3 Cultists","floor":28,"turns":4},{"damage":0,"enemies":"Centurion and Healer","floor":30,"turns":5},{"damage":42,"enemies":"Champ","floor":33,"turns":10},{"damage":12,"enemies":"3 Shapes","floor":35,"turns":2},{"damage":0,"enemies":"Mind Bloom Boss Battle","floor":37,"turns":4},{"damage":0,"enemies":"3 Darklings","floor":38,"turns":1},{"damage":0,"enemies":"Reptomancer","floor":41,"turns":1},{"damage":27,"enemies":"Transient","floor":44,"turns":5},{"damage":0,"enemies":"Jaw Worm Horde","floor":46,"turns":2},{"damage":13,"enemies":"4 Shapes","floor":47,"turns":2},{"damage":19,"enemies":"Time Eater","floor":50,"turns":11}],"seed_played":"-1324822306806182550","potions_obtained":[{"floor":5,"key":"SpeedPotion"},{"floor":7,"key":"EssenceOfSteel"},{"floor":13,"key":"PowerPotion"},{"floor":14,"key":"SmokeBomb"},{"floor":25,"key":"Regen Potion"},{"floor":27,"key":"Block Potion"},{"floor":33,"key":"Dexterity Potion"}],"is_trial":false,"path_per_floor":["M","?","?","T","M","E","M","M","T","R","?","?","M","M","R","B",null,"M","M","$","?","?","E","R","M","T","M","M","R","M","$","R","B",null,"M","?","?","M","$","R","E","R","T","M","R","M","M","$","R","B",null],"character_chosen":"THE_SILENT","items_purchased":["Pen Nib","Omamori","Chemical X","War Paint","Concentrate"],"campfire_rested":5,"item_purchase_floors":[20,20,31,39,48],"current_hp_per_floor":[70,70,70,70,70,70,70,63,63,63,68,61,56,54,75,24,75,67,64,64,64,64,20,57,55,55,53,53,75,75,75,75,33,75,63,63,86,86,86,86,86,86,86,59,89,89,76,76,89,70],"gold":59,"neow_bonus":"THREE_ENEMY_KILL","is_prod":false,"is_daily":false,"chose_seed":false,"campfire_upgraded":4,"win_rate":0,"timestamp":1550529558,"path_taken":["M","?","?","?","?","E","M","M","T","R","?","?","M","M","R","BOSS","M","M","$","?","?","E","R","M","T","M","M","R","?","$","R","BOSS","M","?","?","M","$","R","E","R","T","M","R","?","M","$","R","BOSS"],"build_version":"2019-01-23","purchased_purges":1,"victory":true,"max_hp_per_floor":[70,70,70,70,70,70,70,70,70,70,75,75,75,75,75,75,75,75,75,75,75,75,75,75,75,75,75,75,75,75,75,75,75,75,75,75,89,89,89,89,89,89,89,89,89,89,89,89,89,89],"card_choices":[{"not_picked":["Cloak And Dagger","Flying Knee"],"picked":"Dagger Spray","floor":1},{"not_picked":["Flechettes","Dagger Spray"],"picked":"Leg Sweep","floor":5},{"not_picked":["Underhanded Strike","Calculated Gamble"],"picked":"Skewer","floor":6},{"not_picked":["Dodge and Roll","Infinite Blades"],"picked":"Backflip","floor":7},{"not_picked":["Backflip","Underhanded Strike"],"picked":"Adrenaline","floor":8},{"not_picked":["Slice","Deflect"],"picked":"Unload","floor":13},{"not_picked":["Acrobatics","Poisoned Stab","Bane"],"picked":"SKIP","floor":14},{"not_picked":["Burst","Doppelganger"],"picked":"Die Die Die","floor":16},{"not_picked":["Sucker Punch","Endless Agony+1"],"picked":"Backflip+1","floor":18},{"not_picked":["Slice","Dagger Throw","Deflect"],"picked":"SKIP","floor":19},{"not_picked":["Backflip","Deadly Poison"],"picked":"Die Die Die","floor":23},{"not_picked":["Sucker Punch","Predator","Skewer"],"picked":"SKIP","floor":25},{"not_picked":["Blade Dance+1","Terror","Slice"],"picked":"Cloak And Dagger","floor":27},{"not_picked":["Deflect","Backflip+1","Burst"],"picked":"Well Laid Plans+1","floor":28},{"not_picked":["Outmaneuver","PiercingWail","Poisoned Stab+1","Deflect"],"picked":"SKIP","floor":30},{"not_picked":["Concentrate+1","Slice","Cloak And Dagger"],"picked":"PiercingWail+1","floor":35},{"not_picked":["PiercingWail+1","Flechettes+1","Prepared+1","Deadly Poison+1"],"picked":"SKIP","floor":41},{"not_picked":["Catalyst","Blade Dance+1","Venomology"],"picked":"Backflip+1","floor":44},{"not_picked":["Deadly Poison","Caltrops+1","Accuracy"],"picked":"Skewer+1","floor":46},{"not_picked":["Outmaneuver+1","Deadly Poison","Expertise","Acrobatics+1"],"picked":"SKIP","floor":47}],"player_experience":213629,"relics_obtained":[{"floor":4,"key":"Regal Pillow"},{"floor":6,"key":"Bag of Preparation"},{"floor":9,"key":"Gremlin Horn"},{"floor":23,"key":"Torii"},{"floor":26,"key":"Question Card"},{"floor":37,"key":"Mango"},{"floor":41,"key":"Ninja Scroll"},{"floor":43,"key":"Lantern"}],"event_choices":[{"damage_healed":0,"gold_gain":0,"player_choice":"Grow","damage_taken":0,"max_hp_gain":0,"max_hp_loss":0,"event_name":"Living Wall","floor":2,"gold_loss":0,"cards_upgraded":["Dagger Spray"]},{"damage_healed":0,"gold_gain":0,"player_choice":"Ignored","damage_taken":0,"max_hp_gain":0,"max_hp_loss":0,"event_name":"Liars Game","floor":3,"gold_loss":0},{"damage_healed":0,"gold_gain":0,"player_choice":"Donut","damage_taken":0,"max_hp_gain":5,"max_hp_loss":0,"event_name":"Big Fish","floor":11,"gold_loss":0},{"cards_removed":["Strike_G"],"damage_healed":0,"gold_gain":0,"player_choice":"Card Removal","damage_taken":7,"max_hp_gain":0,"max_hp_loss":0,"event_name":"Golden Wing","floor":12,"gold_loss":0},{"damage_healed":0,"gold_gain":0,"player_choice":"Ignored","damage_taken":0,"max_hp_gain":0,"max_hp_loss":0,"event_name":"Ghosts","floor":21,"gold_loss":0},{"damage_healed":0,"gold_gain":0,"cards_transformed":["Strike_G"],"player_choice":"Transformed","damage_taken":0,"max_hp_gain":0,"max_hp_loss":0,"event_name":"Transmorgrifier","floor":22,"gold_loss":0,"cards_obtained":["Storm of Steel"]},{"damage_healed":0,"gold_gain":0,"player_choice":"Ignored","damage_taken":0,"max_hp_gain":0,"max_hp_loss":0,"event_name":"Mysterious Sphere","floor":36,"gold_loss":0},{"damage_healed":0,"gold_gain":0,"player_choice":"Fight","damage_taken":0,"max_hp_gain":0,"max_hp_loss":0,"event_name":"MindBloom","floor":37,"gold_loss":0}],"is_beta":false,"boss_relics":[{"not_picked":["Snecko Eye","Tiny House"],"picked":"Astrolabe"},{"not_picked":["White Beast Statue","Empty Cage"],"picked":"Sozu"}],"items_purged_floors":[48],"is_endless":false,"potions_floor_spawned":[5,7,8,13,14,25,27,33,38,47],"ascension_level":1}