{"gold_per_floor":[114,114,129,144,48,48,78,78,103,103,118,148,163,178,178,278,278,263,278,293,253,268,268,298,148,148,7,22,22,97,11,11,111,111,126,141,141,156,171,171],"floor_reached":40,"playtime":1983,"items_purged":[],"score":470,"play_id":"9fd3772d-dec1-4f18-ac56-60e70e4aa852","local_time":"20181201184134","daily_mods":["Allstar","ControlledChaos","Night Terrors"],"is_ascension_mode":false,"campfire_choices":[{"data":"Hologram","floor":6,"key":"SMITH"},{"data":"Bandage Up","floor":8,"key":"SMITH"},{"data":"Panacea","floor":10,"key":"SMITH"},{"data":"White Noise","floor":15,"key":"SMITH"},{"floor":23,"key":"REST"},{"data":"Defragment","floor":32,"key":"SMITH"}],"neow_cost":"","seed_source_timestamp":0,"circlet_count":0,"master_deck":["Zap","Dualcast","Panacea+1","Chrysalis","Sadistic Nature","Thinking Ahead","Mind Blast+1","Stack","Hologram+1","Bandage Up+1","Turbo","Leap+1","White Noise+1","Chaos","Echo Form+1","Static Discharge","Skim","Glacier+1","Steam Power","Go for the Eyes","Reprogram","Self Repair","FTL","Thunder Strike","Defragment+1","Rebound","Reboot","Rebound","Cold Snap","Gash","Cold Snap","Barrage","Steam","Barrage","Blizzard","Redo+1","Leap+1","Finesse","Secret Weapon","Bandage Up","Lockon+1","Tempest+1"],"special_seed":17866,"relics":["Cracked Core","Frozen Eye","Dream Catcher","Whetstone","Bottled Lightning","Inserter","Peace Pipe","DataDisk","Matryoshka","Ornamental Fan","Pear","Pandora\u0027s Box"],"potions_floor_usage":[12,12,24,33,33,33,40],"damage_taken":[{"damage":10,"enemies":"Small Slimes","floor":1,"turns":3},{"damage":0,"enemies":"Cultist","floor":3,"turns":2},{"damage":0,"enemies":"Jaw Worm","floor":4,"turns":1},{"damage":16,"enemies":"Gremlin Nob","floor":7,"turns":3},{"damage":7,"enemies":"Exordium Thugs","floor":11,"turns":2},{"damage":0,"enemies":"Lagavulin","floor":12,"turns":3},{"damage":0,"enemies":"2 Fungi Beasts","floor":13,"turns":1},{"damage":0,"enemies":"Exordium Wildlife","floor":14,"turns":4},{"damage":20,"enemies":"Slime Boss","floor":16,"turns":8},{"damage":15,"enemies":"2 Thieves","floor":18,"turns":4},{"damage":0,"enemies":"Spheric Guardian","floor":19,"turns":1},{"damage":19,"enemies":"3 Cultists","floor":20,"turns":6},{"damage":45,"enemies":"Shelled Parasite and Fungi","floor":22,"turns":7},{"damage":22,"enemies":"Book of Stabbing","floor":24,"turns":6},{"damage":5,"enemies":"Chosen and Byrds","floor":28,"turns":5},{"damage":38,"enemies":"Collector","floor":33,"turns":8},{"damage":0,"enemies":"3 Shapes","floor":35,"turns":4},{"damage":30,"enemies":"3 Darklings","floor":36,"turns":6},{"damage":41,"enemies":"Spire Growth","floor":38,"turns":5},{"damage":10,"enemies":"4 Shapes","floor":39,"turns":5},{"damage":36,"enemies":"Reptomancer","floor":40,"turns":5}],"seed_played":"-48262847405377226","potions_obtained":[{"floor":3,"key":"Swift Potion"},{"floor":7,"key":"Dexterity Potion"},{"floor":11,"key":"Weak Potion"},{"floor":13,"key":"Dexterity Potion"},{"floor":16,"key":"SpeedPotion"},{"floor":24,"key":"Block Potion"},{"floor":33,"key":"Dexterity Potion"},{"floor":39,"key":"FocusPotion"}],"is_trial":false,"path_per_floor":["M","?","M","M","$","R","E","R","T","R","M","E","M","M","R","B",null,"M","M","M","?","M","R","E","$","T","$","M","?","T","$","R","B",null,"M","M","?","M","M","E"],"character_chosen":"DEFECT","items_purchased":["Bandage Up","DataDisk","Self Repair","FTL","Defragment","Rebound"],"campfire_rested":1,"item_purchase_floors":[5,25,27,27,31,31],"current_hp_per_floor":[65,65,65,65,65,65,49,49,49,49,42,48,48,54,54,40,75,65,65,52,52,13,70,54,54,54,54,62,62,72,72,72,40,80,80,64,54,23,23,0],"gold":171,"neow_bonus":"","is_prod":false,"is_daily":true,"chose_seed":false,"campfire_upgraded":5,"win_rate":0,"timestamp":1543707694,"path_taken":["M","?","M","?","$","R","E","R","T","R","M","E","M","M","R","BOSS","M","M","M","?","?","R","E","$","T","?","M","?","?","$","R","BOSS","M","M","?","M","M","E"],"build_version":"2018-11-15","purchased_purges":0,"victory":false,"max_hp_per_floor":[75,75,75,75,75,75,75,75,75,75,75,75,75,75,75,75,75,75,75,75,75,75,70,70,70,70,70,70,70,80,80,80,80,80,80,80,80,80,80,80],"card_choices":[{"not_picked":["Cold Snap","Chill"],"picked":"Stack","floor":1},{"not_picked":["Aggregate","Redo"],"picked":"Hologram","floor":3},{"not_picked":["Capacitor","Stack","Conserve Battery"],"picked":"SKIP","floor":4},{"not_picked":["Sweeping Beam","Rainbow"],"picked":"Turbo","floor":7},{"not_picked":["Steam","Conserve Battery"],"picked":"Leap","floor":11},{"not_picked":["Steam","Ball Lightning","Darkness"],"picked":"SKIP","floor":12},{"not_picked":["Fusion","Redo"],"picked":"White Noise","floor":13},{"not_picked":["Genetic Algorithm","Rip and Tear"],"picked":"Chaos","floor":14},{"not_picked":["Creative AI","Biased Cognition"],"picked":"Echo Form","floor":16},{"not_picked":["Streamline","Sunder"],"picked":"Static Discharge","floor":18},{"not_picked":["Streamline+1","Redo"],"picked":"Skim","floor":19},{"not_picked":["Compile Driver","Leap"],"picked":"Glacier+1","floor":20},{"not_picked":["Reinforced Body","Aggregate"],"picked":"Steam Power","floor":22},{"not_picked":["Sweeping Beam","Conserve Battery"],"picked":"Go for the Eyes","floor":23},{"not_picked":["Skim","Barrage"],"picked":"Reprogram","floor":24},{"not_picked":["Barrage","Go for the Eyes+1"],"picked":"Thunder Strike","floor":28},{"not_picked":["Hyperbeam","Amplify"],"picked":"Reboot","floor":33},{"not_picked":["Coolheaded","Compile Driver"],"picked":"Redo+1","floor":35},{"not_picked":["Melter+1","Beam Cell"],"picked":"Leap+1","floor":36},{"not_picked":["Violence","Purity"],"picked":"Finesse","floor":37},{"not_picked":["Discovery","Panache"],"picked":"Secret Weapon","floor":37},{"not_picked":["Secret Weapon","Forethought"],"picked":"Bandage Up","floor":37},{"not_picked":["Melter+1","Force Field"],"picked":"Lockon+1","floor":38},{"not_picked":["Conserve Battery+1","Leap"],"picked":"Tempest+1","floor":39}],"player_experience":393471,"relics_obtained":[{"floor":7,"key":"Dream Catcher"},{"floor":9,"key":"Whetstone"},{"floor":12,"key":"Bottled Lightning"},{"floor":24,"key":"Peace Pipe"},{"floor":26,"key":"Matryoshka"},{"floor":30,"key":"Ornamental Fan"},{"floor":30,"key":"Pear"}],"event_choices":[{"damage_healed":0,"gold_gain":0,"player_choice":"Forge","damage_taken":0,"max_hp_gain":0,"max_hp_loss":0,"event_name":"Accursed Blacksmith","floor":2,"gold_loss":0,"cards_upgraded":["Mind Blast"]},{"damage_healed":0,"gold_gain":0,"player_choice":"Upgraded Two","damage_taken":0,"max_hp_gain":0,"max_hp_loss":0,"event_name":"Designer","floor":21,"gold_loss":40,"cards_upgraded":["Leap","Echo Form"]},{"damage_healed":0,"gold_gain":0,"player_choice":"Ignored","damage_taken":0,"max_hp_gain":0,"max_hp_loss":0,"event_name":"Beggar","floor":29,"gold_loss":0},{"damage_healed":0,"gold_gain":0,"player_choice":"Memory 3","damage_taken":10,"max_hp_gain":0,"max_hp_loss":0,"event_name":"SensoryStone","floor":37,"gold_loss":0}],"is_beta":true,"boss_relics":[{"not_picked":["Calling Bell","Velvet Choker"],"picked":"Inserter"},{"not_picked":["Snecko Eye","Philosopher\u0027s Stone"],"picked":"Pandora\u0027s Box"}],"items_purged_floors":[],"is_endless":false,"potions_floor_spawned":[3,7,11,12,13,16,19,24,33,39],"killed_by":"Reptomancer","ascension_level":0}