{"gold_per_floor":[114,64,64,239,16,46,46,76,76,91,91,91,91,91,91,191,191,206,56,56,56,56,86,116,116,116,116,131,56,56,86,86,186,186,201,201,201,201,201,231,291,291,291,306,306,306,37,52,52,52],"floor_reached":51,"playtime":2492,"items_purged":["Shame"],"score":859,"play_id":"8a935bdb-2d01-4fa9-b10e-e953017b9410","local_time":"20180930193255","daily_mods":["Draft","Flight","Lethality"],"is_ascension_mode":false,"campfire_choices":[{"data":"Self Repair","floor":7,"key":"SMITH"},{"data":"Hologram","floor":12,"key":"SMITH"},{"data":"Leap","floor":13,"key":"SMITH"},{"data":"Static Discharge","floor":15,"key":"SMITH"},{"floor":25,"key":"REST"},{"data":"Go for the Eyes","floor":30,"key":"SMITH"},{"floor":32,"key":"REST"},{"data":"Madness","floor":42,"key":"SMITH"},{"data":"Madness","floor":45,"key":"SMITH"},{"data":"Creative AI","floor":46,"key":"SMITH"},{"data":"Static Discharge","floor":49,"key":"SMITH"}],"neow_cost":"","seed_source_timestamp":0,"circlet_count":0,"master_deck":["Static Discharge+1","Conserve Battery","Chaos+1","Ball Lightning","Genetic Algorithm+1","Static Discharge+1","Steam","Sweeping Beam+1","Ball Lightning","Go for the Eyes+1","Conserve Battery","Fusion+1","Beam Cell+1","Leap+1","Static Discharge","Self Repair+1","Heatsinks","Hologram+1","Creative AI+1","BootSequence","Creative AI+1","Leap","Master of Strategy","Madness+1","Madness+1","Double Energy+1","Capacitor+1","Glacier"],"special_seed":17804,"relics":["Cracked Core","War Paint","Shuriken","Orichalcum","Cables","Ice Cream","Potion Belt","Black Star","PreservedInsect","MutagenicStrength","Vajra","NlothsMask","Art of War","Pen Nib","Darkstone Periapt","Frozen Egg 2","Bag of Preparation","Centennial Puzzle","Empty Cage","Bird Faced Urn","Whetstone","Regal Pillow","Smiling Mask","Tiny Chest","Meat on the Bone","Runic Capacitor"],"potions_floor_usage":[8,16,24,33,33,33,33,40,40,48],"damage_taken":[{"damage":4,"enemies":"2 Louse","floor":1,"turns":2},{"damage":22,"enemies":"3 Sentries","floor":6,"turns":5},{"damage":25,"enemies":"Gremlin Nob","floor":8,"turns":3},{"damage":0,"enemies":"Small Slimes","floor":10,"turns":3},{"damage":20,"enemies":"Hexaghost","floor":16,"turns":5},{"damage":17,"enemies":"3 Byrds","floor":18,"turns":2},{"damage":50,"enemies":"Gremlin Leader","floor":23,"turns":4},{"damage":21,"enemies":"Book of Stabbing","floor":24,"turns":4},{"damage":9,"enemies":"2 Thieves","floor":28,"turns":3},{"damage":31,"enemies":"Slavers","floor":31,"turns":3},{"damage":18,"enemies":"Automaton","floor":33,"turns":9},{"damage":0,"enemies":"Orb Walker","floor":35,"turns":4},{"damage":22,"enemies":"Mind Bloom Boss Battle","floor":36,"turns":6},{"damage":20,"enemies":"2 Orb Walkers","floor":40,"turns":4},{"damage":0,"enemies":"Giant Head","floor":41,"turns":6},{"damage":4,"enemies":"3 Darklings","floor":44,"turns":5},{"damage":27,"enemies":"Maw","floor":48,"turns":6},{"damage":47,"enemies":"Donu and Deca","floor":50,"turns":6}],"seed_played":"3855407655360463062","potions_obtained":[{"floor":6,"key":"FocusPotion"},{"floor":8,"key":"Swift Potion"},{"floor":16,"key":"FearPotion"},{"floor":23,"key":"Swift Potion"},{"floor":27,"key":"Fire Potion"},{"floor":27,"key":"Weak Potion"},{"floor":27,"key":"FearPotion"},{"floor":31,"key":"FearPotion"},{"floor":35,"key":"FocusPotion"},{"floor":40,"key":"Weak Potion"},{"floor":41,"key":"SkillPotion"}],"is_trial":false,"path_per_floor":["M","?","?","?","$","E","R","E","T","M","?","R","R","T","R","B",null,"M","$","?","?","?","E","E","R","T","?","M","$","R","E","R","B",null,"M","?","?","?","?","E","E","R","T","M","R","R","$","M","R","B"],"character_chosen":"DEFECT","items_purchased":["Self Repair","War Paint","PreservedInsect","Runic Capacitor","Glacier"],"campfire_rested":2,"item_purchase_floors":[5,5,19,47,47],"current_hp_per_floor":[71,71,71,71,71,56,56,41,41,51,48,48,48,48,48,38,75,68,68,68,68,68,28,17,39,39,39,40,40,40,19,41,33,75,75,63,63,54,54,52,75,75,75,75,75,75,75,70,70,55],"gold":52,"neow_bonus":"","is_prod":false,"is_daily":true,"chose_seed":false,"campfire_upgraded":9,"win_rate":0,"timestamp":1538350375,"path_taken":["M","?","?","?","?","E","R","E","T","?","?","R","R","?","R","BOSS","M","$","?","?","?","E","E","R","T","?","?","$","R","E","R","BOSS","M","?","?","?","?","E","E","R","T","?","R","R","$","?","R","BOSS"],"build_version":"2018-09-27","purchased_purges":1,"victory":true,"max_hp_per_floor":[75,75,75,75,75,75,75,75,75,75,75,75,75,75,75,75,75,75,75,75,75,75,75,75,75,75,75,75,75,75,75,75,75,75,75,75,75,75,75,75,75,75,75,75,75,75,75,75,75,75],"card_choices":[{"not_picked":["Redo","Beam Cell"],"picked":"Static Discharge","floor":0},{"not_picked":["Turbo","Redo"],"picked":"Conserve Battery","floor":0},{"not_picked":["Compile Driver","Turbo"],"picked":"Chaos","floor":0},{"not_picked":["FTL","Compile Driver"],"picked":"Ball Lightning","floor":0},{"not_picked":["Streamline","Sweeping Beam"],"picked":"Genetic Algorithm","floor":0},{"not_picked":["Steam Power","Lockon"],"picked":"Static Discharge","floor":0},{"not_picked":["Darkness","Coolheaded"],"picked":"Steam","floor":0},{"not_picked":["Barrage","Turbo"],"picked":"Sweeping Beam","floor":0},{"not_picked":["Stack","Lockon"],"picked":"Turbo","floor":0},{"not_picked":["Coolheaded","Darkness"],"picked":"Ball Lightning","floor":0},{"not_picked":["FTL","Recycle"],"picked":"Go for the Eyes","floor":0},{"not_picked":["Gash","Beam Cell"],"picked":"Conserve Battery","floor":0},{"not_picked":["Chaos","Rebound"],"picked":"Fusion","floor":0},{"not_picked":["Cold Snap","Gash"],"picked":"Beam Cell","floor":0},{"not_picked":["Sweeping Beam","Redo"],"picked":"Leap","floor":0},{"not_picked":["Rebound","Coolheaded"],"picked":"Static Discharge","floor":1},{"not_picked":["Tempest","Redo"],"picked":"Heatsinks","floor":6},{"not_picked":["Coolheaded","Double Energy","Redo"],"picked":"SKIP","floor":8},{"not_picked":["Reprogram","Go for the Eyes"],"picked":"Hologram","floor":10},{"not_picked":["Amplify","Fission"],"picked":"Creative AI","floor":16},{"not_picked":["Sunder","Steam","Coolheaded"],"picked":"SKIP","floor":18},{"not_picked":["Compile Driver+1","Stack"],"picked":"Aggregate","floor":23},{"not_picked":["Redo","Force Field"],"picked":"Go for the Eyes","floor":24},{"not_picked":["Turbo+1","Sweeping Beam","FTL+1"],"picked":"SKIP","floor":28},{"not_picked":["Blizzard+1","Meteor Strike"],"picked":"BootSequence","floor":31},{"not_picked":["Meteor Strike","All For One"],"picked":"Creative AI+1","floor":33},{"not_picked":["Conserve Battery","Rip and Tear","Hello World+1"],"picked":"SKIP","floor":35},{"not_picked":["Cold Snap+1","Coolheaded+1"],"picked":"Leap","floor":36},{"not_picked":["Flash of Steel","Madness"],"picked":"Master of Strategy","floor":37},{"not_picked":["Thunder Strike","Ball Lightning"],"picked":"Double Energy+1","floor":40},{"not_picked":["Hologram","Beam Cell+1"],"picked":"Capacitor+1","floor":41},{"not_picked":["BootSequence+1","Ball Lightning","Hello World+1"],"picked":"SKIP","floor":44},{"not_picked":["Steam","Beam Cell","Rebound+1"],"picked":"SKIP","floor":48}],"player_experience":324216,"relics_obtained":[{"floor":6,"key":"Shuriken"},{"floor":8,"key":"Orichalcum"},{"floor":9,"key":"Cables"},{"floor":14,"key":"Potion Belt"},{"floor":23,"key":"Art of War"},{"floor":23,"key":"Pen Nib"},{"floor":24,"key":"Darkstone Periapt"},{"floor":24,"key":"Frozen Egg 2"},{"floor":31,"key":"Bag of Preparation"},{"floor":31,"key":"Centennial Puzzle"},{"floor":36,"key":"Bird Faced Urn"},{"floor":40,"key":"Whetstone"},{"floor":40,"key":"Regal Pillow"},{"floor":41,"key":"Smiling Mask"},{"floor":41,"key":"Tiny Chest"},{"floor":43,"key":"Meat on the Bone"}],"event_choices":[{"event_name":"The Cleric","player_choice":"Card Removal","floor":2,"damage_taken":0},{"event_name":"Living Wall","player_choice":"Grow","floor":3,"damage_taken":0},{"event_name":"Liars Game","player_choice":"agreed","floor":4,"damage_taken":0},{"event_name":"Scrap Ooze","player_choice":"success","floor":11,"damage_taken":3},{"event_name":"Drug Dealer","player_choice":"Inject Mutagens","floor":20,"damage_taken":0},{"event_name":"Addict","player_choice":"Stole Relic","floor":21,"damage_taken":0},{"event_name":"FaceTrader","player_choice":"Trade","floor":22,"damage_taken":0},{"event_name":"The Lab","player_choice":"Got Potions","floor":27,"damage_taken":0},{"event_name":"MindBloom","player_choice":"Fight","floor":36,"damage_taken":0},{"event_name":"SensoryStone","player_choice":"Memory 1","floor":37,"damage_taken":0},{"event_name":"Winding Halls","player_choice":"Embrace Madness","floor":38,"damage_taken":0},{"event_name":"Falling","player_choice":"Removed Attack","floor":39,"damage_taken":0}],"is_beta":true,"boss_relics":[{"not_picked":["Calling Bell","Lizard Tail"],"picked":"Black Star"},{"not_picked":["Astrolabe","Runic Dome"],"picked":"Empty Cage"}],"items_purged_floors":[29],"is_endless":false,"potions_floor_spawned":[6,8,16,23,31,35,40,41],"ascension_level":0}