{"gold_per_floor":[112,125,138,26,26,60,60,60,60,85,85,115,115,131,131,229,229,239,239,254,119,119,119,119,119],"floor_reached":25,"playtime":1794,"items_purged":["Strike_B","Strike_B"],"score":282,"play_id":"93bf0cc9-e82b-408d-a895-3c5aca0b106d","local_time":"20190318230425","is_ascension_mode":true,"campfire_choices":[{"floor":7,"key":"REST"},{"floor":13,"key":"REST"},{"data":"Streamline","floor":15,"key":"SMITH"},{"data":"White Noise","floor":23,"key":"SMITH"}],"neow_cost":"NONE","seed_source_timestamp":2717319377565082,"circlet_count":0,"master_deck":["Strike_B+1","Defend_B+1","Defend_B+1","Defend_B+1","Defend_B+1","Zap+1","Dualcast","Streamline+1","Coolheaded","Leap","Self Repair","Glacier","Lockon","Auto Shields","Ball Lightning","Ball Lightning","Machine Learning","Darkness+1","Self Repair","White Noise+1"],"relics":["Cracked Core","Bird Faced Urn","Turnip","DataDisk","PreservedInsect","Black Star"],"potions_floor_usage":[12,18],"damage_taken":[{"damage":7,"enemies":"Jaw Worm","floor":1,"turns":4},{"damage":0,"enemies":"Cultist","floor":2,"turns":3},{"damage":4,"enemies":"2 Louse","floor":3,"turns":3},{"damage":33,"enemies":"3 Sentries","floor":6,"turns":9},{"damage":17,"enemies":"Lagavulin","floor":10,"turns":7},{"damage":26,"enemies":"Gremlin Nob","floor":12,"turns":4},{"damage":3,"enemies":"Looter","floor":14,"turns":3},{"damage":29,"enemies":"Slime Boss","floor":16,"turns":8},{"damage":14,"enemies":"Chosen","floor":18,"turns":5},{"damage":9,"enemies":"Spheric Guardian","floor":20,"turns":5},{"damage":77,"enemies":"Slavers","floor":25,"turns":3}],"seed_played":"-1904023311614199934","potions_obtained":[{"floor":1,"key":"FearPotion"},{"floor":10,"key":"SpeedPotion"},{"floor":14,"key":"FearPotion"},{"floor":16,"key":"FearPotion"},{"floor":20,"key":"Swift Potion"}],"is_trial":false,"path_per_floor":["M","M","M","$","?","E","R","?","T","E","$","E","R","M","R","B",null,"M","?","M","$","?","R","?","E"],"character_chosen":"DEFECT","items_purchased":["Self Repair","White Noise"],"campfire_rested":2,"item_purchase_floors":[4,21],"current_hp_per_floor":[61,61,57,57,57,31,53,53,53,45,45,28,50,56,56,36,65,62,62,64,64,64,64,64,0],"gold":119,"neow_bonus":"UPGRADE_CARD","is_prod":false,"is_daily":false,"chose_seed":false,"campfire_upgraded":2,"win_rate":0,"timestamp":1552975465,"path_taken":["M","M","M","$","?","E","R","?","T","E","$","E","R","M","R","BOSS","M","?","?","$","?","R","?","E"],"build_version":"2019-01-23","purchased_purges":2,"victory":false,"max_hp_per_floor":[75,75,75,75,75,75,75,75,75,75,75,75,75,75,75,75,75,75,75,75,75,75,75,75,75],"card_choices":[{"not_picked":["Redo","Auto Shields"],"picked":"Streamline","floor":1},{"not_picked":["Blizzard","Steam"],"picked":"Coolheaded","floor":2},{"not_picked":["Steam Power","Streamline"],"picked":"Leap","floor":3},{"not_picked":["Go for the Eyes","Rebound"],"picked":"Glacier","floor":6},{"not_picked":["Streamline","Force Field"],"picked":"Auto Shields","floor":10},{"not_picked":["Seek","Hello World"],"picked":"Ball Lightning","floor":12},{"not_picked":["Aggregate","Go for the Eyes"],"picked":"Ball Lightning","floor":14},{"not_picked":["Reboot","Amplify"],"picked":"Machine Learning","floor":16},{"not_picked":["Skim","Cold Snap"],"picked":"Darkness+1","floor":18},{"not_picked":["Sunder","Turbo+1","Barrage"],"picked":"SKIP","floor":20}],"player_experience":306054,"relics_obtained":[{"floor":6,"key":"Bird Faced Urn"},{"floor":9,"key":"Turnip"},{"floor":10,"key":"DataDisk"},{"floor":12,"key":"PreservedInsect"}],"event_choices":[{"damage_healed":0,"gold_gain":0,"player_choice":"Leave","damage_taken":0,"max_hp_gain":0,"max_hp_loss":0,"event_name":"The Cleric","floor":5,"gold_loss":0},{"damage_healed":0,"gold_gain":0,"cards_transformed":["Strike_B"],"player_choice":"Transformed","damage_taken":0,"max_hp_gain":0,"max_hp_loss":0,"event_name":"Transmorgrifier","floor":8,"gold_loss":0,"cards_obtained":["Lockon"]},{"damage_healed":0,"gold_gain":0,"player_choice":"Copied","damage_taken":0,"max_hp_gain":0,"max_hp_loss":0,"event_name":"Duplicator","floor":19,"gold_loss":0,"cards_obtained":["Self Repair"]},{"damage_healed":0,"gold_gain":0,"player_choice":"Ignored","damage_taken":0,"max_hp_gain":0,"max_hp_loss":0,"event_name":"Vampires","floor":22,"gold_loss":0},{"damage_healed":0,"gold_gain":0,"player_choice":"Simplicity","damage_taken":0,"max_hp_gain":0,"max_hp_loss":0,"event_name":"Back to Basics","floor":24,"gold_loss":0,"cards_upgraded":["Strike_B","Defend_B","Defend_B","Defend_B","Defend_B"]}],"is_beta":false,"boss_relics":[{"not_picked":["Astrolabe","Velvet Choker"],"picked":"Black Star"}],"items_purged_floors":[4,21],"is_endless":false,"potions_floor_spawned":[1,10,14,16,20],"killed_by":"Slavers","ascension_level":6}