{"gold_per_floor":[117,117,117,137,155,155,168,168,219,253,268,278,278,306,306,411,411,428,156,156,169,182,182,182],"floor_reached":24,"playtime":2424,"items_purged":["Decay"],"score":270,"play_id":"069292de-9dfd-408a-a83d-65aaea1307a5","local_time":"20190301180034","is_ascension_mode":true,"campfire_choices":[{"data":"Zap","floor":6,"key":"SMITH"},{"floor":8,"key":"REST"},{"floor":13,"key":"REST"},{"data":"Capacitor","floor":15,"key":"SMITH"},{"floor":23,"key":"REST"}],"neow_cost":"NONE","seed_source_timestamp":1233248524996487,"circlet_count":0,"master_deck":["Strike_B","Strike_B","Strike_B","Strike_B","Defend_B","Defend_B","Defend_B","Zap+1","Dualcast","Barrage","Reinforced Body","Defragment","Machine Learning","Leap","White Noise","Capacitor+1","Rainbow","Reinforced Body+1","Conserve Battery","Redo"],"relics":["Cracked Core","Strawberry","Anchor","Omamori","Question Card","Meat on the Bone","Runic Dome","DataDisk"],"potions_floor_usage":[12,14,14,16],"damage_taken":[{"damage":2,"enemies":"Jaw Worm","floor":1,"turns":4},{"damage":0,"enemies":"Small Slimes","floor":4,"turns":3},{"damage":2,"enemies":"Cultist","floor":5,"turns":5},{"damage":0,"enemies":"Looter","floor":7,"turns":3},{"damage":36,"enemies":"Gremlin Nob","floor":10,"turns":5},{"damage":0,"enemies":"Red Slaver","floor":11,"turns":4},{"damage":0,"enemies":"2 Fungi Beasts","floor":12,"turns":4},{"damage":18,"enemies":"3 Sentries","floor":14,"turns":7},{"damage":43,"enemies":"The Guardian","floor":16,"turns":8},{"damage":10,"enemies":"Chosen","floor":18,"turns":6},{"damage":8,"enemies":"Spheric Guardian","floor":21,"turns":4},{"damage":33,"enemies":"Centurion and Healer","floor":22,"turns":7},{"damage":62,"enemies":"Gremlin Leader","floor":24,"turns":6}],"seed_played":"5325236193688695126","potions_obtained":[{"floor":7,"key":"Strength Potion"},{"floor":10,"key":"SkillPotion"},{"floor":12,"key":"FocusPotion"},{"floor":14,"key":"PowerPotion"}],"is_trial":false,"path_per_floor":["M","?","?","M","M","R","M","R","T","E","M","M","R","E","R","B",null,"M","$","?","M","M","R","E"],"character_chosen":"DEFECT","items_purchased":["DataDisk","Conserve Battery"],"campfire_rested":3,"item_purchase_floors":[19,19],"current_hp_per_floor":[73,61,61,61,59,59,59,82,82,46,46,46,70,52,52,21,67,57,57,57,49,28,52,0],"gold":182,"neow_bonus":"RANDOM_COMMON_RELIC","is_prod":false,"is_daily":false,"chose_seed":false,"campfire_upgraded":2,"win_rate":0,"timestamp":1551492034,"path_taken":["M","?","?","M","?","R","M","R","T","E","M","M","R","E","R","BOSS","M","$","?","M","M","R","E"],"build_version":"2019-01-23","purchased_purges":1,"victory":false,"max_hp_per_floor":[82,82,82,82,82,82,82,82,82,82,82,82,82,82,82,82,82,82,82,82,82,82,82,82],"card_choices":[{"not_picked":["Rebound","Steam"],"picked":"Barrage","floor":1},{"not_picked":["Hologram","Sweeping Beam"],"picked":"Reinforced Body","floor":4},{"not_picked":["Steam","Beam Cell","Hologram"],"picked":"SKIP","floor":5},{"not_picked":["Storm","Leap"],"picked":"Defragment","floor":7},{"not_picked":["Beam Cell","Stack"],"picked":"Machine Learning","floor":10},{"not_picked":["Turbo","Auto Shields","Sunder"],"picked":"Leap","floor":11},{"not_picked":["Doom and Gloom","Chill","Darkness"],"picked":"White Noise","floor":12},{"not_picked":["Steam","Force Field","Streamline"],"picked":"Capacitor","floor":14},{"not_picked":["Creative AI","Machine Learning","Fission"],"picked":"Rainbow","floor":16},{"not_picked":["Go for the Eyes+1","Undo+1","BootSequence+1"],"picked":"Reinforced Body+1","floor":18},{"not_picked":["Ball Lightning","Hologram","Auto Shields"],"picked":"Redo","floor":21},{"not_picked":["Leap","Redo","Turbo","Streamline"],"picked":"SKIP","floor":22}],"player_experience":288630,"relics_obtained":[{"floor":9,"key":"Omamori"},{"floor":10,"key":"Question Card"},{"floor":14,"key":"Meat on the Bone"}],"event_choices":[{"damage_healed":0,"gold_gain":0,"player_choice":"Success","damage_taken":12,"relics_obtained":["Anchor"],"max_hp_gain":0,"max_hp_loss":0,"event_name":"Scrap Ooze","floor":2,"gold_loss":0},{"damage_healed":0,"gold_gain":0,"player_choice":"Cursed","damage_taken":0,"max_hp_gain":0,"max_hp_loss":0,"event_name":"Wheel of Change","floor":3,"gold_loss":0,"cards_obtained":["Decay"]},{"cards_removed":["Defend_B"],"damage_healed":0,"gold_gain":0,"player_choice":"Purged","damage_taken":0,"max_hp_gain":0,"max_hp_loss":0,"event_name":"Purifier","floor":20,"gold_loss":0}],"is_beta":false,"boss_relics":[{"not_picked":["Runic Pyramid","Coffee Dripper"],"picked":"Runic Dome"}],"items_purged_floors":[19],"is_endless":false,"potions_floor_spawned":[7,10,12,14],"killed_by":"Gremlin Leader","ascension_level":6}