{"gold_per_floor":[109,69,80,255,77,77,97,97,123,123,154,170,195,227,239,353,365,397,184,184,184,197,197,532,544,544,569,569],"floor_reached":28,"playtime":1764,"items_purged":["Doubt"],"score":266,"play_id":"d69b7b4c-3886-4ebb-a472-5386ea178c71","local_time":"20190604230608","is_ascension_mode":false,"campfire_choices":[{"data":"Uppercut","floor":6,"key":"SMITH"},{"data":"Double Tap","floor":8,"key":"SMITH"},{"floor":15,"key":"REST"},{"data":"Infernal Blade","floor":23,"key":"SMITH"}],"neow_cost":"PERCENT_DAMAGE","seed_source_timestamp":192871542426800,"circlet_count":0,"master_deck":["Strike_R+1","Strike_R+1","Strike_R+1","Strike_R+1","Strike_R+1","Defend_R+1","Defend_R+1","Defend_R+1","Defend_R+1","Bash","Double Tap+1","Dropkick+1","Uppercut+1","Pommel Strike","Pommel Strike","Armaments","Twin Strike","Infernal Blade+1","Combust","Impervious","Inflame","Shrug It Off","Shrug It Off+1","Sword Boomerang+1"],"relics":["Burning Blood","Anchor","Red Skull","Happy Flower","MawBank","Eternal Feather","Whetstone","Omamori","Old Coin","Pantograph","PreservedInsect"],"potions_floor_usage":[11,12,27,27],"damage_taken":[{"damage":1,"enemies":"Jaw Worm","floor":1,"turns":3},{"damage":1,"enemies":"Cultist","floor":3,"turns":3},{"damage":0,"enemies":"2 Louse","floor":7,"turns":2},{"damage":32,"enemies":"Lagavulin","floor":11,"turns":7},{"damage":16,"enemies":"Gremlin Gang","floor":12,"turns":5},{"damage":13,"enemies":"3 Sentries","floor":13,"turns":4},{"damage":0,"enemies":"3 Louse","floor":14,"turns":2},{"damage":11,"enemies":"Slime Boss","floor":16,"turns":8},{"damage":13,"enemies":"Chosen","floor":18,"turns":5},{"damage":12,"enemies":"2 Thieves","floor":22,"turns":4},{"damage":37,"enemies":"Slavers","floor":24,"turns":5},{"damage":5,"enemies":"Snake Plant","floor":25,"turns":3},{"damage":46,"enemies":"Book of Stabbing","floor":27,"turns":9}],"seed_played":"6216122111087680674","potions_obtained":[{"floor":7,"key":"PowerPotion"},{"floor":11,"key":"GamblersBrew"},{"floor":13,"key":"GamblersBrew"},{"floor":14,"key":"Dexterity Potion"},{"floor":24,"key":"Weak Potion"},{"floor":25,"key":"Block Potion"}],"is_trial":false,"path_per_floor":["M","?","M","?","$","R","M","R","T","$","E","M","E","M","R","B",null,"M","$","?","?","M","R","E","M","T","E","?"],"character_chosen":"IRONCLAD","items_purchased":["Anchor","Pommel Strike","Whetstone"],"campfire_rested":1,"item_purchase_floors":[5,5,19],"current_hp_per_floor":[61,61,66,66,66,66,72,72,72,72,46,36,29,35,59,54,80,73,73,73,73,67,79,48,49,49,9,0],"gold":569,"neow_bonus":"THREE_RARE_CARDS","is_prod":false,"is_daily":false,"chose_seed":false,"campfire_upgraded":3,"win_rate":0.0,"timestamp":1559685968,"path_taken":["M","?","M","?","$","R","?","R","T","?","E","M","E","M","R","BOSS","M","$","?","?","?","R","E","M","T","E","?"],"build_version":"2019-01-23","purchased_purges":1,"victory":false,"max_hp_per_floor":[80,80,80,80,80,80,80,80,80,80,80,80,80,80,80,80,80,80,80,80,80,80,80,80,80,80,80,80],"card_choices":[{"not_picked":["Reaper","Impervious"],"picked":"Double Tap","floor":0},{"not_picked":["Pommel Strike","Shrug It Off"],"picked":"Dropkick","floor":1},{"not_picked":["Thunderclap","Clash"],"picked":"Uppercut","floor":3},{"not_picked":["Metallicize","Second Wind"],"picked":"Pommel Strike","floor":7},{"not_picked":["Body Slam","Rupture"],"picked":"Armaments","floor":11},{"not_picked":["Pommel Strike","Searing Blow"],"picked":"Twin Strike","floor":12},{"not_picked":["Intimidate","Berserk"],"picked":"Infernal Blade","floor":13},{"not_picked":["Clothesline","Uppercut"],"picked":"Combust","floor":14},{"not_picked":["Juggernaut","Brutality"],"picked":"Impervious","floor":16},{"not_picked":["Body Slam+1","Seeing Red"],"picked":"Inflame","floor":18},{"not_picked":["Corruption","Headbutt"],"picked":"Shrug It Off","floor":22},{"not_picked":["Uppercut","Fire Breathing"],"picked":"Shrug It Off+1","floor":24},{"not_picked":["Sever Soul+1","Warcry","Searing Blow"],"picked":"SKIP","floor":25},{"not_picked":["Second Wind","Warcry+1"],"picked":"Sword Boomerang+1","floor":27}],"player_experience":30093,"relics_obtained":[{"floor":9,"key":"Red Skull"},{"floor":11,"key":"Happy Flower"},{"floor":13,"key":"MawBank"},{"floor":24,"key":"Old Coin"},{"floor":26,"key":"Pantograph"},{"floor":27,"key":"PreservedInsect"}],"event_choices":[{"damage_healed":0,"gold_gain":0,"player_choice":"Left Gold","damage_taken":0,"max_hp_gain":0,"max_hp_loss":0,"event_name":"World of Goop","floor":2,"gold_loss":40},{"damage_healed":0,"gold_gain":175,"player_choice":"AGREE","damage_taken":0,"max_hp_gain":0,"max_hp_loss":0,"event_name":"Liars Game","floor":4,"gold_loss":0,"cards_obtained":["Doubt"]},{"damage_healed":0,"gold_gain":0,"player_choice":"Simplicity","damage_taken":0,"max_hp_gain":0,"max_hp_loss":0,"event_name":"Back to Basics","floor":20,"gold_loss":0,"cards_upgraded":["Strike_R","Strike_R","Strike_R","Strike_R","Defend_R","Defend_R","Defend_R","Defend_R"]},{"damage_healed":0,"gold_gain":0,"player_choice":"Gave Potion","damage_taken":0,"relics_obtained":["Omamori"],"max_hp_gain":0,"max_hp_loss":0,"event_name":"WeMeetAgain","floor":21,"gold_loss":0}],"is_beta":false,"boss_relics":[{"not_picked":["Runic Pyramid","Astrolabe"],"picked":"Eternal Feather"}],"items_purged_floors":[19],"is_endless":false,"potions_floor_spawned":[7,11,13,14,24,25],"ascension_level":0}