{"gold_per_floor":[119,294,294,35,49,84,84,110,183,218,218,230,247,263,263,367,367,383,396,396,411,511,511,212,223,223,155,174,199,217,217,217,320,320,338,21,243,262,222,255,267,295,307,319,361,389,416,444,456,468,480,492,27,52,52],"floor_reached":55,"playtime":6699,"items_purged":["Defend_G"],"score":1019,"play_id":"6dbd0d46-d4fa-4952-8cb0-2b84cffaf2f9","local_time":"20190422003056","is_ascension_mode":true,"campfire_choices":[{"floor":7.0,"key":"REST"},{"floor":15.0,"key":"REST"},{"floor":23.0,"key":"REST"},{"data":"Glass Knife","floor":32.0,"key":"SMITH"},{"data":"Envenom","floor":41,"key":"SMITH"},{"data":"Dash","floor":44,"key":"SMITH"},{"floor":49,"key":"RECALL"},{"data":"PiercingWail","floor":52,"key":"SMITH"}],"neow_cost":"NONE","seed_source_timestamp":0,"circlet_count":0,"master_deck":["Defend_G","Defend_G","Defend_G","Defend_G","Survivor+1","Neutralize+1","Well Laid Plans","Cloak And Dagger","Dash+1","Crippling Poison","Well Laid Plans","PiercingWail+1","Glass Knife+1","Dodge and Roll","Bite","Bite","Bite","Bite","Bite","Crippling Poison","Deadly Poison","Escape Plan+1","Escape Plan+1","Blur+1","Malaise+1","Necronomicurse","Envenom+1","Leg Sweep+1","Blur+1","Cloak And Dagger+1","Backflip+1","Caltrops","PiercingWail+1","Escape Plan+1","Dark Shackles+1","Master of Strategy+1"],"special_seed":0,"relics":["Ring of the Serpent","Mercury Hourglass","PreservedInsect","Snake Skull","Letter Opener","Unceasing Top","Regal Pillow","Sozu","StoneCalendar","Meat on the Bone","Singing Bowl","Toxic Egg 2","Red Mask","Necronomicon","TwistedFunnel","MawBank","Smiling Mask","Boot"],"potions_floor_usage":[],"damage_taken":[{"damage":0.0,"enemies":"2 Louse","floor":1.0,"turns":2.0},{"damage":0.0,"enemies":"Jaw Worm","floor":5.0,"turns":3.0},{"damage":25.0,"enemies":"Gremlin Nob","floor":6.0,"turns":5.0},{"damage":3.0,"enemies":"Lagavulin","floor":8.0,"turns":8.0},{"damage":5.0,"enemies":"Gremlin Nob","floor":10.0,"turns":4.0},{"damage":0.0,"enemies":"Small Slimes","floor":12.0,"turns":2.0},{"damage":0.0,"enemies":"3 Louse","floor":13.0,"turns":3.0},{"damage":9.0,"enemies":"Exordium Thugs","floor":14.0,"turns":4.0},{"damage":29.0,"enemies":"The Guardian","floor":16.0,"turns":19.0},{"damage":10.0,"enemies":"Spheric Guardian","floor":18.0,"turns":4.0},{"damage":14.0,"enemies":"2 Thieves","floor":19.0,"turns":4.0},{"damage":28.0,"enemies":"Shelled Parasite and Fungi","floor":21.0,"turns":8.0},{"damage":13.0,"enemies":"Colosseum Slavers","floor":22.0,"turns":4.0},{"damage":16.0,"enemies":"Colosseum Nobs","floor":22.0,"turns":4.0},{"damage":33.0,"enemies":"Sentry and Sphere","floor":25.0,"turns":6.0},{"damage":33.0,"enemies":"Snake Plant","floor":28.0,"turns":6.0},{"damage":3.0,"enemies":"Masked Bandits","floor":29.0,"turns":4.0},{"damage":0.0,"enemies":"Shelled Parasite and Fungi","floor":30.0,"turns":7.0},{"damage":27.0,"enemies":"Collector","floor":33.0,"turns":10.0},{"damage":14,"enemies":"Orb Walker","floor":35,"turns":4},{"damage":0,"enemies":"3 Darklings","floor":38,"turns":4},{"damage":10,"enemies":"Reptomancer","floor":40,"turns":7},{"damage":9,"enemies":"Spire Growth","floor":42,"turns":5},{"damage":23,"enemies":"Giant Head","floor":45,"turns":7},{"damage":14,"enemies":"Writhing Mass","floor":46,"turns":7},{"damage":25,"enemies":"Transient","floor":47,"turns":5},{"damage":0,"enemies":"4 Shapes","floor":48,"turns":4},{"damage":14,"enemies":"Donu and Deca","floor":50,"turns":12},{"damage":23,"enemies":"Shield and Spear","floor":54,"turns":7},{"damage":54,"enemies":"The Heart","floor":55,"turns":6}],"seed_played":"-3210243084915338886","potions_obtained":[{"floor":1.0,"key":"SkillPotion"},{"floor":6.0,"key":"Weak Potion"},{"floor":12.0,"key":"LiquidBronze"},{"floor":16.0,"key":"EssenceOfSteel"}],"is_trial":false,"path_per_floor":["M","?","?","$","M","E","R","E","T","E","?","M","M","M","R","B",null,"M","M","?","M","?","R","$","M","T","$","M","?","M","?","R","B",null,"M","$","?","M","?","E","R","M","T","R","E","M","M","M","R","B",null,"R","$","E","B"],"character_chosen":"THE_SILENT","items_purchased":["Mercury Hourglass","Singing Bowl","Deadly Poison","Escape Plan+1","Blur+1","TwistedFunnel","Cloak And Dagger+1","Caltrops","PiercingWail+1","Escape Plan+1","Dark Shackles+1","Master of Strategy+1"],"campfire_rested":3,"item_purchase_floors":[4,24,24,27,36,36,36,53,53,53,53,53],"current_hp_per_floor":[63,63,56,56,56,31,52,49,49,44,37,37,37,28,64,35,61,51,37,37,29,16,45,45,35,35,35,28,33,51,35,35,30,46,42,42,42,48,48,52,52,52,52,52,38,42,37,45,45,47,59,59,59,46,0],"gold":52,"neow_bonus":"UPGRADE_CARD","is_prod":false,"is_daily":false,"chose_seed":false,"campfire_upgraded":4,"win_rate":0,"timestamp":1555889456,"path_taken":["M","?","?","$","M","E","R","E","T","E","?","M","M","M","R","BOSS","M","M","?","M","?","R","?","?","T","$","M","?","M","?","R","BOSS","M","$","?","M","?","E","R","?","T","R","E","M","M","M","R","BOSS","R","$","E","BOSS"],"build_version":"2019-01-23","purchased_purges":1,"victory":false,"max_hp_per_floor":[70,70,70,70,70,70,70,70,70,70,70,70,70,70,70,70,70,70,70,49,49,49,49,49,49,49,49,51,51,51,51,51,51,51,51,51,51,53,53,55,55,57,57,57,59,61,61,63,63,63,63,63,63,65,65],"card_choices":[{"not_picked":["Dagger Spray","Dodge and Roll"],"picked":"Well Laid Plans","floor":1.0},{"not_picked":["Distraction","Deflect"],"picked":"Cloak And Dagger","floor":5.0},{"not_picked":["Dagger Spray","Terror"],"picked":"Dash","floor":6.0},{"not_picked":["Sucker Punch","Terror"],"picked":"Crippling Poison","floor":8.0},{"not_picked":["Reflex","Crippling Poison"],"picked":"Well Laid Plans","floor":10.0},{"not_picked":["Concentrate","Flechettes"],"picked":"PiercingWail","floor":12.0},{"not_picked":["Slice","Quick Slash","Sucker Punch"],"picked":"SKIP","floor":13.0},{"not_picked":["Setup","Finisher","Night Terror"],"picked":"SKIP","floor":14.0},{"not_picked":["Phantasmal Killer","Wraith Form v2"],"picked":"Glass Knife","floor":16.0},{"not_picked":["Outmaneuver","Bane","Acrobatics"],"picked":"SKIP","floor":18.0},{"not_picked":["Poisoned Stab","Slice"],"picked":"Dodge and Roll","floor":19.0},{"not_picked":["Outmaneuver","Acrobatics"],"picked":"Crippling Poison","floor":21.0},{"not_picked":["Poisoned Stab","Tactician"],"picked":"Escape Plan","floor":25.0},{"not_picked":["Deadly Poison+1","Sucker Punch","Escape Plan+1"],"picked":"Singing Bowl","floor":28.0},{"not_picked":["Bane+1","Dodge and Roll+1"],"picked":"Blur+1","floor":29.0},{"not_picked":["Prepared+1","Acrobatics+1"],"picked":"Malaise+1","floor":30.0},{"not_picked":["Die Die Die","Wraith Form v2"],"picked":"Envenom","floor":33.0},{"not_picked":["Accuracy","Masterful Stab+1"],"picked":"Leg Sweep+1","floor":35},{"not_picked":["Sucker Punch","Slice+1","PiercingWail+1"],"picked":"Singing Bowl","floor":38},{"not_picked":["Distraction+1","Acrobatics+1","Deadly Poison+1"],"picked":"Singing Bowl","floor":40},{"not_picked":["Tactician+1","Sucker Punch+1","Flechettes+1"],"picked":"Singing Bowl","floor":42},{"not_picked":["Expertise+1","Blade Dance+1","A Thousand Cuts"],"picked":"Singing Bowl","floor":45},{"not_picked":["Blade Dance+1","Quick Slash+1","All Out Attack+1"],"picked":"Singing Bowl","floor":46},{"not_picked":["Prepared+1","Calculated Gamble+1"],"picked":"Backflip+1","floor":47},{"not_picked":["Poisoned Stab+1","Sucker Punch","Riddle With Holes+1"],"picked":"Singing Bowl","floor":48},{"not_picked":["Escape Plan+1","Tactician+1","Blade Dance+1"],"picked":"Singing Bowl","floor":54}],"player_experience":488163,"relics_obtained":[{"floor":6.0,"key":"PreservedInsect"},{"floor":8.0,"key":"Snake Skull"},{"floor":9.0,"key":"Letter Opener"},{"floor":10.0,"key":"Unceasing Top"},{"floor":22.0,"key":"StoneCalendar"},{"floor":22.0,"key":"Meat on the Bone"},{"floor":26.0,"key":"Toxic Egg 2"},{"floor":29.0,"key":"Red Mask"},{"floor":31.0,"key":"Necronomicon"},{"floor":40,"key":"MawBank"},{"floor":45,"key":"Smiling Mask"},{"floor":54,"key":"Boot"}],"event_choices":[{"damage_healed":0.0,"max_hp_gain":0.0,"max_hp_loss":0.0,"gold_gain":175.0,"event_name":"Liars Game","player_choice":"AGREE","floor":2.0,"gold_loss":0.0,"damage_taken":0.0,"cards_obtained":["Doubt"]},{"cards_removed":["Doubt"],"damage_healed":0.0,"max_hp_gain":0.0,"max_hp_loss":0.0,"gold_gain":0.0,"event_name":"Golden Wing","player_choice":"Card Removal","floor":3.0,"gold_loss":0.0,"damage_taken":7.0},{"damage_healed":0.0,"max_hp_gain":0.0,"max_hp_loss":0.0,"gold_gain":0.0,"event_name":"Scrap Ooze","player_choice":"Success","floor":11.0,"gold_loss":0.0,"damage_taken":7.0,"relics_obtained":["Regal Pillow"]},{"damage_healed":0.0,"max_hp_gain":0.0,"max_hp_loss":21.0,"gold_gain":0.0,"event_name":"Vampires","player_choice":"Became a vampire","floor":20.0,"gold_loss":0.0,"damage_taken":0.0,"cards_obtained":["Bite","Bite","Bite","Bite","Bite"]},{"damage_healed":0.0,"max_hp_gain":0.0,"max_hp_loss":0.0,"gold_gain":0.0,"event_name":"Colosseum","player_choice":"Fight","floor":22.0,"gold_loss":0.0,"damage_taken":0.0},{"damage_healed":0.0,"max_hp_gain":0.0,"max_hp_loss":0.0,"gold_gain":0.0,"event_name":"Colosseum","player_choice":"Fought Nobs","floor":22.0,"gold_loss":0.0,"damage_taken":0.0},{"damage_healed":0.0,"max_hp_gain":0.0,"max_hp_loss":0.0,"gold_gain":0.0,"event_name":"Masked Bandits","player_choice":"Fought Bandits","floor":29.0,"gold_loss":0.0,"damage_taken":0.0},{"damage_healed":0.0,"max_hp_gain":0.0,"max_hp_loss":0.0,"gold_gain":0.0,"event_name":"Cursed Tome","player_choice":"Obtained Book","floor":31.0,"gold_loss":0.0,"damage_taken":16.0},{"damage_healed":0,"gold_gain":222,"player_choice":"Wore Mask","damage_taken":0,"max_hp_gain":0,"max_hp_loss":0,"event_name":"Tomb of Lord Red Mask","floor":37,"gold_loss":0},{"damage_healed":0,"gold_gain":0,"player_choice":"Upgraded Two","damage_taken":0,"max_hp_gain":0,"max_hp_loss":0,"event_name":"Designer","floor":39,"gold_loss":40,"cards_upgraded":["Survivor","Escape Plan"]}],"is_beta":false,"boss_relics":[{"not_picked":["Ectoplasm","Runic Dome"],"picked":"Sozu"},{"not_picked":["HoveringKite","Cursed Key"],"picked":"Ring of the Serpent"}],"items_purged_floors":[53],"is_endless":false,"potions_floor_spawned":[1,6,12,16,21,22,28,29,33,42,45,46],"killed_by":"The Heart","ascension_level":7}