{"gold_per_floor":[117,132,145,161,180,180,213,233,233,233,264,264,14,29,29,127,127,127,127,127,127,127,127,127,127,127,127,127,127,127,127,127,127,127,127,127,127,127,127,127,127,127,127,127,127,127,47,47,47,47],"floor_reached":50,"playtime":3499,"items_purged":["Strike_R"],"score":727,"play_id":"abfbac4e-4f6b-40eb-93a3-def9d5a1b33c","local_time":"20190730124001","is_ascension_mode":true,"campfire_choices":[{"data":"Infernal Blade","floor":6.0,"key":"SMITH"},{"floor":10.0,"key":"REST"},{"data":"Armaments","floor":12.0,"key":"SMITH"},{"floor":15.0,"key":"REST"},{"floor":24.0,"key":"REST"},{"floor":27.0,"key":"REST"},{"data":"Limit Break","floor":29.0,"key":"SMITH"},{"floor":32.0,"key":"REST"},{"floor":40.0,"key":"REST"},{"floor":49,"key":"REST"}],"neow_cost":"NONE","seed_source_timestamp":0,"circlet_count":0,"master_deck":["Defend_R","Defend_R","Defend_R","Defend_R","Bash","Sever Soul","Infernal Blade+1","Headbutt","Spot Weakness","True Grit","Clothesline","Sentinel","Havoc","Armaments+1","Carnage","Ghostly Armor","Inflame","Thunderclap","Limit Break+1","Battle Trance","Heavy Blade","Combust+1","Pommel Strike+1","Second Wind","Offering","Double Tap","Offering+1","Sword Boomerang+1","Shockwave+1","Burning Pact+1","Twin Strike","Immolate","Parasite","Impervious","Shrug It Off+1","Violence","Ghostly Armor","True Grit","Second Wind"],"special_seed":0,"relics":["Burning Blood","Oddly Smooth Stone","Shuriken","Kunai","Ectoplasm","Letter Opener","Singing Bowl","Meat on the Bone","Torii","Astrolabe","Boot"],"potions_floor_usage":[45,50,50],"damage_taken":[{"damage":2.0,"enemies":"2 Louse","floor":1.0,"turns":3.0},{"damage":7.0,"enemies":"Jaw Worm","floor":2.0,"turns":2.0},{"damage":1.0,"enemies":"Cultist","floor":3.0,"turns":3.0},{"damage":9.0,"enemies":"2 Fungi Beasts","floor":4.0,"turns":2.0},{"damage":15.0,"enemies":"Exordium Wildlife","floor":5.0,"turns":3.0},{"damage":43.0,"enemies":"Lagavulin","floor":7.0,"turns":8.0},{"damage":0.0,"enemies":"Large Slime","floor":8.0,"turns":4.0},{"damage":16.0,"enemies":"Gremlin Nob","floor":11.0,"turns":3.0},{"damage":4.0,"enemies":"Blue Slaver","floor":14.0,"turns":3.0},{"damage":38.0,"enemies":"The Guardian","floor":16.0,"turns":10.0},{"damage":9.0,"enemies":"Spheric Guardian","floor":18.0,"turns":5.0},{"damage":2.0,"enemies":"Chosen","floor":20.0,"turns":5.0},{"damage":8.0,"enemies":"Shelled Parasite and Fungi","floor":22.0,"turns":4.0},{"damage":22.0,"enemies":"Gremlin Leader","floor":23.0,"turns":5.0},{"damage":32.0,"enemies":"Slavers","floor":25.0,"turns":5.0},{"damage":40.0,"enemies":"Gremlin Leader","floor":28.0,"turns":4.0},{"damage":12.0,"enemies":"Colosseum Slavers","floor":30.0,"turns":3.0},{"damage":20.0,"enemies":"Centurion and Healer","floor":31.0,"turns":2.0},{"damage":66.0,"enemies":"Automaton","floor":33.0,"turns":7.0},{"damage":22.0,"enemies":"Orb Walker","floor":35.0,"turns":2.0},{"damage":6.0,"enemies":"3 Shapes","floor":36.0,"turns":4.0},{"damage":32.0,"enemies":"3 Darklings","floor":38.0,"turns":4.0},{"damage":26.0,"enemies":"Writhing Mass","floor":39.0,"turns":5.0},{"damage":27.0,"enemies":"Sphere and 2 Shapes","floor":41.0,"turns":4.0},{"damage":27.0,"enemies":"Spire Growth","floor":42.0,"turns":5.0},{"damage":18,"enemies":"Writhing Mass","floor":44,"turns":5},{"damage":23,"enemies":"3 Darklings","floor":45,"turns":3},{"damage":12,"enemies":"4 Shapes","floor":48,"turns":9},{"damage":74,"enemies":"Awakened One","floor":50,"turns":5}],"seed_played":"-2377422636685337514","potions_obtained":[{"floor":3.0,"key":"GamblersBrew"},{"floor":8.0,"key":"Fire Potion"},{"floor":11.0,"key":"PowerPotion"},{"floor":22.0,"key":"Explosive Potion"},{"floor":23.0,"key":"SteroidPotion"},{"floor":28.0,"key":"AttackPotion"},{"floor":35.0,"key":"Dexterity Potion"},{"floor":38.0,"key":"Explosive Potion"},{"floor":45,"key":"Poison Potion"}],"is_trial":false,"path_per_floor":["M","M","M","M","M","R","E","M","T","R","E","R","$","M","R","B",null,"M","$","M","$","M","E","R","E","T","R","E","R","?","M","R","B",null,"M","M","?","M","M","R","M","M","T","M","M","?","$","M","R","B"],"character_chosen":"IRONCLAD","items_purchased":["Carnage","Ghostly Armor","Inflame","Ghostly Armor","True Grit"],"campfire_rested":7,"item_purchase_floors":[13,13,13,47,47],"current_hp_per_floor":[76,75,80,77,68,68,31,37,37,61,51,51,51,53,77,45,71,68,68,72,72,70,54,78,52,52,76,54,54,48,48,72,24,68,52,52,52,38,32,57,50,43,43,43,38,38,38,44,70,0],"gold":47,"neow_bonus":"TRANSFORM_CARD","is_prod":false,"is_daily":false,"chose_seed":false,"campfire_upgraded":3,"win_rate":0,"timestamp":1564486801,"path_taken":["M","M","M","M","M","R","E","M","T","R","E","R","$","M","R","BOSS","M","$","M","$","M","E","R","E","T","R","E","R","?","M","R","BOSS","M","M","?","?","M","R","M","M","T","M","M","?","?","M","R","BOSS"],"build_version":"2019-07-17","purchased_purges":1,"victory":false,"max_hp_per_floor":[80,80,80,80,80,80,80,80,80,80,80,80,80,80,80,80,80,80,80,80,80,80,80,80,80,80,80,80,80,80,82,82,82,82,82,82,82,82,84,84,86,88,88,88,88,88,88,88,88,88],"card_choices":[{"not_picked":["Body Slam","Bloodletting"],"picked":"Infernal Blade","floor":1.0},{"not_picked":["Corruption","Searing Blow"],"picked":"Headbutt","floor":2.0},{"not_picked":["Body Slam","Flex"],"picked":"Spot Weakness","floor":3.0},{"not_picked":["Carnage","Double Tap"],"picked":"True Grit","floor":4.0},{"not_picked":["True Grit","Rampage"],"picked":"Clothesline","floor":5.0},{"not_picked":["Dark Embrace","Clothesline"],"picked":"Sentinel","floor":7.0},{"not_picked":["Headbutt","Flex"],"picked":"Havoc","floor":8.0},{"not_picked":["Seeing Red","Body Slam"],"picked":"Armaments","floor":11.0},{"not_picked":["Shrug It Off","True Grit"],"picked":"Thunderclap","floor":14.0},{"not_picked":["Barricade","Exhume"],"picked":"Limit Break","floor":16.0},{"not_picked":["Clash+1","True Grit"],"picked":"Battle Trance","floor":18.0},{"not_picked":["Body Slam","Clothesline+1"],"picked":"Heavy Blade","floor":20.0},{"not_picked":["True Grit","Uppercut"],"picked":"Combust+1","floor":22.0},{"not_picked":["Headbutt+1","Perfected Strike"],"picked":"Pommel Strike+1","floor":23.0},{"not_picked":["Warcry","Wild Strike"],"picked":"Second Wind","floor":25.0},{"not_picked":["Warcry","Thunderclap"],"picked":"Offering","floor":28.0},{"not_picked":["Hemokinesis","Body Slam+1","Heavy Blade"],"picked":"Singing Bowl","floor":31.0},{"not_picked":["Offering","Bludgeon"],"picked":"Double Tap","floor":33.0},{"not_picked":["Wild Strike","Armaments+1"],"picked":"Burning Pact+1","floor":35.0},{"not_picked":["Metallicize","Clash+1"],"picked":"Twin Strike","floor":36.0},{"not_picked":["Seeing Red+1","Evolve+1"],"picked":"Immolate","floor":38.0},{"not_picked":["Clothesline+1","Heavy Blade+1","Anger+1"],"picked":"Singing Bowl","floor":39.0},{"not_picked":["Evolve+1","Thunderclap","Sever Soul"],"picked":"Singing Bowl","floor":41.0},{"not_picked":["Battle Trance+1","Anger+1","Twin Strike"],"picked":"Singing Bowl","floor":42.0},{"not_picked":["Headbutt+1","Armaments+1"],"picked":"Impervious","floor":44},{"not_picked":["Hemokinesis+1","Pommel Strike+1"],"picked":"Shrug It Off+1","floor":45},{"not_picked":["Impatience","Transmutation"],"picked":"Violence","floor":46},{"not_picked":["Armaments+1","Infernal Blade+1"],"picked":"Second Wind","floor":48}],"player_experience":215101,"relics_obtained":[{"floor":7.0,"key":"Oddly Smooth Stone"},{"floor":9.0,"key":"Shuriken"},{"floor":11.0,"key":"Kunai"},{"floor":23.0,"key":"Letter Opener"},{"floor":25.0,"key":"Singing Bowl"},{"floor":26.0,"key":"Meat on the Bone"},{"floor":28.0,"key":"Torii"},{"floor":43.0,"key":"Boot"}],"event_choices":[{"damage_healed":0.0,"max_hp_gain":0.0,"max_hp_loss":0.0,"gold_gain":0.0,"event_name":"Colosseum","player_choice":"Fight","floor":30.0,"gold_loss":0.0,"damage_taken":0.0},{"damage_healed":0.0,"max_hp_gain":0.0,"max_hp_loss":0.0,"gold_gain":0.0,"event_name":"Colosseum","player_choice":"Fled From Nobs","floor":30.0,"gold_loss":0.0,"damage_taken":0.0},{"damage_healed":0.0,"max_hp_gain":0.0,"max_hp_loss":0.0,"gold_gain":100.0,"event_name":"Golden Shrine","player_choice":"Pray","floor":37.0,"gold_loss":0.0,"damage_taken":0.0},{"damage_healed":0,"gold_gain":0,"player_choice":"Memory 1","damage_taken":0,"max_hp_gain":0,"max_hp_loss":0,"event_name":"SensoryStone","floor":46,"gold_loss":0}],"is_beta":false,"boss_relics":[{"not_picked":["Snecko Eye","White Beast Statue"],"picked":"Ectoplasm"},{"not_picked":["Runic Pyramid","Orrery"],"picked":"Astrolabe"}],"items_purged_floors":[13],"is_endless":false,"potions_floor_spawned":[3,8,11,14,22,23,28,30,35,38,45],"killed_by":"Awakened One","ascension_level":7}