{"gold_per_floor":[115,128,128,128,128,128,166,166,166,206,206,219,262,278,278,409,409,422,17,37,60,74,74,110,122,134,146,158,211,223,251,263,396,408,440,452,464,489,60,60],"floor_reached":40,"playtime":3574,"items_purged":["Strike_B"],"score":560,"play_id":"115348f5-4b61-4e78-acc3-c6b05b3d89ac","local_time":"20190130203516","is_ascension_mode":true,"campfire_choices":[{"floor":6.0,"key":"REST"},{"data":"Loop","floor":8.0,"key":"SMITH"},{"floor":11.0,"key":"REST"},{"floor":15.0,"key":"REST"},{"floor":23,"key":"REST"},{"floor":25,"key":"REST"},{"floor":27,"key":"REST"},{"floor":32,"key":"REST"}],"neow_cost":"NONE","seed_source_timestamp":0,"circlet_count":0,"master_deck":["Defend_B","Defend_B","Defend_B","Zap","Dualcast","Ball Lightning","Gash","Loop+1","Chaos","Barrage","Electrodynamics","Reinforced Body","Core Surge","Apotheosis","Barrage","White Noise+1","Capacitor","Cold Snap","Creative AI","Leap+1","Redo+1","Self Repair","Conserve Battery+1","Bandage Up+1"],"special_seed":0,"relics":["Cracked Core","NeowsBlessing","Blue Candle","Golden Idol","Bag of Marbles","Shuriken","Centennial Puzzle","Lantern","Snecko Eye","PreservedInsect","MawBank","Nilry\u0027s Codex","Toxic Egg 2","Empty Cage","Omamori"],"potions_floor_usage":[22,24,35,40,40],"damage_taken":[{"damage":0.0,"enemies":"Cultist","floor":1.0,"turns":1.0},{"damage":0.0,"enemies":"2 Louse","floor":2.0,"turns":1.0},{"damage":0.0,"enemies":"3 Sentries","floor":7.0,"turns":1.0},{"damage":25.0,"enemies":"Lagavulin","floor":10.0,"turns":6.0},{"damage":0.0,"enemies":"Small Slimes","floor":12.0,"turns":3.0},{"damage":25.0,"enemies":"3 Sentries","floor":13.0,"turns":7.0},{"damage":4.0,"enemies":"Red Slaver","floor":14.0,"turns":2.0},{"damage":28.0,"enemies":"The Guardian","floor":16.0,"turns":11.0},{"damage":13.0,"enemies":"3 Byrds","floor":18.0,"turns":2.0},{"damage":0,"enemies":"Chosen","floor":20,"turns":3},{"damage":21,"enemies":"Sentry and Sphere","floor":21,"turns":4},{"damage":0,"enemies":"Cultist and Chosen","floor":22,"turns":6},{"damage":35,"enemies":"Book of Stabbing","floor":24,"turns":5},{"damage":4,"enemies":"Gremlin Leader","floor":29,"turns":4},{"damage":0,"enemies":"Snecko","floor":31,"turns":3},{"damage":20,"enemies":"Automaton","floor":33,"turns":7},{"damage":27,"enemies":"3 Darklings","floor":35,"turns":3},{"damage":27,"enemies":"Orb Walker","floor":38,"turns":3},{"damage":53,"enemies":"Giant Head","floor":40,"turns":7}],"seed_played":"1827042689569283260","potions_obtained":[{"floor":10.0,"key":"FearPotion"},{"floor":12.0,"key":"SpeedPotion"},{"floor":13.0,"key":"Dexterity Potion"},{"floor":20,"key":"SkillPotion"},{"floor":22,"key":"Ancient Potion"},{"floor":24,"key":"AttackPotion"},{"floor":29,"key":"PowerPotion"},{"floor":38,"key":"SpeedPotion"}],"is_trial":false,"path_per_floor":["M","M","?","?","?","R","E","R","T","E","R","M","E","M","R","B",null,"M","$","M","M","M","R","E","R","T","R","?","E","?","M","R","B",null,"M","?","?","M","$","E"],"character_chosen":"DEFECT","items_purchased":["Apotheosis","PreservedInsect","Regen Potion","Self Repair","Conserve Battery+1","Omamori","Bandage Up+1"],"campfire_rested":7,"item_purchase_floors":[19,19,39,39,39,39,39],"current_hp_per_floor":[75,75,57,39,32,54,54,54,54,29,51,51,26,22,44,16,75,62,62,62,41,41,63,28,50,50,72,56,52,52,52,74,54,75,48,48,48,21,21,0],"gold":60,"neow_bonus":"THREE_ENEMY_KILL","is_prod":false,"is_daily":false,"chose_seed":false,"campfire_upgraded":1,"win_rate":0,"timestamp":1548909316,"path_taken":["M","M","?","?","?","R","E","R","T","E","R","M","E","M","R","BOSS","M","$","M","M","M","R","E","R","T","R","?","E","?","?","R","BOSS","M","?","?","M","$","E"],"build_version":"2019-01-23","purchased_purges":1,"victory":false,"max_hp_per_floor":[75,75,75,75,75,75,75,75,75,75,75,75,75,75,75,75,75,75,75,75,75,75,75,75,75,75,75,75,75,75,75,75,75,75,75,75,75,75,75,75],"card_choices":[{"not_picked":["Leap","Cold Snap"],"picked":"Ball Lightning","floor":1.0},{"not_picked":["Blizzard","Recycle"],"picked":"Gash","floor":2.0},{"not_picked":["Leap","Amplify"],"picked":"Loop","floor":7.0},{"not_picked":["Barrage","Amplify"],"picked":"Chaos","floor":10.0},{"not_picked":["Beam Cell","Leap"],"picked":"Barrage","floor":12.0},{"not_picked":["Melter","Hologram"],"picked":"Electrodynamics","floor":13.0},{"not_picked":["Turbo","Steam Power"],"picked":"Reinforced Body","floor":14.0},{"not_picked":["Meteor Strike","Multi-Cast"],"picked":"Core Surge","floor":16.0},{"not_picked":["Recycle+1","Loop"],"picked":"Sweeping Beam","floor":18.0},{"not_picked":["Turbo","Compile Driver"],"picked":"Barrage","floor":20},{"not_picked":["Streamline","Turbo"],"picked":"White Noise+1","floor":21},{"not_picked":["Consume","Undo+1"],"picked":"Capacitor","floor":22},{"not_picked":["Ball Lightning","Reinforced Body+1"],"picked":"Cold Snap","floor":24},{"not_picked":["Hologram","Go for the Eyes","Thunder Strike"],"picked":"SKIP","floor":29},{"not_picked":["Sweeping Beam+1","Rebound+1","Compile Driver"],"picked":"SKIP","floor":31},{"not_picked":["Amplify+1","Fission+1"],"picked":"Creative AI","floor":33},{"not_picked":["Auto Shields+1","Turbo+1"],"picked":"Leap+1","floor":35},{"not_picked":["Skim+1","Streamline+1"],"picked":"Redo+1","floor":38}],"player_experience":263882,"relics_obtained":[{"floor":7.0,"key":"Bag of Marbles"},{"floor":9.0,"key":"Shuriken"},{"floor":10.0,"key":"Centennial Puzzle"},{"floor":13.0,"key":"Lantern"},{"floor":24,"key":"MawBank"},{"floor":28,"key":"Nilry\u0027s Codex"},{"floor":29,"key":"Toxic Egg 2"}],"event_choices":[{"damage_healed":0.0,"max_hp_gain":0.0,"max_hp_loss":0.0,"gold_gain":0.0,"event_name":"Scrap Ooze","player_choice":"Success","floor":3.0,"gold_loss":0.0,"damage_taken":18.0,"relics_obtained":["Blue Candle"]},{"damage_healed":0.0,"max_hp_gain":0.0,"max_hp_loss":0.0,"gold_gain":0.0,"event_name":"Golden Idol","player_choice":"Take Damage","floor":4.0,"gold_loss":0.0,"damage_taken":18.0,"relics_obtained":["Golden Idol"]},{"cards_removed":["Strike_B"],"damage_healed":0.0,"max_hp_gain":0.0,"max_hp_loss":0.0,"gold_gain":0.0,"event_name":"Golden Wing","player_choice":"Card Removal","floor":5.0,"gold_loss":0.0,"damage_taken":7.0},{"damage_healed":0,"gold_gain":0,"player_choice":"Obtained Book","damage_taken":16,"max_hp_gain":0,"max_hp_loss":0,"event_name":"Cursed Tome","floor":28,"gold_loss":0},{"cards_removed":["Strike_B"],"damage_healed":0,"gold_gain":0,"player_choice":"Purged","damage_taken":0,"max_hp_gain":0,"max_hp_loss":0,"event_name":"Purifier","floor":30,"gold_loss":0},{"damage_healed":0,"gold_gain":0,"player_choice":"Ignored","damage_taken":0,"max_hp_gain":0,"max_hp_loss":0,"event_name":"Mysterious Sphere","floor":36,"gold_loss":0},{"cards_removed":["Defend_B"],"damage_healed":0,"gold_gain":0,"player_choice":"Removed Skill","damage_taken":0,"max_hp_gain":0,"max_hp_loss":0,"event_name":"Falling","floor":37,"gold_loss":0}],"is_beta":false,"boss_relics":[{"not_picked":["Black Star","Astrolabe"],"picked":"Snecko Eye"},{"not_picked":["Busted Crown","Orrery"],"picked":"Empty Cage"}],"items_purged_floors":[19],"is_endless":false,"potions_floor_spawned":[10,12,13,20,22,24,29,33,38],"killed_by":"Giant Head","ascension_level":4}