{"gold_per_floor":[119,132,4,4,22,55,67,95,95,95,60,60,60,80,80,184,184,204,114,132,32,47,79,79,90,90,102,118,153,169,182,182,284,284,298,316,333,122,0,0,14,42,42,42],"floor_reached":44,"playtime":6318,"items_purged":["Strike_G","Defend_G","Regret"],"score":624,"play_id":"94d9796d-9cf0-4ab7-a1c5-814a0f226fcf","local_time":"20181110154829","is_ascension_mode":true,"campfire_choices":[{"floor":12,"key":"REST"},{"data":"Deadly Poison","floor":15,"key":"SMITH"},{"data":"A Thousand Cuts","floor":24,"key":"SMITH"},{"data":"Footwork","floor":32,"key":"SMITH"},{"floor":40,"key":"REST"}],"neow_cost":"NONE","seed_source_timestamp":1016231946932410,"circlet_count":0,"master_deck":["Defend_G","Defend_G+1","Defend_G","Defend_G","Strike_G","Strike_G+1","Strike_G","Survivor+1","Neutralize+1","Deadly Poison+1","Dagger Spray+1","Cloak And Dagger","Dash+1","Deadly Poison","PiercingWail","Phantasmal Killer","Catalyst","Cloak And Dagger+1","Dagger Spray+1","A Thousand Cuts+1","Footwork+1","Bane","Noxious Fumes","Prepared+1","Blur","Poisoned Stab","After Image","Infinite Blades","Cloak And Dagger+1","PiercingWail+1","Accuracy","Escape Plan+1","Clumsy"],"relics":["Ring of the Serpent","Whetstone","Pen Nib","Mercury Hourglass","FossilizedHelix","Cursed Key","Calipers","Darkstone Periapt","Art of War","Red Mask","Turnip","Molten Egg 2"],"potions_floor_usage":[6,16,16,22,22,25,25,27,30,31,33,41,41,44],"damage_taken":[{"damage":2,"enemies":"Small Slimes","floor":1,"turns":8},{"damage":0,"enemies":"2 Louse","floor":2,"turns":3},{"damage":0,"enemies":"Jaw Worm","floor":5,"turns":3},{"damage":7,"enemies":"Lagavulin","floor":6,"turns":8},{"damage":0,"enemies":"3 Louse","floor":7,"turns":3},{"damage":17,"enemies":"3 Sentries","floor":8,"turns":8},{"damage":0,"enemies":"Gremlin Gang","floor":14,"turns":2},{"damage":0,"enemies":"Slime Boss","floor":16,"turns":10},{"damage":0,"enemies":"Chosen","floor":18,"turns":4},{"damage":0,"enemies":"2 Thieves","floor":20,"turns":3},{"damage":0,"enemies":"Snake Plant","floor":22,"turns":3},{"damage":0,"enemies":"Slavers","floor":23,"turns":3},{"damage":0,"enemies":"Cultist and Chosen","floor":25,"turns":5},{"damage":0,"enemies":"Centurion and Healer","floor":27,"turns":5},{"damage":0,"enemies":"Snecko","floor":28,"turns":5},{"damage":0,"enemies":"Book of Stabbing","floor":29,"turns":5},{"damage":0,"enemies":"Sentry and Sphere","floor":30,"turns":3},{"damage":0,"enemies":"Centurion and Healer","floor":31,"turns":4},{"damage":32,"enemies":"Automaton","floor":33,"turns":11},{"damage":25,"enemies":"3 Darklings","floor":35,"turns":4},{"damage":8,"enemies":"Orb Walker","floor":36,"turns":4},{"damage":20,"enemies":"Sphere and 2 Shapes","floor":37,"turns":5},{"damage":2,"enemies":"Transient","floor":41,"turns":5},{"damage":16,"enemies":"Reptomancer","floor":42,"turns":6},{"damage":40,"enemies":"Giant Head","floor":44,"turns":9}],"seed_played":"-2468820310868323208","potions_obtained":[{"floor":1,"key":"SpeedPotion"},{"floor":2,"key":"Dexterity Potion"},{"floor":6,"key":"EssenceOfSteel"},{"floor":8,"key":"Poison Potion"},{"floor":16,"key":"Poison Potion"},{"floor":18,"key":"Ancient Potion"},{"floor":22,"key":"GamblersBrew"},{"floor":23,"key":"Block Potion"},{"floor":28,"key":"Block Potion"},{"floor":29,"key":"GamblersBrew"},{"floor":30,"key":"AttackPotion"},{"floor":36,"key":"SkillPotion"},{"floor":41,"key":"Block Potion"}],"is_trial":false,"path_per_floor":["M","M","$","?","M","E","M","E","T","?","?","R","?","M","R","B",null,"M","?","M","$","M","E","R","M","T","M","M","E","M","M","R","B",null,"M","M","M","$","?","R","M","E","T","E"],"character_chosen":"THE_SILENT","items_purchased":["Cloak And Dagger","Accuracy","Block Potion"],"campfire_rested":2,"item_purchase_floors":[3,38,38],"current_hp_per_floor":[75,75,75,60,60,53,53,36,36,24,43,66,66,66,66,66,77,77,77,77,77,77,77,77,77,77,77,77,77,77,77,77,45,77,52,44,24,24,24,47,45,29,35,0],"gold":42,"neow_bonus":"TEN_PERCENT_HP_BONUS","is_prod":false,"is_daily":false,"chose_seed":false,"campfire_upgraded":3,"win_rate":0,"timestamp":1541893709,"path_taken":["M","M","$","?","M","E","M","E","T","?","?","R","?","?","R","BOSS","M","?","M","$","M","E","R","M","T","M","M","E","M","?","R","BOSS","M","M","M","$","?","R","M","E","T","E"],"build_version":"2018-11-08","purchased_purges":3,"victory":false,"max_hp_per_floor":[77,77,77,77,77,77,77,77,77,77,77,77,77,77,77,77,77,77,77,77,77,77,77,77,77,77,77,77,77,77,77,77,77,77,77,77,77,77,77,77,77,77,83,83],"card_choices":[{"not_picked":["Acrobatics","Dodge and Roll"],"picked":"Deadly Poison","floor":1},{"not_picked":["Tactician","Slice"],"picked":"Dagger Spray","floor":2},{"not_picked":["Glass Knife","All Out Attack","Outmaneuver"],"picked":"SKIP","floor":5},{"not_picked":["Reflex","All Out Attack"],"picked":"Dash","floor":6},{"not_picked":["Terror","Quick Slash"],"picked":"Deadly Poison","floor":7},{"not_picked":["Outmaneuver","Wraith Form v2","Night Terror"],"picked":"SKIP","floor":8},{"not_picked":["Slice","Choke"],"picked":"PiercingWail","floor":14},{"not_picked":["Night Terror","Storm of Steel"],"picked":"Phantasmal Killer","floor":16},{"not_picked":["Eviscerate+1","Slice"],"picked":"Catalyst","floor":18},{"not_picked":["Deflect","Flying Knee+1"],"picked":"Cloak And Dagger+1","floor":20},{"not_picked":["PiercingWail","Deflect"],"picked":"Dagger Spray+1","floor":22},{"not_picked":["Underhanded Strike","Cloak And Dagger"],"picked":"A Thousand Cuts","floor":23},{"not_picked":["Blade Dance+1","Crippling Poison"],"picked":"Footwork","floor":25},{"not_picked":["Slice","PiercingWail"],"picked":"Bane","floor":27},{"not_picked":["Acrobatics+1","Slice+1"],"picked":"Noxious Fumes","floor":28},{"not_picked":["Unload","Bouncing Flask+1"],"picked":"Prepared+1","floor":29},{"not_picked":["Quick Slash+1","Blade Dance"],"picked":"Blur","floor":30},{"not_picked":["Flying Knee","Prepared"],"picked":"Poisoned Stab","floor":31},{"not_picked":["Die Die Die","Adrenaline"],"picked":"After Image","floor":33},{"not_picked":["Slice","Underhanded Strike"],"picked":"Infinite Blades","floor":35},{"not_picked":["Backflip","Eviscerate+1"],"picked":"Cloak And Dagger+1","floor":36},{"not_picked":["Deadly Poison+1","Slice+1"],"picked":"PiercingWail+1","floor":37},{"not_picked":["Leg Sweep","Endless Agony+1","Dodge and Roll+1"],"picked":"SKIP","floor":41},{"not_picked":["Catalyst","Blade Dance"],"picked":"Escape Plan+1","floor":42}],"player_experience":192375,"relics_obtained":[{"floor":6,"key":"Whetstone"},{"floor":8,"key":"Pen Nib"},{"floor":9,"key":"Mercury Hourglass"},{"floor":23,"key":"Calipers"},{"floor":26,"key":"Darkstone Periapt"},{"floor":29,"key":"Art of War"},{"floor":42,"key":"Turnip"},{"floor":43,"key":"Molten Egg 2"}],"event_choices":[{"damage_healed":0,"gold_gain":0,"player_choice":"Entered Light","damage_taken":15,"max_hp_gain":0,"max_hp_loss":0,"event_name":"Shining Light","floor":4,"gold_loss":0,"cards_upgraded":["Strike_G","Survivor"]},{"damage_healed":0,"gold_gain":0,"player_choice":"Success","damage_taken":12,"relics_obtained":["FossilizedHelix"],"max_hp_gain":0,"max_hp_loss":0,"event_name":"Scrap Ooze","floor":10,"gold_loss":0},{"damage_healed":19,"gold_gain":0,"player_choice":"Healed","damage_taken":0,"max_hp_gain":0,"max_hp_loss":0,"event_name":"The Cleric","floor":11,"gold_loss":35},{"damage_healed":0,"gold_gain":0,"player_choice":"Grow","damage_taken":0,"max_hp_gain":0,"max_hp_loss":0,"event_name":"Living Wall","floor":13,"gold_loss":0,"cards_upgraded":["Dash"]},{"cards_removed":["Strike_G"],"damage_healed":0,"gold_gain":0,"player_choice":"Upgrade and Remove","damage_taken":0,"max_hp_gain":0,"max_hp_loss":0,"event_name":"Designer","floor":19,"gold_loss":90,"cards_upgraded":["Defend_G"]},{"damage_healed":0,"gold_gain":0,"player_choice":"Paid","damage_taken":0,"relics_obtained":["Red Mask"],"max_hp_gain":0,"max_hp_loss":0,"event_name":"Tomb of Lord Red Mask","floor":39,"gold_loss":122}],"is_beta":false,"boss_relics":[{"not_picked":["Empty Cage","Calling Bell"],"picked":"Cursed Key"},{"not_picked":["HoveringKite","Astrolabe"],"picked":"Ring of the Serpent"}],"items_purged_floors":[3,21,38],"is_endless":false,"potions_floor_spawned":[1,2,6,8,16,18,22,23,28,29,30,36,41],"killed_by":"Giant Head","ascension_level":1}