{"gold_per_floor":[113,113,183,203,215,215,228,74,74,74,7,20,20,20,20,140,140,153,171,171,196,216,216,68,86,112,112,112,123,123,123,123,123],"floor_reached":33,"playtime":7388,"items_purged":["Injury"],"score":237,"play_id":"ff949496-1e85-4977-bae0-dc18c088dcf4","local_time":"20190621194148","is_ascension_mode":false,"campfire_choices":[{"data":"Redo","floor":6.0,"key":"SMITH"},{"floor":15.0,"key":"REST"},{"floor":23.0,"key":"REST"},{"data":"Buffer","floor":28.0,"key":"SMITH"},{"floor":32,"key":"REST"}],"neow_cost":"NONE","seed_source_timestamp":0,"circlet_count":0,"master_deck":["Strike_B","Strike_B","Strike_B","Defend_B","Defend_B+1","Defend_B","Defend_B+1","Zap","Dualcast","Redo+1","Doom and Gloom","Streamline","Seek","Self Repair","Buffer+1","Double Energy+1","Conserve Battery","Cold Snap+1","Chill","Defragment","Double Energy+1","Coolheaded","Gash"],"special_seed":0,"relics":["Cracked Core","NeowsBlessing","Kunai","Happy Flower","Pantograph","Bloody Idol","Oddly Smooth Stone","Lizard Tail","Omamori","Centennial Puzzle"],"potions_floor_usage":[29],"damage_taken":[{"damage":0.0,"enemies":"Small Slimes","floor":1.0,"turns":1.0},{"damage":0.0,"enemies":"Jaw Worm","floor":4.0,"turns":1.0},{"damage":0.0,"enemies":"Cultist","floor":5.0,"turns":1.0},{"damage":0.0,"enemies":"3 Louse","floor":7.0,"turns":2.0},{"damage":23.0,"enemies":"Exordium Thugs","floor":12.0,"turns":4.0},{"damage":32.0,"enemies":"The Guardian","floor":16.0,"turns":9.0},{"damage":21.0,"enemies":"3 Byrds","floor":18.0,"turns":5.0},{"damage":9.0,"enemies":"Chosen","floor":19.0,"turns":5.0},{"damage":30.0,"enemies":"Centurion and Healer","floor":21.0,"turns":9.0},{"damage":57.0,"enemies":"Cultist and Chosen","floor":22.0,"turns":9.0},{"damage":5.0,"enemies":"Shelled Parasite and Fungi","floor":25.0,"turns":8.0},{"damage":21,"enemies":"Snake Plant","floor":29,"turns":6},{"damage":77,"enemies":"Collector","floor":33,"turns":13}],"seed_played":"7963866213717798175","potions_obtained":[{"floor":5.0,"key":"SneckoOil"},{"floor":12.0,"key":"Ancient Potion"},{"floor":16.0,"key":"Dexterity Potion"},{"floor":18.0,"key":"Explosive Potion"},{"floor":22.0,"key":"Energy Potion"}],"is_trial":false,"path_per_floor":["M","?","T","M","M","R","M","$","T","?","$","M","?","?","R","B",null,"M","M","?","M","M","R","$","M","T","?","R","M","?","?","R","B"],"character_chosen":"DEFECT","items_purchased":["Happy Flower","Self Repair","Defragment"],"campfire_rested":3,"item_purchase_floors":[8,11,24],"current_hp_per_floor":[75,75,75,75,75,75,75,75,75,75,75,52,37,12,34,34,75,54,52,52,29,23,45,45,47,47,47,47,38,38,38,60,0],"gold":123,"neow_bonus":"THREE_ENEMY_KILL","is_prod":false,"is_daily":false,"chose_seed":false,"campfire_upgraded":2,"win_rate":0.0,"timestamp":1561142508,"path_taken":["M","?","?","?","M","R","M","?","T","?","$","?","?","?","R","BOSS","M","M","?","?","M","R","$","M","T","?","R","M","?","?","R","BOSS"],"build_version":"2019-01-23","purchased_purges":1,"victory":false,"max_hp_per_floor":[75,75,75,75,75,75,75,75,75,75,75,75,75,75,75,75,75,75,75,75,75,75,75,75,75,75,75,75,75,75,75,75,75],"card_choices":[{"not_picked":["Undo","Sweeping Beam"],"picked":"Redo","floor":1.0},{"not_picked":["Steam","Stack"],"picked":"Doom and Gloom","floor":4.0},{"not_picked":["Stack","Storm"],"picked":"Streamline","floor":5.0},{"not_picked":["Turbo","Melter"],"picked":"Seek","floor":7.0},{"not_picked":["Go for the Eyes","Beam Cell","Skim"],"picked":"SKIP","floor":12.0},{"not_picked":["Fission","All For One"],"picked":"Buffer","floor":16.0},{"not_picked":["Ball Lightning","Aggregate"],"picked":"Double Energy+1","floor":18.0},{"not_picked":["Leap","Capacitor"],"picked":"Conserve Battery","floor":19.0},{"not_picked":["Beam Cell","Turbo"],"picked":"Cold Snap+1","floor":21.0},{"not_picked":["Leap","Undo"],"picked":"Chill","floor":22.0},{"not_picked":["Doom and Gloom+1","Tempest"],"picked":"Double Energy+1","floor":25.0},{"not_picked":["Doom and Gloom","Leap"],"picked":"Coolheaded","floor":29}],"player_experience":30093,"relics_obtained":[{"floor":3.0,"key":"Kunai"},{"floor":9.0,"key":"Pantograph"},{"floor":26.0,"key":"Centennial Puzzle"}],"event_choices":[{"damage_healed":0.0,"max_hp_gain":0.0,"max_hp_loss":0.0,"gold_gain":0.0,"event_name":"The Cleric","player_choice":"Leave","floor":2.0,"gold_loss":0.0,"damage_taken":0.0},{"damage_healed":0.0,"max_hp_gain":0.0,"max_hp_loss":0.0,"gold_gain":0.0,"event_name":"Golden Idol","player_choice":"Take Wound","floor":10.0,"gold_loss":0.0,"damage_taken":0.0,"relics_obtained":["Golden Idol"],"cards_obtained":["Injury"]},{"damage_healed":0.0,"max_hp_gain":0.0,"max_hp_loss":0.0,"gold_gain":0.0,"event_name":"Shining Light","player_choice":"Entered Light","floor":13.0,"gold_loss":0.0,"damage_taken":15.0,"cards_upgraded":["Defend_B","Defend_B"]},{"damage_healed":0.0,"max_hp_gain":0.0,"max_hp_loss":0.0,"gold_gain":0.0,"event_name":"Scrap Ooze","player_choice":"Success","floor":14.0,"gold_loss":0.0,"damage_taken":25.0,"relics_obtained":["Oddly Smooth Stone"]},{"damage_healed":0.0,"max_hp_gain":0.0,"max_hp_loss":0.0,"gold_gain":0.0,"event_name":"WeMeetAgain","player_choice":"Gave Potion","floor":20.0,"gold_loss":0.0,"damage_taken":0.0,"relics_obtained":["Omamori"]},{"damage_healed":0.0,"max_hp_gain":0.0,"max_hp_loss":0.0,"gold_gain":0.0,"event_name":"Forgotten Altar","player_choice":"Gave Idol","floor":27.0,"relics_lost":["Golden Idol"],"gold_loss":0.0,"damage_taken":0.0,"relics_obtained":["Bloody Idol"]},{"damage_healed":0,"gold_gain":0,"player_choice":"Ignored","damage_taken":0,"max_hp_gain":0,"max_hp_loss":0,"event_name":"Vampires","floor":30,"gold_loss":0},{"damage_healed":0,"gold_gain":0,"cards_transformed":["Strike_B"],"player_choice":"Transformed","damage_taken":0,"max_hp_gain":0,"max_hp_loss":0,"event_name":"Transmorgrifier","floor":31,"gold_loss":0,"cards_obtained":["Gash"]}],"is_beta":false,"boss_relics":[{"not_picked":["White Beast Statue","Fusion Hammer"],"picked":"Lizard Tail"}],"items_purged_floors":[24],"is_endless":false,"potions_floor_spawned":[5,12,16,18,22],"killed_by":"Collector","ascension_level":0}