{"gold_per_floor":[109,129,129,79,97,97,131,142,142,142,21,41,73,24,24,24],"floor_reached":16,"playtime":763,"items_purged":["Parasite"],"score":138,"play_id":"2ca4332a-dfac-42fc-842a-6c3b8d211bea","local_time":"20190729164620","is_ascension_mode":true,"campfire_choices":[{"data":"Loop","floor":6.0,"key":"SMITH"},{"floor":15.0,"key":"REST"}],"neow_cost":"NONE","seed_source_timestamp":954716395171200,"circlet_count":0,"master_deck":["Strike_B","Strike_B","Defend_B","Defend_B","Defend_B","Defend_B","Zap","Dualcast","Go for the Eyes","Loop+1","Fusion","Cold Snap","Sweeping Beam","Streamline","Ball Lightning","Self Repair","Stack"],"special_seed":0,"relics":["Cracked Core","Bronze Scales","Vajra","Bottled Lightning"],"potions_floor_usage":[],"damage_taken":[{"damage":1.0,"enemies":"Cultist","floor":1.0,"turns":3.0},{"damage":0.0,"enemies":"Small Slimes","floor":2.0,"turns":2.0},{"damage":0.0,"enemies":"2 Louse","floor":5.0,"turns":1.0},{"damage":20.0,"enemies":"Lagavulin","floor":7.0,"turns":6.0},{"damage":26.0,"enemies":"Large Slime","floor":8.0,"turns":6.0},{"damage":10.0,"enemies":"Exordium Wildlife","floor":12.0,"turns":3.0},{"damage":15.0,"enemies":"3 Sentries","floor":13.0,"turns":5.0},{"damage":57,"enemies":"Slime Boss","floor":16,"turns":9}],"seed_played":"-2543371098813496240","potions_obtained":[{"floor":5.0,"key":"Explosive Potion"},{"floor":7.0,"key":"FearPotion"},{"floor":8.0,"key":"SteroidPotion"},{"floor":12.0,"key":"SkillPotion"}],"is_trial":false,"path_per_floor":["M","M","?","?","M","R","E","M","T","?","$","M","E","$","R","B"],"character_chosen":"DEFECT","items_purchased":["Streamline","Stack"],"campfire_rested":1,"item_purchase_floors":[11,14],"current_hp_per_floor":[74,74,79,79,79,79,59,33,33,53,53,43,28,28,51,0],"gold":24,"neow_bonus":"REMOVE_CARD","is_prod":false,"is_daily":false,"chose_seed":false,"campfire_upgraded":1,"win_rate":0,"timestamp":1564415180,"path_taken":["M","M","?","?","M","R","E","M","T","?","$","M","E","$","R","BOSS"],"build_version":"2019-07-17","purchased_purges":1,"victory":false,"max_hp_per_floor":[75,75,80,80,80,80,80,80,80,80,77,77,77,77,77,77],"card_choices":[{"not_picked":["Steam","Undo"],"picked":"Go for the Eyes","floor":1.0},{"not_picked":["Reprogram","Turbo"],"picked":"Loop","floor":2.0},{"not_picked":["Turbo","Barrage"],"picked":"Fusion","floor":5.0},{"not_picked":["Compile Driver","Turbo"],"picked":"Cold Snap","floor":7.0},{"not_picked":["All For One","Streamline"],"picked":"Sweeping Beam","floor":8.0},{"not_picked":["Cold Snap","Redo"],"picked":"Ball Lightning","floor":12.0},{"not_picked":["Beam Cell","Hologram"],"picked":"Self Repair","floor":13.0}],"player_experience":210171,"relics_obtained":[{"floor":7.0,"key":"Bronze Scales"},{"floor":9.0,"key":"Vajra"},{"floor":13.0,"key":"Bottled Lightning"}],"event_choices":[{"damage_healed":0.0,"max_hp_gain":5.0,"max_hp_loss":0.0,"gold_gain":0.0,"event_name":"Big Fish","player_choice":"Donut","floor":3.0,"gold_loss":0.0,"damage_taken":0.0},{"cards_removed":["Strike_B"],"damage_healed":0.0,"max_hp_gain":0.0,"max_hp_loss":0.0,"gold_gain":0.0,"event_name":"The Cleric","player_choice":"Card Removal","floor":4.0,"gold_loss":50.0,"damage_taken":0.0},{"damage_healed":20.0,"max_hp_gain":0.0,"max_hp_loss":0.0,"gold_gain":0.0,"event_name":"Mushrooms","player_choice":"Healed and dodged fight","floor":10.0,"gold_loss":0.0,"damage_taken":0.0,"cards_obtained":["Parasite"]}],"is_beta":false,"boss_relics":[],"items_purged_floors":[11],"is_endless":false,"potions_floor_spawned":[5,7,8,12],"killed_by":"Slime Boss","ascension_level":5}