{"gold_per_floor":[109,124,2,77,93,93,93,119,167,183,4,75,105,117,117,214,214,233,233,2,2,35,84,84,84],"floor_reached":25,"playtime":1009,"items_purged":[],"score":275,"play_id":"ab44dab1-3754-4af9-9157-68dbf3de3617","local_time":"20190706134533","is_ascension_mode":true,"campfire_choices":[{"data":"Sucker Punch","floor":6,"key":"SMITH"},{"data":"Footwork","floor":15,"key":"SMITH"},{"floor":24,"key":"REST"}],"neow_cost":"NONE","seed_source_timestamp":409355950774100,"circlet_count":0,"master_deck":["Strike_G","Strike_G","Strike_G","Strike_G","Strike_G","Defend_G","Defend_G","Defend_G","Defend_G","Defend_G","Survivor","Neutralize","Backstab","Endless Agony","Footwork+1","Sucker Punch+1","Parasite","Die Die Die","Poisoned Stab","HandOfGreed","Bane","Quick Slash","Bullet Time","Distraction","Die Die Die","Flying Knee","Bane+1","Unload"],"relics":["Ring of the Snake","Art of War","Boot","Ginger","Cursed Key","Membership Card","MutagenicStrength","Pen Nib"],"potions_floor_usage":[8,16,16,16,25],"damage_taken":[{"damage":1,"enemies":"2 Louse","floor":1,"turns":3},{"damage":3,"enemies":"Jaw Worm","floor":2,"turns":3},{"damage":0,"enemies":"Cultist","floor":5,"turns":4},{"damage":28,"enemies":"Lagavulin","floor":8,"turns":8},{"damage":0,"enemies":"2 Fungi Beasts","floor":10,"turns":2},{"damage":6,"enemies":"3 Sentries","floor":12,"turns":8},{"damage":0,"enemies":"Exordium Wildlife","floor":14,"turns":1},{"damage":34,"enemies":"Hexaghost","floor":16,"turns":13},{"damage":3,"enemies":"Shell Parasite","floor":18,"turns":6},{"damage":0,"enemies":"Spheric Guardian","floor":22,"turns":1},{"damage":50,"enemies":"Gremlin Leader","floor":23,"turns":7},{"damage":53,"enemies":"Slavers","floor":25,"turns":4}],"seed_played":"6296256387510177027","potions_obtained":[{"floor":2,"key":"Swift Potion"},{"floor":5,"key":"Swift Potion"},{"floor":10,"key":"Ancient Potion"},{"floor":18,"key":"Energy Potion"},{"floor":23,"key":"LiquidBronze"}],"is_trial":false,"path_per_floor":["M","M","$","?","M","R","?","E","T","M","$","E","?","M","R","B",null,"M","?","$","?","M","E","R","E"],"character_chosen":"THE_SILENT","items_purchased":["Footwork","PowerPotion","HandOfGreed","Membership Card","Flying Knee"],"campfire_rested":1,"item_purchase_floors":[3,3,11,20,20],"current_hp_per_floor":[76,73,73,62,62,62,77,49,49,49,49,43,43,43,43,9,77,74,74,74,74,74,24,47,0],"gold":84,"neow_bonus":"TEN_PERCENT_HP_BONUS","is_prod":false,"is_daily":false,"chose_seed":false,"campfire_upgraded":2,"win_rate":0,"timestamp":1562417133,"path_taken":["M","M","$","?","M","R","?","E","T","M","$","E","?","M","R","BOSS","M","?","$","?","M","E","R","E"],"build_version":"2019-07-05","purchased_purges":0,"victory":false,"max_hp_per_floor":[77,77,77,77,77,77,77,77,77,77,77,77,77,77,77,77,77,77,77,77,77,77,77,77,77],"card_choices":[{"not_picked":["Deflect","Poisoned Stab"],"picked":"Backstab","floor":1},{"not_picked":["Deadly Poison","Prepared"],"picked":"Endless Agony","floor":2},{"not_picked":["Blade Dance","PiercingWail"],"picked":"Sucker Punch","floor":5},{"not_picked":["Acrobatics","Slice"],"picked":"Die Die Die","floor":8},{"not_picked":["Deadly Poison","Catalyst"],"picked":"Poisoned Stab","floor":10},{"not_picked":["Poisoned Stab","Concentrate"],"picked":"Bane","floor":12},{"not_picked":["Prepared","Acrobatics"],"picked":"Quick Slash","floor":14},{"not_picked":["Night Terror","Glass Knife"],"picked":"Bullet Time","floor":16},{"not_picked":["Poisoned Stab","Deflect+1"],"picked":"Distraction","floor":18},{"not_picked":["Dagger Throw","Prepared+1"],"picked":"Bane+1","floor":22},{"not_picked":["Underhanded Strike","Acrobatics"],"picked":"Unload","floor":23}],"player_experience":123883,"relics_obtained":[{"floor":8,"key":"Art of War"},{"floor":9,"key":"Boot"},{"floor":12,"key":"Ginger"},{"floor":23,"key":"Pen Nib"}],"event_choices":[{"damage_healed":0,"gold_gain":75,"player_choice":"Gather Gold","damage_taken":11,"max_hp_gain":0,"max_hp_loss":0,"event_name":"World of Goop","floor":4,"gold_loss":0},{"damage_healed":19,"gold_gain":0,"player_choice":"Healed and dodged fight","damage_taken":0,"max_hp_gain":0,"max_hp_loss":0,"event_name":"Mushrooms","floor":7,"gold_loss":0,"cards_obtained":["Parasite"]},{"damage_healed":0,"gold_gain":30,"player_choice":"Searched \u00271\u0027 times","damage_taken":0,"max_hp_gain":0,"max_hp_loss":0,"event_name":"Dead Adventurer","floor":13,"gold_loss":0},{"damage_healed":0,"gold_gain":0,"player_choice":"Copied","damage_taken":0,"max_hp_gain":0,"max_hp_loss":0,"event_name":"Duplicator","floor":19,"gold_loss":0,"cards_obtained":["Die Die Die"]},{"damage_healed":0,"gold_gain":0,"player_choice":"Inject Mutagens","damage_taken":0,"relics_obtained":["MutagenicStrength"],"max_hp_gain":0,"max_hp_loss":0,"event_name":"Drug Dealer","floor":21,"gold_loss":0}],"is_beta":false,"boss_relics":[{"not_picked":["HoveringKite","Orrery"],"picked":"Cursed Key"}],"items_purged_floors":[],"is_endless":false,"potions_floor_spawned":[2,5,10,18,23],"killed_by":"Slavers","ascension_level":4}