{"gold_per_floor":[119,194,210,285,303,338,338,386,386,4,37,65,90,105,105,205,205,218,242,157,157,170,202,202,228,277,277,277,297,317,15,15,110,110,129,129,141,141,153,180,196,196,245,245,275,1,30,53,53,53,53,53,0,26,26],"floor_reached":55,"playtime":8984,"items_purged":["Dualcast"],"score":1059,"play_id":"af5fb934-a573-4c5f-a6f3-4584d516b633","local_time":"20190103191957","is_ascension_mode":true,"campfire_choices":[{"data":"Barrage","floor":7,"key":"SMITH"},{"data":"Barrage","floor":15,"key":"SMITH"},{"data":"Echo Form","floor":24,"key":"SMITH"},{"floor":28,"key":"REST"},{"floor":32,"key":"REST"},{"floor":42,"key":"RECALL"},{"data":"Coolheaded","floor":49,"key":"SMITH"},{"data":"Conserve Battery","floor":52,"key":"SMITH"}],"neow_cost":"NONE","seed_source_timestamp":675915491846704,"circlet_count":0,"master_deck":["Strike_B","Defend_B","Defend_B","Defend_B+1","Defend_B","Ball Lightning","Conserve Battery+1","Barrage+1","Barrage+1","Cold Snap","Conserve Battery+1","Compile Driver","Coolheaded+1","Echo Form+1","All For One+1","Gash+1","Coolheaded+1","Ball Lightning","Streamline+1","FTL","Gash+1","Blizzard+1","Electrodynamics","Barrage+1","White Noise+1","Melter+1","Chill+1","Gash+1","Ball Lightning"],"relics":["Cracked Core","NeowsBlessing","Tiny Chest","Bronze Scales","Lantern","WingedGreaves","Torii","Orichalcum","Gremlin Horn","Strawberry","Astrolabe","DataDisk","Ginger","Letter Opener","Bird Faced Urn","War Paint","Toxic Egg 2","Emotion Chip","Busted Crown","Singing Bowl","Vajra","Boot","Bottled Tornado","Dead Branch","Gambling Chip"],"potions_floor_usage":[12,12,13,22,22,23,23,33,33,45,54,55],"damage_taken":[{"damage":0,"enemies":"2 Louse","floor":1,"turns":1},{"damage":0,"enemies":"Cultist","floor":3,"turns":1},{"damage":0,"enemies":"Jaw Worm","floor":5,"turns":1},{"damage":15,"enemies":"Gremlin Nob","floor":6,"turns":4},{"damage":8,"enemies":"3 Sentries","floor":11,"turns":5},{"damage":0,"enemies":"Gremlin Nob","floor":12,"turns":3},{"damage":0,"enemies":"3 Sentries","floor":13,"turns":5},{"damage":6,"enemies":"Gremlin Gang","floor":14,"turns":3},{"damage":13,"enemies":"The Guardian","floor":16,"turns":10},{"damage":2,"enemies":"3 Byrds","floor":18,"turns":2},{"damage":0,"enemies":"Shell Parasite","floor":22,"turns":4},{"damage":19,"enemies":"Gremlin Leader","floor":23,"turns":4},{"damage":32,"enemies":"Slavers","floor":25,"turns":5},{"damage":8,"enemies":"Snake Plant","floor":29,"turns":3},{"damage":0,"enemies":"Sentry and Sphere","floor":30,"turns":3},{"damage":36,"enemies":"Automaton","floor":33,"turns":8},{"damage":16,"enemies":"3 Shapes","floor":35,"turns":4},{"damage":0,"enemies":"Orb Walker","floor":37,"turns":2},{"damage":0,"enemies":"4 Shapes","floor":39,"turns":5},{"damage":7,"enemies":"Giant Head","floor":40,"turns":7},{"damage":6,"enemies":"Sphere and 2 Shapes","floor":41,"turns":3},{"damage":17,"enemies":"Reptomancer","floor":45,"turns":4},{"damage":2,"enemies":"Giant Head","floor":47,"turns":6},{"damage":56,"enemies":"Donu and Deca","floor":50,"turns":8},{"damage":8,"enemies":"Shield and Spear","floor":54,"turns":4},{"damage":98,"enemies":"The Heart","floor":55,"turns":8}],"seed_played":"3477684978804992498","potions_obtained":[{"floor":3,"key":"Poison Potion"},{"floor":6,"key":"Dexterity Potion"},{"floor":12,"key":"Dexterity Potion"},{"floor":18,"key":"EntropicBrew"},{"floor":25,"key":"Dexterity Potion"},{"floor":30,"key":"FocusPotion"},{"floor":35,"key":"Ancient Potion"},{"floor":41,"key":"SkillPotion"},{"floor":54,"key":"FocusPotion"}],"is_trial":false,"path_per_floor":["M","?","M","T","M","E","R","T","T","$","E","E","E","M","R","B",null,"M","T","?","?","M","E","R","E","T","T","R","M","M","$","R","B",null,"M","?","M","?","M","E","M","R","T","?","E","$","E","T","R","B",null,"R","$","E","B"],"character_chosen":"DEFECT","items_purchased":["Torii","Emotion Chip","Bottled Tornado","Chill+1","Ball Lightning"],"campfire_rested":2,"item_purchase_floors":[10,31,46,46,53],"current_hp_per_floor":[75,68,68,68,68,53,53,53,53,53,45,45,52,46,46,33,82,80,80,80,80,80,61,61,29,29,29,53,45,45,45,69,35,82,68,68,70,70,72,73,71,71,71,73,64,64,70,70,70,34,88,88,88,86,0],"gold":26,"neow_bonus":"THREE_ENEMY_KILL","is_prod":false,"is_daily":false,"chose_seed":false,"campfire_upgraded":5,"win_rate":0,"timestamp":1546571997,"path_taken":["M","?","?","?","M","E","R","?","T","$","E","E","E","?","R","BOSS","M","?","?","?","M","E","R","E","T","?","R","?","M","$","R","BOSS","M","?","M","?","M","E","?","R","T","?","E","?","E","?","R","BOSS","R","$","E","BOSS"],"build_version":"2018-12-20","purchased_purges":1,"victory":false,"max_hp_per_floor":[75,75,75,75,75,75,75,75,75,75,75,75,82,82,82,82,82,82,82,82,82,82,82,82,82,82,82,82,82,82,82,82,82,82,82,82,82,82,82,82,84,84,84,86,88,88,88,88,88,88,88,88,88,90,90],"card_choices":[{"not_picked":["Rebound","Beam Cell"],"picked":"Ball Lightning","floor":1},{"not_picked":["Turbo","Go for the Eyes"],"picked":"Conserve Battery","floor":3},{"not_picked":["Hologram","Coolheaded"],"picked":"Barrage","floor":5},{"not_picked":["Reinforced Body","Echo Form"],"picked":"Barrage","floor":6},{"not_picked":["Streamline","Compile Driver"],"picked":"Cold Snap","floor":11},{"not_picked":["Ball Lightning","Heatsinks"],"picked":"Conserve Battery","floor":12},{"not_picked":["Streamline","Rebound"],"picked":"Compile Driver","floor":13},{"not_picked":["Fusion","Blizzard"],"picked":"Coolheaded","floor":14},{"not_picked":["Amplify","Multi-Cast"],"picked":"Echo Form","floor":16},{"not_picked":["Steam","Barrage"],"picked":"Ball Lightning","floor":18},{"not_picked":["Storm","Darkness"],"picked":"Streamline+1","floor":22},{"not_picked":["Streamline+1","Hologram"],"picked":"FTL","floor":23},{"not_picked":["Steam","Conserve Battery+1"],"picked":"Gash+1","floor":25},{"not_picked":["Turbo+1","Skim+1","Echo Form"],"picked":"SKIP","floor":29},{"not_picked":["Stack+1","Turbo+1"],"picked":"Blizzard+1","floor":30},{"not_picked":["Fission+1","Multi-Cast+1"],"picked":"Electrodynamics","floor":33},{"not_picked":["Hologram+1"],"picked":"SKIP","floor":35},{"not_picked":["Steam+1"],"picked":"SKIP","floor":37},{"not_picked":[],"picked":"White Noise+1","floor":39},{"not_picked":[],"picked":"Melter+1","floor":40},{"not_picked":["Steam+1"],"picked":"Singing Bowl","floor":41},{"not_picked":["Transmutation+1"],"picked":"Singing Bowl","floor":44},{"not_picked":["Tempest+1"],"picked":"Singing Bowl","floor":45},{"not_picked":[],"picked":"Gash+1","floor":47},{"not_picked":["Fission+1"],"picked":"Singing Bowl","floor":54}],"player_experience":233723,"relics_obtained":[{"floor":4,"key":"Tiny Chest"},{"floor":6,"key":"Bronze Scales"},{"floor":8,"key":"Lantern"},{"floor":9,"key":"WingedGreaves"},{"floor":11,"key":"Orichalcum"},{"floor":12,"key":"Gremlin Horn"},{"floor":13,"key":"Strawberry"},{"floor":19,"key":"DataDisk"},{"floor":23,"key":"Letter Opener"},{"floor":25,"key":"Bird Faced Urn"},{"floor":26,"key":"War Paint"},{"floor":27,"key":"Toxic Egg 2"},{"floor":40,"key":"Singing Bowl"},{"floor":43,"key":"Vajra"},{"floor":45,"key":"Boot"},{"floor":47,"key":"Dead Branch"},{"floor":54,"key":"Gambling Chip"}],"event_choices":[{"damage_healed":0,"gold_gain":75,"player_choice":"Touch","damage_taken":7,"max_hp_gain":0,"max_hp_loss":0,"event_name":"FaceTrader","floor":2,"gold_loss":0},{"damage_healed":0,"gold_gain":0,"player_choice":"Obtained Relic","damage_taken":0,"relics_obtained":["Ginger"],"max_hp_gain":0,"max_hp_loss":0,"event_name":"Addict","floor":20,"gold_loss":85},{"damage_healed":0,"gold_gain":0,"player_choice":"Ignored","damage_taken":0,"max_hp_gain":0,"max_hp_loss":0,"event_name":"Vampires","floor":21,"gold_loss":0},{"cards_removed":["Zap"],"damage_healed":0,"gold_gain":0,"player_choice":"Removed Skill","damage_taken":0,"max_hp_gain":0,"max_hp_loss":0,"event_name":"Falling","floor":36,"gold_loss":0},{"damage_healed":0,"gold_gain":0,"player_choice":"Copied","damage_taken":0,"max_hp_gain":0,"max_hp_loss":0,"event_name":"Duplicator","floor":38,"gold_loss":0,"cards_obtained":["Barrage"]},{"damage_healed":0,"gold_gain":0,"player_choice":"Memory 1","damage_taken":0,"max_hp_gain":0,"max_hp_loss":0,"event_name":"SensoryStone","floor":44,"gold_loss":0}],"is_beta":false,"boss_relics":[{"not_picked":["Philosopher\u0027s Stone","Lizard Tail"],"picked":"Astrolabe"},{"not_picked":["Calling Bell","Pandora\u0027s Box"],"picked":"Busted Crown"}],"items_purged_floors":[10],"is_endless":false,"potions_floor_spawned":[3,6,12,18,25,30,35,41,54],"killed_by":"The Heart","ascension_level":2}