{"gold_per_floor":[111,111,10,24,24,51,51,85,85,37,37,47,82,94,94,189,189,202,202,127,140,150,150,150,170,170,170,184,202,212,127,127,230,230,243,343,22,22,33,33,46,64,137,137],"floor_reached":44,"playtime":2869,"items_purged":["Strike_G"],"score":584,"play_id":"8c226016-0dc6-4d09-a1b9-f98a0e52e6b6","local_time":"20190721171109","is_ascension_mode":true,"campfire_choices":[{"floor":7.0,"key":"REST"},{"floor":11.0,"key":"REST"},{"floor":15,"key":"REST"},{"floor":24,"key":"REST"},{"floor":27,"key":"REST"},{"floor":32,"key":"REST"},{"floor":40,"key":"REST"}],"neow_cost":"NONE","seed_source_timestamp":262876172498599,"circlet_count":0,"master_deck":["Survivor","Neutralize+1","Flying Knee","Poisoned Stab","Infinite Blades","Endless Agony","Heel Hook","Dagger Spray","Skewer","Acrobatics","Well Laid Plans","Glass Knife","Malaise","Backstab","Die Die Die","Backstab","Backflip","Underhanded Strike","Glass Knife","Infinite Blades","Dagger Throw","Dash+1","Dodge and Roll+1","Noxious Fumes","Sucker Punch+1","Escape Plan+1","Burst","Caltrops+1","Distraction+1","Underhanded Strike","Backflip","Writhe","Cloak And Dagger","Tactician","PiercingWail+1"],"special_seed":0,"relics":["Ring of the Snake","Incense Burner","Ginger","Bottled Flame","Bottled Tornado","The Courier","Pandora\u0027s Box","Kunai","Calipers","Boot","HoveringKite","Thread and Needle","Blood Vial","Strawberry","Letter Opener"],"potions_floor_usage":[16,33,35,41,41,42],"damage_taken":[{"damage":0.0,"enemies":"Jaw Worm","floor":1.0,"turns":5.0},{"damage":0.0,"enemies":"2 Louse","floor":4.0,"turns":3.0},{"damage":7.0,"enemies":"Lagavulin","floor":6.0,"turns":5.0},{"damage":24.0,"enemies":"Gremlin Nob","floor":8.0,"turns":5.0},{"damage":0.0,"enemies":"Cultist","floor":12.0,"turns":3.0},{"damage":22.0,"enemies":"3 Sentries","floor":13.0,"turns":5.0},{"damage":10,"enemies":"Gremlin Gang","floor":14,"turns":3},{"damage":39,"enemies":"Hexaghost","floor":16,"turns":11},{"damage":1,"enemies":"Chosen","floor":18,"turns":3},{"damage":1,"enemies":"Shell Parasite","floor":21,"turns":2},{"damage":19,"enemies":"Centurion and Healer","floor":22,"turns":4},{"damage":10,"enemies":"Snecko","floor":25,"turns":4},{"damage":15,"enemies":"Shelled Parasite and Fungi","floor":28,"turns":4},{"damage":12,"enemies":"Cultist and Chosen","floor":29,"turns":4},{"damage":11,"enemies":"Centurion and Healer","floor":30,"turns":4},{"damage":9,"enemies":"Collector","floor":33,"turns":10},{"damage":30,"enemies":"3 Darklings","floor":35,"turns":6},{"damage":0,"enemies":"Mind Bloom Boss Battle","floor":36,"turns":5},{"damage":13,"enemies":"3 Shapes","floor":39,"turns":8},{"damage":57,"enemies":"3 Darklings","floor":41,"turns":10},{"damage":15,"enemies":"4 Shapes","floor":42,"turns":5},{"damage":8,"enemies":"Giant Head","floor":44,"turns":6}],"seed_played":"-5098878031621047192","potions_obtained":[{"floor":0.0,"key":"FearPotion"},{"floor":0.0,"key":"Explosive Potion"},{"floor":0.0,"key":"Weak Potion"},{"floor":6.0,"key":"SpeedPotion"},{"floor":14,"key":"Weak Potion"},{"floor":16,"key":"Strength Potion"},{"floor":18,"key":"GhostInAJar"},{"floor":33,"key":"GhostInAJar"},{"floor":39,"key":"Explosive Potion"},{"floor":41,"key":"Swift Potion"}],"is_trial":false,"path_per_floor":["M","?","$","M","?","E","R","E","T","$","R","M","E","M","R","B",null,"M","?","?","M","M","T","R","M","T","R","M","M","M","?","R","B",null,"M","?","$","?","M","R","M","M","T","E"],"character_chosen":"THE_SILENT","items_purchased":["Poisoned Stab","Dagger Spray","Underhanded Strike","Blood Vial","Strawberry","Backflip"],"campfire_rested":7,"item_purchase_floors":[3,10,37,37,37,37],"current_hp_per_floor":[63,63,63,63,45,38,59,35,35,35,56,56,34,24,45,6,54,53,53,53,52,33,33,54,44,44,65,50,38,27,27,48,39,62,32,32,39,58,47,70,15,2,2,0],"gold":137,"neow_bonus":"THREE_SMALL_POTIONS","is_prod":false,"is_daily":false,"chose_seed":false,"campfire_upgraded":0,"win_rate":0,"timestamp":1563725469,"path_taken":["M","?","$","M","?","E","R","E","T","?","R","?","E","?","R","BOSS","M","?","?","M","M","?","R","M","T","R","M","M","?","?","R","BOSS","M","?","$","?","?","R","M","M","T","E"],"build_version":"2019-07-17","purchased_purges":1,"victory":false,"max_hp_per_floor":[70,70,70,70,70,70,70,70,70,70,70,70,70,70,70,70,70,70,70,70,70,70,70,70,70,70,70,70,70,70,70,70,70,70,70,70,77,77,77,77,77,77,77,77],"card_choices":[{"not_picked":["Cloak And Dagger","Dagger Throw"],"picked":"Flying Knee","floor":1.0},{"not_picked":["Masterful Stab","Accuracy"],"picked":"Infinite Blades","floor":4.0},{"not_picked":["Masterful Stab","Burst"],"picked":"Endless Agony","floor":6.0},{"not_picked":["Finisher","Backstab"],"picked":"Heel Hook","floor":8.0},{"not_picked":["Eviscerate","Setup"],"picked":"Skewer","floor":12.0},{"not_picked":["Infinite Blades","Prepared"],"picked":"Acrobatics","floor":13.0},{"not_picked":["Dagger Throw","Bouncing Flask"],"picked":"Well Laid Plans","floor":14},{"not_picked":["Grand Finale","Phantasmal Killer"],"picked":"Glass Knife","floor":16},{"not_picked":["Slice","Reflex","Underhanded Strike+1"],"picked":"SKIP","floor":18},{"not_picked":["Masterful Stab","Noxious Fumes+1"],"picked":"Dagger Throw","floor":21},{"not_picked":["Expertise+1","Outmaneuver+1"],"picked":"Dash+1","floor":22},{"not_picked":["Slice","Calculated Gamble"],"picked":"Dodge and Roll+1","floor":25},{"not_picked":["Expertise","Well Laid Plans+1"],"picked":"Noxious Fumes","floor":28},{"not_picked":["Acrobatics","Underhanded Strike"],"picked":"Sucker Punch+1","floor":29},{"not_picked":["Choke","Dagger Throw"],"picked":"Escape Plan+1","floor":30},{"not_picked":["Night Terror","Malaise"],"picked":"Burst","floor":33},{"not_picked":["Dagger Spray+1","Backstab+1"],"picked":"Caltrops+1","floor":35},{"not_picked":["Dagger Spray","Blade Dance+1"],"picked":"Distraction+1","floor":36},{"not_picked":["Poisoned Stab+1","PiercingWail"],"picked":"Cloak And Dagger","floor":39},{"not_picked":["Acrobatics","Infinite Blades"],"picked":"Tactician","floor":41},{"not_picked":["Blade Dance+1","Finisher"],"picked":"PiercingWail+1","floor":42}],"player_experience":192797,"relics_obtained":[{"floor":6.0,"key":"Ginger"},{"floor":8.0,"key":"Bottled Flame"},{"floor":9.0,"key":"Bottled Tornado"},{"floor":13.0,"key":"The Courier"},{"floor":23,"key":"Kunai"},{"floor":26,"key":"Calipers"},{"floor":36,"key":"Thread and Needle"},{"floor":43,"key":"Letter Opener"}],"event_choices":[{"damage_healed":0.0,"max_hp_gain":0.0,"max_hp_loss":0.0,"gold_gain":0.0,"event_name":"Living Wall","player_choice":"Grow","floor":2.0,"gold_loss":0.0,"damage_taken":0.0,"cards_upgraded":["Neutralize"]},{"damage_healed":0.0,"max_hp_gain":0.0,"max_hp_loss":0.0,"gold_gain":0.0,"event_name":"Scrap Ooze","player_choice":"Success","floor":5.0,"gold_loss":0.0,"damage_taken":18.0,"relics_obtained":["Incense Burner"]},{"damage_healed":0,"gold_gain":0,"cards_transformed":["Eviscerate","Night Terror"],"player_choice":"Became Test Subject","damage_taken":0,"max_hp_gain":0,"max_hp_loss":0,"event_name":"Drug Dealer","floor":19,"gold_loss":0,"cards_obtained":["Glass Knife","Infinite Blades"]},{"cards_removed":["Bane"],"damage_healed":0,"gold_gain":0,"player_choice":"Gave Gold","damage_taken":0,"max_hp_gain":0,"max_hp_loss":0,"event_name":"Beggar","floor":20,"gold_loss":75},{"damage_healed":0,"gold_gain":0,"player_choice":"Obtained Relic","damage_taken":0,"relics_obtained":["Boot"],"max_hp_gain":0,"max_hp_loss":0,"event_name":"Addict","floor":31,"gold_loss":85},{"damage_healed":0,"gold_gain":0,"player_choice":"Fight","damage_taken":0,"max_hp_gain":0,"max_hp_loss":0,"event_name":"MindBloom","floor":36,"gold_loss":0},{"damage_healed":19,"gold_gain":0,"player_choice":"Writhe","damage_taken":0,"max_hp_gain":0,"max_hp_loss":0,"event_name":"Winding Halls","floor":38,"gold_loss":0,"cards_obtained":["Writhe"]}],"is_beta":false,"boss_relics":[{"not_picked":["Empty Cage","Sozu"],"picked":"Pandora\u0027s Box"},{"not_picked":["Busted Crown","Snecko Eye"],"picked":"HoveringKite"}],"items_purged_floors":[3],"is_endless":false,"potions_floor_spawned":[4,6,14,16,18,30,33,39,41],"killed_by":"Giant Head","ascension_level":6}