{"gold_per_floor":[109,125,143,68,143,171,171,187,187,201,181,181,212,232,232,232],"floor_reached":16,"playtime":582,"items_purged":["Strike_R"],"score":134,"play_id":"971c40ff-6585-42d4-bbdb-057a4ffe7652","local_time":"20190712232459","is_ascension_mode":true,"campfire_choices":[{"data":"Pommel Strike","floor":7,"key":"SMITH"},{"data":"Hemokinesis","floor":12,"key":"SMITH"},{"floor":15,"key":"DIG"}],"neow_cost":"NONE","seed_source_timestamp":962954240166400,"circlet_count":0,"master_deck":["Strike_R","Strike_R","Strike_R","Strike_R","Defend_R","Defend_R","Defend_R","Defend_R","Bash+1","Pommel Strike+1","Shrug It Off","Carnage","Cleave","Hemokinesis+1","Seeing Red","Feed","Rampage"],"relics":["Burning Blood","Smiling Mask","Self Forming Clay","Shovel","Potion Belt"],"potions_floor_usage":[6,10,16,16],"damage_taken":[{"damage":14,"enemies":"2 Louse","floor":1,"turns":4},{"damage":0,"enemies":"Small Slimes","floor":2,"turns":3},{"damage":1,"enemies":"Cultist","floor":3,"turns":3},{"damage":27,"enemies":"Lagavulin","floor":6,"turns":5},{"damage":4,"enemies":"Red Slaver","floor":8,"turns":4},{"damage":6,"enemies":"Exordium Thugs","floor":10,"turns":4},{"damage":17,"enemies":"3 Sentries","floor":13,"turns":6},{"damage":10,"enemies":"Lots of Slimes","floor":14,"turns":4},{"damage":48,"enemies":"Hexaghost","floor":16,"turns":9}],"seed_played":"4207093621616929371","potions_obtained":[{"floor":3,"key":"AttackPotion"},{"floor":6,"key":"GamblersBrew"},{"floor":8,"key":"Block Potion"},{"floor":10,"key":"Weak Potion"},{"floor":11,"key":"FairyPotion"}],"is_trial":false,"path_per_floor":["M","M","M","$","?","E","R","M","T","M","?","R","E","M","R","B"],"character_chosen":"IRONCLAD","items_purchased":[],"campfire_rested":0,"item_purchase_floors":[],"current_hp_per_floor":[72,78,80,80,69,48,48,50,50,50,50,50,39,38,38,0],"gold":232,"neow_bonus":"UPGRADE_CARD","is_prod":false,"is_daily":false,"chose_seed":false,"campfire_upgraded":2,"win_rate":0,"timestamp":1562970299,"path_taken":["M","M","M","$","?","E","R","M","T","M","?","R","E","M","R","BOSS"],"build_version":"2019-07-05","purchased_purges":1,"victory":false,"max_hp_per_floor":[80,80,80,80,80,80,80,80,80,80,80,80,80,83,83,83],"card_choices":[{"not_picked":["Flex","Burning Pact"],"picked":"Pommel Strike","floor":1},{"not_picked":["Evolve","Disarm"],"picked":"Shrug It Off","floor":2},{"not_picked":["Cleave","Thunderclap"],"picked":"Carnage","floor":3},{"not_picked":["Flex","Carnage"],"picked":"Cleave","floor":6},{"not_picked":["Pummel","Perfected Strike"],"picked":"Hemokinesis","floor":8},{"not_picked":["Rage","Metallicize"],"picked":"Seeing Red","floor":10},{"not_picked":["Sentinel","Shrug It Off"],"picked":"Feed","floor":13},{"not_picked":["Iron Wave","Body Slam"],"picked":"Rampage","floor":14}],"player_experience":153885,"relics_obtained":[{"floor":6,"key":"Smiling Mask"},{"floor":9,"key":"Self Forming Clay"},{"floor":13,"key":"Shovel"},{"floor":15,"key":"Potion Belt"}],"event_choices":[{"damage_healed":0,"gold_gain":75,"player_choice":"Gather Gold","damage_taken":11,"max_hp_gain":0,"max_hp_loss":0,"event_name":"World of Goop","floor":5,"gold_loss":0},{"damage_healed":0,"gold_gain":0,"player_choice":"Bought 1 Potion","damage_taken":0,"max_hp_gain":0,"max_hp_loss":0,"event_name":"The Woman in Blue","floor":11,"gold_loss":0}],"is_beta":false,"boss_relics":[],"items_purged_floors":[4],"is_endless":false,"potions_floor_spawned":[3,6,8,10,13],"killed_by":"Hexaghost","ascension_level":4}