{"gold_per_floor":[114,189,189,202,218,218,250,22,22,37,51,16,16,30,30,30],"floor_reached":16,"playtime":1613,"items_purged":["Strike_G"],"score":102,"play_id":"3a6b3c08-5c72-4a0d-9b08-c3664090efad","local_time":"20181005180527","is_ascension_mode":false,"campfire_choices":[{"data":"Sucker Punch","floor":6,"key":"SMITH"},{"floor":15,"key":"REST"}],"neow_cost":"NONE","seed_source_timestamp":335671737973337,"circlet_count":0,"master_deck":["Defend_G","Defend_G","Defend_G","Defend_G","Defend_G","Strike_G+1","Strike_G","Strike_G","Strike_G+1","Survivor","Neutralize+1","Slice","Sucker Punch+1","Blade Dance","Escape Plan","Bouncing Flask","Infinite Blades","Terror","Flying Knee"],"relics":["Ring of the Snake","Whetstone","Lantern","Bottled Flame"],"potions_floor_usage":[7,10,16,16],"damage_taken":[{"damage":5,"enemies":"Jaw Worm","floor":1,"turns":5},{"damage":0,"enemies":"2 Louse","floor":4,"turns":2},{"damage":0,"enemies":"Cultist","floor":5,"turns":3},{"damage":13,"enemies":"Lagavulin","floor":7,"turns":7},{"damage":0,"enemies":"Red Slaver","floor":10,"turns":2},{"damage":29,"enemies":"Gremlin Gang","floor":11,"turns":4},{"damage":0,"enemies":"Looter","floor":14,"turns":3},{"damage":34,"enemies":"The Guardian","floor":16,"turns":7}],"seed_played":"-6807744531883636533","potions_obtained":[{"floor":3,"key":"Strength Potion"},{"floor":3,"key":"Strength Potion"},{"floor":3,"key":"Strength Potion"},{"floor":7,"key":"AttackPotion"},{"floor":10,"key":"FearPotion"}],"is_trial":false,"path_per_floor":["M","?","?","M","M","R","E","$","T","M","M","$","$","M","R"],"character_chosen":"THE_SILENT","items_purchased":["Lantern","Terror"],"campfire_rested":1,"item_purchase_floors":[8,12],"current_hp_per_floor":[65,54,54,54,54,54,41,41,41,41,12,12,12,12,33,0],"gold":30,"neow_bonus":"UPGRADE_CARD","is_prod":false,"is_daily":false,"chose_seed":false,"campfire_upgraded":1,"win_rate":0.0,"timestamp":1538787927,"path_taken":["M","?","?","?","M","R","E","$","T","?","M","?","$","M","R","BOSS"],"build_version":"2018-10-04","purchased_purges":1,"victory":false,"max_hp_per_floor":[70,70,70,70,70,70,70,70,70,70,70,70,70,70,70,70],"card_choices":[{"not_picked":["Dagger Throw","Deadly Poison"],"picked":"Slice","floor":1},{"not_picked":["Deflect","Eviscerate"],"picked":"Sucker Punch","floor":4},{"not_picked":["Acrobatics","Skewer"],"picked":"Blade Dance","floor":5},{"not_picked":["Doppelganger","Prepared"],"picked":"Escape Plan","floor":7},{"not_picked":["Masterful Stab","Acrobatics"],"picked":"Bouncing Flask","floor":10},{"not_picked":["PiercingWail","Bane"],"picked":"Infinite Blades","floor":11},{"not_picked":["Outmaneuver","Bouncing Flask"],"picked":"Flying Knee","floor":14}],"player_experience":118315,"relics_obtained":[{"floor":7,"key":"Whetstone"},{"floor":9,"key":"Bottled Flame"}],"event_choices":[{"event_name":"World of Goop","player_choice":"Gather Gold","floor":2,"damage_taken":0},{"event_name":"The Lab","player_choice":"Got Potions","floor":3,"damage_taken":0}],"is_beta":false,"boss_relics":[],"items_purged_floors":[8],"is_endless":false,"potions_floor_spawned":[5,7,10,14],"killed_by":"The Guardian","ascension_level":0}