{"gold_per_floor":[109,109,109,127,46,75,75,92,92,92,103,103,136,149,149,223,223,240,257,257,85,85,85,97,47,47,82,117,34,34,61,61,134,134,153,166,166,185,407,407,407,732,732,785,785,810,828,863,863,863,863,863,863,95,124,124],"floor_reached":56,"playtime":4346,"items_purged":["Defend_G","Dagger Spray"],"score":2033,"play_id":"2bdde152-b866-4db3-b7ab-2748c14bbef1","local_time":"20190803015959","is_ascension_mode":true,"campfire_choices":[{"data":"Dash","floor":7.0,"key":"SMITH"},{"data":"Sucker Punch","floor":10.0,"key":"SMITH"},{"data":"Survivor","floor":12.0,"key":"SMITH"},{"data":"Glass Knife","floor":15.0,"key":"SMITH"},{"floor":23.0,"key":"REST"},{"data":"Noxious Fumes","floor":32.0,"key":"SMITH"},{"floor":40.0,"key":"RECALL"},{"floor":49.0,"key":"REST"},{"data":"Cloak And Dagger","floor":53.0,"key":"PURGE"}],"neow_cost":"NONE","seed_source_timestamp":265307744401555,"circlet_count":0,"master_deck":["AscendersBane","Defend_G+1","Defend_G+1","Defend_G+1","Survivor+1","Neutralize+1","Dagger Throw","Dash+1","Poisoned Stab","Sucker Punch+1","PiercingWail","Glass Knife+1","Malaise","Heel Hook+1","Bite","Bite","Bite","Bite","Bite","Necronomicurse","PiercingWail","Caltrops+1","Footwork","Noxious Fumes+1","Leg Sweep","Bullet Time","Dash","Apotheosis+1","Good Instincts","Trip+1","Noxious Fumes","Dodge and Roll"],"special_seed":0,"relics":["Ring of the Snake","NeowsBlessing","CultistMask","Bird Faced Urn","Mercury Hourglass","Smiling Mask","Runic Pyramid","Bronze Scales","Necronomicon","Happy Flower","Mango","Red Mask","Vajra","Fusion Hammer","Old Coin","Peace Pipe","Question Card","Darkstone Periapt","Art of War","Lantern","Chemical X","War Paint"],"potions_floor_usage":[],"damage_taken":[{"damage":0.0,"enemies":"Jaw Worm","floor":1.0,"turns":1.0},{"damage":0.0,"enemies":"Small Slimes","floor":4.0,"turns":1.0},{"damage":0.0,"enemies":"Lagavulin","floor":6.0,"turns":1.0},{"damage":0.0,"enemies":"Cultist","floor":8.0,"turns":3.0},{"damage":15.0,"enemies":"Gremlin Gang","floor":11.0,"turns":3.0},{"damage":19.0,"enemies":"3 Sentries","floor":13.0,"turns":6.0},{"damage":3.0,"enemies":"Large Slime","floor":14.0,"turns":4.0},{"damage":20.0,"enemies":"Slime Boss","floor":16.0,"turns":9.0},{"damage":13.0,"enemies":"3 Byrds","floor":18.0,"turns":5.0},{"damage":0.0,"enemies":"Chosen","floor":19.0,"turns":5.0},{"damage":4.0,"enemies":"Centurion and Healer","floor":24.0,"turns":7.0},{"damage":18.0,"enemies":"Gremlin Leader","floor":27.0,"turns":5.0},{"damage":10.0,"enemies":"Masked Bandits","floor":28.0,"turns":3.0},{"damage":7.0,"enemies":"Book of Stabbing","floor":31.0,"turns":5.0},{"damage":35.0,"enemies":"Champ","floor":33.0,"turns":15.0},{"damage":0.0,"enemies":"Orb Walker","floor":35.0,"turns":5.0},{"damage":12.0,"enemies":"3 Darklings","floor":36.0,"turns":4.0},{"damage":2.0,"enemies":"Jaw Worm Horde","floor":38.0,"turns":4.0},{"damage":19.0,"enemies":"Reptomancer","floor":42.0,"turns":7.0},{"damage":21.0,"enemies":"2 Orb Walkers","floor":44.0,"turns":5.0},{"damage":44.0,"enemies":"Giant Head","floor":46.0,"turns":9.0},{"damage":1.0,"enemies":"4 Shapes","floor":47.0,"turns":5.0},{"damage":42.0,"enemies":"Reptomancer","floor":48.0,"turns":6.0},{"damage":31.0,"enemies":"Time Eater","floor":50.0,"turns":14.0},{"damage":48.0,"enemies":"Awakened One","floor":51.0,"turns":13.0},{"damage":46.0,"enemies":"Shield and Spear","floor":55.0,"turns":7.0},{"damage":42,"enemies":"The Heart","floor":56,"turns":2}],"seed_played":"-43912303734212487","potions_obtained":[{"floor":1.0,"key":"GhostInAJar"},{"floor":11.0,"key":"PowerPotion"},{"floor":16.0,"key":"SpeedPotion"},{"floor":18.0,"key":"Block Potion"},{"floor":31.0,"key":"GhostInAJar"},{"floor":35.0,"key":"GamblersBrew"},{"floor":36.0,"key":"GhostInAJar"},{"floor":42.0,"key":"Explosive Potion"},{"floor":48.0,"key":"Fire Potion"}],"is_trial":false,"path_per_floor":["M","?","?","M","$","E","R","M","T","R","M","R","E","M","R","B",null,"M","M","?","$","?","R","M","$","T","E","?","$","?","E","R","B",null,"M","M","$","M","?","R","?","E","T","?","?","E","M","E","R","B","B",null,"R","$","E","B"],"character_chosen":"THE_SILENT","items_purchased":["Dash","Bronze Scales","Noxious Fumes","Art of War","Lantern","Chemical X","SpeedPotion","Weak Potion","Dodge and Roll"],"campfire_rested":2,"item_purchase_floors":[5,21,29,54,54,54,54,54,54],"current_hp_per_floor":[59,59,59,59,59,59,59,59,59,59,44,44,25,22,22,4,51,38,38,38,38,17,30,44,44,44,50,46,46,46,49,49,50,58,60,58,58,60,60,60,50,56,56,51,51,36,47,26,44,48,44,56,56,56,24,0],"gold":124,"neow_bonus":"THREE_ENEMY_KILL","is_prod":false,"is_daily":false,"chose_seed":false,"campfire_upgraded":5,"win_rate":0,"timestamp":1564822799,"path_taken":["M","?","?","M","$","E","R","?","T","R","?","R","E","M","R","BOSS","M","?","?","$","?","R","M","?","T","E","?","?","?","E","R","BOSS","M","M","$","M","?","R","?","E","T","?","?","E","M","E","R","BOSS","BOSS","R","$","E","BOSS"],"build_version":"2019-07-17","purchased_purges":2,"victory":false,"max_hp_per_floor":[66,66,66,66,66,66,66,66,66,66,66,66,66,66,66,66,66,66,66,46,46,46,46,46,46,46,60,60,60,60,60,60,60,60,60,60,60,60,60,60,60,60,60,60,60,60,60,60,60,60,60,60,60,60,60,60],"card_choices":[{"not_picked":["Outmaneuver","Riddle With Holes"],"picked":"Dagger Throw","floor":1.0},{"not_picked":["Outmaneuver","Dagger Throw"],"picked":"Dagger Spray","floor":4.0},{"not_picked":["Escape Plan","Caltrops"],"picked":"Poisoned Stab","floor":6.0},{"not_picked":["Infinite Blades","Skewer"],"picked":"Sucker Punch","floor":8.0},{"not_picked":["Dagger Spray","Deflect"],"picked":"PiercingWail","floor":11.0},{"not_picked":["Terror","Sucker Punch"],"picked":"Glass Knife","floor":13.0},{"not_picked":["Slice","Sucker Punch","Acrobatics"],"picked":"SKIP","floor":14.0},{"not_picked":["Doppelganger","Envenom"],"picked":"Malaise","floor":16.0},{"not_picked":["Choke","Outmaneuver"],"picked":"Cloak And Dagger","floor":18.0},{"not_picked":["Quick Slash","Dagger Throw"],"picked":"Heel Hook+1","floor":19.0},{"not_picked":["Prepared","Deadly Poison"],"picked":"PiercingWail","floor":24.0},{"not_picked":["Slice","A Thousand Cuts"],"picked":"Caltrops+1","floor":27.0},{"not_picked":["Blur","Infinite Blades"],"picked":"Footwork","floor":28.0},{"not_picked":["Escape Plan","Underhanded Strike"],"picked":"Leg Sweep","floor":31.0},{"not_picked":["Malaise","Tools of the Trade"],"picked":"Bullet Time","floor":33.0},{"not_picked":["All Out Attack+1","Dagger Spray","Expertise+1"],"picked":"SKIP","floor":35.0},{"not_picked":["Blur+1","Underhanded Strike"],"picked":"Dash","floor":36.0},{"not_picked":["Poisoned Stab","Deadly Poison","Flying Knee"],"picked":"SKIP","floor":38.0},{"not_picked":["Panache","Dark Shackles"],"picked":"Apotheosis","floor":41.0},{"not_picked":["Jack Of All Trades","Dramatic Entrance"],"picked":"Good Instincts","floor":41.0},{"not_picked":["Finesse","Enlightenment"],"picked":"Trip","floor":41.0},{"not_picked":["Underhanded Strike","Flying Knee","Deflect"],"picked":"SKIP","floor":42.0},{"not_picked":["Setup","Prepared","Dagger Throw"],"picked":"SKIP","floor":46.0},{"not_picked":["Infinite Blades","Blade Dance","Bane","Acrobatics+1"],"picked":"SKIP","floor":47.0},{"not_picked":["Outmaneuver+1","Deadly Poison","Leg Sweep"],"picked":"Noxious Fumes","floor":48.0},{"not_picked":["Backflip","Night Terror","Flying Knee+1","Acrobatics+1"],"picked":"SKIP","floor":55.0}],"player_experience":1044532,"relics_obtained":[{"floor":6.0,"key":"Bird Faced Urn"},{"floor":9.0,"key":"Mercury Hourglass"},{"floor":13.0,"key":"Smiling Mask"},{"floor":22.0,"key":"Necronomicon"},{"floor":26.0,"key":"Happy Flower"},{"floor":27.0,"key":"Mango"},{"floor":28.0,"key":"Red Mask"},{"floor":31.0,"key":"Vajra"},{"floor":42.0,"key":"Old Coin"},{"floor":44.0,"key":"Peace Pipe"},{"floor":46.0,"key":"Question Card"},{"floor":48.0,"key":"Darkstone Periapt"},{"floor":55.0,"key":"War Paint"}],"event_choices":[{"damage_healed":0.0,"max_hp_gain":0.0,"max_hp_loss":0.0,"gold_gain":0.0,"event_name":"Living Wall","player_choice":"Grow","floor":2.0,"gold_loss":0.0,"damage_taken":0.0,"cards_upgraded":["Neutralize"]},{"damage_healed":0.0,"max_hp_gain":0.0,"max_hp_loss":0.0,"gold_gain":0.0,"event_name":"FaceTrader","player_choice":"Trade","floor":3.0,"gold_loss":0.0,"damage_taken":0.0,"relics_obtained":["CultistMask"]},{"damage_healed":0.0,"max_hp_gain":0.0,"max_hp_loss":20.0,"gold_gain":0.0,"event_name":"Vampires","player_choice":"Became a vampire","floor":20.0,"gold_loss":0.0,"damage_taken":0.0,"cards_obtained":["Bite","Bite","Bite","Bite","Bite"]},{"damage_healed":0.0,"max_hp_gain":0.0,"max_hp_loss":0.0,"gold_gain":0.0,"event_name":"Cursed Tome","player_choice":"Obtained Book","floor":22.0,"gold_loss":0.0,"damage_taken":21.0},{"damage_healed":0.0,"max_hp_gain":0.0,"max_hp_loss":0.0,"gold_gain":0.0,"event_name":"Masked Bandits","player_choice":"Fought Bandits","floor":28.0,"gold_loss":0.0,"damage_taken":0.0},{"damage_healed":0.0,"max_hp_gain":0.0,"max_hp_loss":0.0,"gold_gain":0.0,"event_name":"Back to Basics","player_choice":"Simplicity","floor":30.0,"gold_loss":0.0,"damage_taken":0.0,"cards_upgraded":["Defend_G","Defend_G","Defend_G","Defend_G"]},{"damage_healed":0.0,"max_hp_gain":0.0,"max_hp_loss":0.0,"gold_gain":222.0,"event_name":"Tomb of Lord Red Mask","player_choice":"Wore Mask","floor":39.0,"gold_loss":0.0,"damage_taken":0.0},{"damage_healed":0.0,"max_hp_gain":0.0,"max_hp_loss":0.0,"gold_gain":0.0,"event_name":"SensoryStone","player_choice":"Memory 3","floor":41.0,"gold_loss":0.0,"damage_taken":10.0},{"damage_healed":0.0,"max_hp_gain":0.0,"max_hp_loss":0.0,"gold_gain":0.0,"event_name":"Mysterious Sphere","player_choice":"Fight","floor":44.0,"gold_loss":0.0,"damage_taken":0.0},{"cards_removed":["Defend_G"],"damage_healed":0.0,"max_hp_gain":0.0,"max_hp_loss":0.0,"gold_gain":0.0,"event_name":"Falling","player_choice":"Removed Skill","floor":45.0,"gold_loss":0.0,"damage_taken":0.0}],"is_beta":false,"boss_relics":[{"not_picked":["Calling Bell","Philosopher\u0027s Stone"],"picked":"Runic Pyramid"},{"not_picked":["Tiny House","Eternal Feather"],"picked":"Fusion Hammer"}],"items_purged_floors":[25,54],"is_endless":false,"potions_floor_spawned":[1,11,13,16,18,24,31,35,36,42,48],"killed_by":"The Heart","ascension_level":20}