{"gold_per_floor":[118,118,193,207,230,230,240,251,251,262,274,274,286,13,13,114,114,130,130,150,160,60,93,106,106],"floor_reached":25,"playtime":1850,"items_purged":["Defend_B","Strike_B"],"score":282,"play_id":"809ef32c-331b-4af9-bb84-735c781e64ad","local_time":"20190730191407","is_ascension_mode":true,"campfire_choices":[{"floor":6,"key":"REST"},{"data":"Echo Form","floor":15,"key":"SMITH"}],"neow_cost":"NONE","seed_source_timestamp":5118720687894608,"circlet_count":0,"master_deck":["Strike_B","Strike_B","Strike_B","Defend_B+1","Defend_B","Defend_B+1","Zap","Dualcast","Echo Form+1","Beam Cell","Self Repair","Redo","Conserve Battery","Ball Lightning","Electrodynamics","Gash","Capacitor","Darkness"],"relics":["Cracked Core","Kunai","War Paint","Shuriken","Lee\u0027s Waffle","Velvet Choker","Nunchaku"],"potions_floor_usage":[16,16,20,24],"damage_taken":[{"damage":7,"enemies":"Jaw Worm","floor":1,"turns":3},{"damage":6,"enemies":"Cultist","floor":4,"turns":3},{"damage":4,"enemies":"Small Slimes","floor":7,"turns":3},{"damage":7,"enemies":"2 Fungi Beasts","floor":8,"turns":4},{"damage":6,"enemies":"Looter","floor":10,"turns":3},{"damage":28,"enemies":"Exordium Wildlife","floor":11,"turns":6},{"damage":15,"enemies":"3 Louse","floor":13,"turns":3},{"damage":16,"enemies":"Slime Boss","floor":16,"turns":6},{"damage":21,"enemies":"3 Byrds","floor":18,"turns":3},{"damage":5,"enemies":"Chosen","floor":20,"turns":4},{"damage":5,"enemies":"3 Cultists","floor":21,"turns":3},{"damage":22,"enemies":"Gremlin Leader","floor":23,"turns":5},{"damage":25,"enemies":"Centurion and Healer","floor":24,"turns":6},{"damage":39,"enemies":"Slavers","floor":25,"turns":2}],"seed_played":"2177799430243666919","potions_obtained":[{"floor":7,"key":"PowerPotion"},{"floor":13,"key":"Poison Potion"},{"floor":16,"key":"Block Potion"},{"floor":18,"key":"Dexterity Potion"}],"is_trial":false,"path_per_floor":["M","?","?","M","T","R","M","M","T","M","M","?","M","$","R","B",null,"M","?","M","M","$","E","M","E"],"character_chosen":"DEFECT","items_purchased":["Lee\u0027s Waffle"],"campfire_rested":1,"item_purchase_floors":[14],"current_hp_per_floor":[61,54,43,37,37,59,62,62,62,63,42,42,34,82,82,80,82,68,52,54,56,56,48,37,0],"gold":106,"neow_bonus":"ONE_RANDOM_RARE_CARD","is_prod":false,"is_daily":false,"chose_seed":false,"campfire_upgraded":1,"win_rate":0,"timestamp":1564539247,"path_taken":["M","?","?","M","?","R","M","?","T","M","?","?","M","$","R","BOSS","M","?","M","M","$","E","M","E"],"build_version":"2019-07-17","purchased_purges":2,"victory":false,"max_hp_per_floor":[75,75,75,75,75,75,75,75,75,75,75,75,75,82,82,82,82,82,82,82,82,82,82,82,82],"card_choices":[{"not_picked":["Compile Driver","Turbo"],"picked":"Beam Cell","floor":1},{"not_picked":["Streamline","Loop"],"picked":"Self Repair","floor":4},{"not_picked":["Rebound","Sweeping Beam","Beam Cell"],"picked":"SKIP","floor":7},{"not_picked":["Turbo","Scrape"],"picked":"Redo","floor":8},{"not_picked":["Steam","Sweeping Beam"],"picked":"Conserve Battery","floor":10},{"not_picked":["Blizzard","Recycle"],"picked":"Ball Lightning","floor":11},{"not_picked":["Redo","Echo Form","Compile Driver"],"picked":"SKIP","floor":13},{"not_picked":["Biased Cognition","Seek"],"picked":"Electrodynamics","floor":16},{"not_picked":["Barrage","Steam"],"picked":"Gash","floor":18},{"not_picked":["Beam Cell","Streamline","Redo"],"picked":"SKIP","floor":20},{"not_picked":["Chill","Creative AI","Hologram"],"picked":"SKIP","floor":21},{"not_picked":["Beam Cell","Blizzard"],"picked":"Capacitor","floor":23},{"not_picked":["Barrage+1","Storm"],"picked":"Darkness","floor":24}],"player_experience":334652,"relics_obtained":[{"floor":5,"key":"War Paint"},{"floor":9,"key":"Shuriken"},{"floor":23,"key":"Nunchaku"}],"event_choices":[{"damage_healed":0,"gold_gain":0,"player_choice":"Success","damage_taken":7,"relics_obtained":["Kunai"],"max_hp_gain":0,"max_hp_loss":0,"event_name":"Scrap Ooze","floor":2,"gold_loss":0},{"damage_healed":0,"gold_gain":75,"player_choice":"Gather Gold","damage_taken":11,"max_hp_gain":0,"max_hp_loss":0,"event_name":"World of Goop","floor":3,"gold_loss":0},{"damage_healed":0,"gold_gain":0,"player_choice":"Ignored","damage_taken":0,"max_hp_gain":0,"max_hp_loss":0,"event_name":"Liars Game","floor":12,"gold_loss":0},{"damage_healed":0,"gold_gain":0,"player_choice":"Obtained Book","damage_taken":16,"max_hp_gain":0,"max_hp_loss":0,"event_name":"Cursed Tome","floor":19,"gold_loss":0}],"is_beta":false,"boss_relics":[{"not_picked":["Ectoplasm","Tiny House"],"picked":"Velvet Choker"}],"items_purged_floors":[14,22],"is_endless":false,"potions_floor_spawned":[7,13,16,18],"killed_by":"Slavers","ascension_level":6}