{"gold_per_floor":[365,46,64,81,81,81,111,111,111,111,122,122,136,167,167,265,265,275,275,92,111,111,111,140,155,182,193,220,220,230,249,249,353,353,370,382,352,52,152,152,170,187,260,260,270,289,289,0,0,0],"floor_reached":50,"playtime":3005,"items_purged":["Writhe","Parasite"],"score":678,"play_id":"eaee05ad-150f-4d75-b4d6-44e1d719a7e0","local_time":"20190714200257","is_ascension_mode":true,"campfire_choices":[{"data":"Uppercut","floor":6,"key":"SMITH"},{"data":"Bash","floor":10,"key":"SMITH"},{"floor":15,"key":"REST"},{"data":"Demon Form","floor":23,"key":"SMITH"},{"floor":32,"key":"REST"},{"floor":40,"key":"REST"},{"floor":44,"key":"REST"},{"floor":49,"key":"REST"}],"neow_cost":"TEN_PERCENT_HP_LOSS","seed_source_timestamp":1121212751456599,"circlet_count":0,"master_deck":["Strike_R","Strike_R","Strike_R","Defend_R","Defend_R","Defend_R","Defend_R","Bash+1","Dropkick","Uppercut+1","Clothesline","Headbutt","Cleave","Shrug It Off","Demon Form+1","Bludgeon","Disarm","Inflame","Heavy Blade","Hemokinesis","Power Through+1","Power Through+1","Heavy Blade","Pummel","Heavy Blade","Demon Form","Armaments","Infernal Blade","Shrug It Off","Metallicize+1","Uppercut","Ghostly Armor"],"relics":["Burning Blood","Paper Frog","Sundial","Letter Opener","Potion Belt","Snecko Eye","Bag of Preparation","Red Skull","Art of War","Centennial Puzzle","Runic Pyramid","Toy Ornithopter","Gremlin Horn","Blue Candle"],"potions_floor_usage":[24,25,28,28,33,41,41,42,42,42,50,50],"damage_taken":[{"damage":5,"enemies":"Small Slimes","floor":1,"turns":4},{"damage":8,"enemies":"2 Louse","floor":3,"turns":3},{"damage":9,"enemies":"Jaw Worm","floor":4,"turns":3},{"damage":8,"enemies":"Gremlin Nob","floor":7,"turns":3},{"damage":22,"enemies":"Exordium Thugs","floor":11,"turns":5},{"damage":8,"enemies":"Large Slime","floor":13,"turns":4},{"damage":27,"enemies":"3 Sentries","floor":14,"turns":7},{"damage":38,"enemies":"Hexaghost","floor":16,"turns":8},{"damage":6,"enemies":"2 Thieves","floor":18,"turns":2},{"damage":8,"enemies":"Chosen","floor":21,"turns":4},{"damage":44,"enemies":"Gremlin Leader","floor":24,"turns":5},{"damage":14,"enemies":"Centurion and Healer","floor":25,"turns":4},{"damage":4,"enemies":"Chosen and Byrds","floor":27,"turns":4},{"damage":3,"enemies":"Slavers","floor":28,"turns":3},{"damage":7,"enemies":"Cultist and Chosen","floor":30,"turns":5},{"damage":3,"enemies":"Centurion and Healer","floor":31,"turns":4},{"damage":36,"enemies":"Collector","floor":33,"turns":5},{"damage":67,"enemies":"3 Darklings","floor":35,"turns":8},{"damage":0,"enemies":"3 Shapes","floor":36,"turns":4},{"damage":21,"enemies":"Spire Growth","floor":41,"turns":4},{"damage":30,"enemies":"3 Darklings","floor":42,"turns":7},{"damage":6,"enemies":"Writhing Mass","floor":45,"turns":4},{"damage":15,"enemies":"Spire Growth","floor":46,"turns":3},{"damage":94,"enemies":"Time Eater","floor":50,"turns":8}],"seed_played":"-202613426106366067","potions_obtained":[{"floor":3,"key":"BloodPotion"},{"floor":7,"key":"SteroidPotion"},{"floor":11,"key":"SteroidPotion"},{"floor":21,"key":"Block Potion"},{"floor":24,"key":"Regen Potion"},{"floor":25,"key":"Energy Potion"},{"floor":35,"key":"Weak Potion"},{"floor":36,"key":"SkillPotion"},{"floor":37,"key":"SpeedPotion"},{"floor":37,"key":"PowerPotion"},{"floor":41,"key":"Energy Potion"},{"floor":45,"key":"PowerPotion"}],"is_trial":false,"path_per_floor":["M","$","M","M","?","R","E","?","T","R","M","?","M","E","R","B",null,"M","?","$","M","?","R","E","M","T","M","E","?","M","M","R","B",null,"M","M","?","$","?","R","M","M","T","R","M","M","?","$","R","B"],"character_chosen":"IRONCLAD","items_purchased":["Paper Frog","Uppercut","Disarm","Inflame","Toy Ornithopter","Blue Candle","Ghostly Armor"],"campfire_rested":5,"item_purchase_floors":[2,2,20,20,38,48,48],"current_hp_per_floor":[72,72,70,67,67,67,65,58,58,58,42,60,58,37,58,26,72,72,72,72,70,70,70,32,36,36,38,41,41,40,43,64,34,72,11,17,17,17,17,37,32,23,23,43,43,34,34,34,54,0],"gold":0,"neow_bonus":"TWO_FIFTY_GOLD","is_prod":false,"is_daily":false,"chose_seed":false,"campfire_upgraded":3,"win_rate":0,"timestamp":1563130977,"path_taken":["M","$","M","M","?","R","E","?","T","R","M","?","?","E","R","BOSS","M","?","$","M","?","R","E","M","T","M","E","?","?","M","R","BOSS","M","M","?","?","?","R","M","?","T","R","?","M","?","$","R","BOSS"],"build_version":"2019-07-05","purchased_purges":2,"victory":false,"max_hp_per_floor":[72,72,72,72,72,72,72,72,72,72,72,72,72,72,72,72,72,72,72,72,72,72,72,72,72,72,72,72,72,72,72,72,72,72,72,72,72,69,69,69,69,69,69,69,69,69,69,69,69,69],"card_choices":[{"not_picked":["Anger","Havoc"],"picked":"Dropkick","floor":1},{"not_picked":["Armaments","Body Slam"],"picked":"Clothesline","floor":3},{"not_picked":["Searing Blow","Rupture"],"picked":"Headbutt","floor":4},{"not_picked":["Juggernaut","Heavy Blade"],"picked":"Cleave","floor":7},{"not_picked":["Clothesline","Intimidate","Searing Blow"],"picked":"SKIP","floor":11},{"not_picked":["Heavy Blade","Blood for Blood"],"picked":"Shrug It Off","floor":13},{"not_picked":["Heavy Blade","Twin Strike"],"picked":"Demon Form","floor":14},{"not_picked":["Limit Break","Berserk"],"picked":"Bludgeon","floor":16},{"not_picked":["Havoc","Headbutt"],"picked":"Warcry+1","floor":18},{"not_picked":["Thunderclap","Cleave","Anger+1"],"picked":"SKIP","floor":21},{"not_picked":["Brutality","Seeing Red"],"picked":"Power Through+1","floor":24},{"not_picked":["Iron Wave","Heavy Blade"],"picked":"Power Through+1","floor":25},{"not_picked":["Cleave","Clash+1","Burning Pact"],"picked":"SKIP","floor":27},{"not_picked":["Havoc","Clothesline"],"picked":"Heavy Blade","floor":28},{"not_picked":["Warcry","Double Tap"],"picked":"Pummel","floor":30},{"not_picked":["Thunderclap","Flex+1"],"picked":"Heavy Blade","floor":31},{"not_picked":["Double Tap","Offering"],"picked":"Demon Form","floor":33},{"not_picked":["Headbutt+1","Clothesline+1"],"picked":"Armaments","floor":35},{"not_picked":["Headbutt+1","Pommel Strike"],"picked":"Infernal Blade","floor":36},{"not_picked":["Iron Wave","Clothesline+1"],"picked":"Shrug It Off","floor":41},{"not_picked":["Hemokinesis","Iron Wave"],"picked":"Metallicize+1","floor":42},{"not_picked":["Exhume","Anger"],"picked":"Uppercut","floor":45},{"not_picked":["Warcry","Headbutt","Sentinel"],"picked":"SKIP","floor":46}],"player_experience":158383,"relics_obtained":[{"floor":7,"key":"Sundial"},{"floor":9,"key":"Letter Opener"},{"floor":14,"key":"Potion Belt"},{"floor":24,"key":"Red Skull"},{"floor":26,"key":"Art of War"},{"floor":28,"key":"Centennial Puzzle"},{"floor":43,"key":"Gremlin Horn"}],"event_choices":[{"damage_healed":0,"gold_gain":0,"player_choice":"Ignored","damage_taken":0,"max_hp_gain":0,"max_hp_loss":0,"event_name":"Liars Game","floor":5,"gold_loss":0},{"cards_removed":["Strike_R"],"damage_healed":0,"gold_gain":0,"player_choice":"Card Removal","damage_taken":7,"max_hp_gain":0,"max_hp_loss":0,"event_name":"Golden Wing","floor":8,"gold_loss":0},{"damage_healed":18,"gold_gain":0,"player_choice":"Healed and dodged fight","damage_taken":0,"max_hp_gain":0,"max_hp_loss":0,"event_name":"Mushrooms","floor":12,"gold_loss":0,"cards_obtained":["Parasite"]},{"damage_healed":0,"gold_gain":0,"player_choice":"Opened","damage_taken":0,"relics_obtained":["Bag of Preparation"],"max_hp_gain":0,"max_hp_loss":0,"event_name":"The Mausoleum","floor":19,"gold_loss":0,"cards_obtained":["Writhe"]},{"damage_healed":0,"gold_gain":0,"cards_transformed":["Warcry","Strike_R"],"player_choice":"Became Test Subject","damage_taken":0,"max_hp_gain":0,"max_hp_loss":0,"event_name":"Drug Dealer","floor":22,"gold_loss":0,"cards_obtained":["Heavy Blade","Hemokinesis"]},{"damage_healed":0,"gold_gain":0,"player_choice":"Ignored","damage_taken":0,"max_hp_gain":0,"max_hp_loss":0,"event_name":"Ghosts","floor":29,"gold_loss":0},{"damage_healed":0,"gold_gain":0,"player_choice":"Bought 2 Potions","damage_taken":0,"max_hp_gain":0,"max_hp_loss":0,"event_name":"The Woman in Blue","floor":37,"gold_loss":0},{"damage_healed":0,"gold_gain":100,"player_choice":"Pray","damage_taken":0,"max_hp_gain":0,"max_hp_loss":0,"event_name":"Golden Shrine","floor":39,"gold_loss":0},{"damage_healed":0,"gold_gain":0,"player_choice":"Ignored","damage_taken":0,"max_hp_gain":0,"max_hp_loss":0,"event_name":"Mysterious Sphere","floor":47,"gold_loss":0}],"is_beta":false,"boss_relics":[{"not_picked":["Tiny House","Busted Crown"],"picked":"Snecko Eye"},{"not_picked":["Orrery","Velvet Choker"],"picked":"Runic Pyramid"}],"items_purged_floors":[20,38],"is_endless":false,"potions_floor_spawned":[3,7,11,21,24,25,35,36,41,45],"killed_by":"Time Eater","ascension_level":4}