{"gold_per_floor":[119,133,133,146,22,22,47,67,90,119,153,165,127,139,151,264,276,301,332,355,367,33,65,24,57,57,57,67,78,78,91,91,190,190,210,110,124,142,153,182,182,82,82,107,107,107,107,137,137,137],"floor_reached":51,"playtime":4526,"items_purged":["Strike_G","Strike_G","Strike_G","Defend_G"],"score":835,"play_id":"7977d5c1-e8b4-4b4c-8575-db9a8f93324e","local_time":"20181126171552","is_ascension_mode":true,"campfire_choices":[{"data":"Deadly Poison","floor":6.0,"key":"SMITH"},{"floor":12.0,"key":"REST"},{"data":"Noxious Fumes","floor":15.0,"key":"SMITH"},{"floor":27.0,"key":"REST"},{"data":"Bullet Time","floor":30.0,"key":"SMITH"},{"data":"Catalyst","floor":32.0,"key":"SMITH"},{"floor":41.0,"key":"REST"},{"floor":46.0,"key":"REST"},{"floor":49,"key":"REST"}],"neow_cost":"NONE","seed_source_timestamp":0,"circlet_count":0,"master_deck":["Defend_G+1","Defend_G","Defend_G+1","Survivor","Neutralize","Flying Knee","Deadly Poison+1","Well Laid Plans","Noxious Fumes+1","Catalyst+1","Deadly Poison","Corpse Explosion","Poisoned Stab","Backflip+1","Catalyst","Sucker Punch","Escape Plan","Bullet Time+1","Backflip","Deadly Poison+1","Adrenaline","Backflip","Distraction+1","Acrobatics+1","Venomology","Calculated Gamble+1"],"special_seed":0,"relics":["Ring of the Snake","Strawberry","MawBank","Odd Mushroom","Pen Nib","Runic Dome","Pantograph","Ancient Tea Set","FossilizedHelix","Smiling Mask","Fusion Hammer","War Paint","Bag of Marbles","Happy Flower","Anchor"],"potions_floor_usage":[50],"damage_taken":[{"damage":4.0,"enemies":"Jaw Worm","floor":1.0,"turns":6.0},{"damage":5.0,"enemies":"Small Slimes","floor":2.0,"turns":5.0},{"damage":0.0,"enemies":"2 Louse","floor":4.0,"turns":4.0},{"damage":8.0,"enemies":"Lagavulin","floor":7.0,"turns":6.0},{"damage":8.0,"enemies":"Gremlin Gang","floor":8.0,"turns":4.0},{"damage":5.0,"enemies":"Exordium Thugs","floor":10.0,"turns":4.0},{"damage":10.0,"enemies":"The Mushroom Lair","floor":11.0,"turns":4.0},{"damage":6.0,"enemies":"The Guardian","floor":16.0,"turns":7.0},{"damage":27.0,"enemies":"2 Thieves","floor":18.0,"turns":3.0},{"damage":0.0,"enemies":"Chosen","floor":19.0,"turns":4.0},{"damage":13.0,"enemies":"3 Cultists","floor":20.0,"turns":3.0},{"damage":24.0,"enemies":"Book of Stabbing","floor":23.0,"turns":5.0},{"damage":19.0,"enemies":"Gremlin Leader","floor":25.0,"turns":5.0},{"damage":0.0,"enemies":"Snecko","floor":28.0,"turns":3.0},{"damage":0.0,"enemies":"Snake Plant","floor":29.0,"turns":3.0},{"damage":0.0,"enemies":"Shelled Parasite and Fungi","floor":31.0,"turns":4.0},{"damage":20.0,"enemies":"Champ","floor":33.0,"turns":7.0},{"damage":0.0,"enemies":"3 Shapes","floor":35.0,"turns":3.0},{"damage":0.0,"enemies":"Orb Walker","floor":37.0,"turns":3.0},{"damage":0.0,"enemies":"Maw","floor":38.0,"turns":6.0},{"damage":0.0,"enemies":"Sphere and 2 Shapes","floor":39.0,"turns":4.0},{"damage":0.0,"enemies":"Giant Head","floor":40.0,"turns":4.0},{"damage":9.0,"enemies":"Reptomancer","floor":48.0,"turns":6.0},{"damage":0,"enemies":"Donu and Deca","floor":50,"turns":3}],"seed_played":"-6836137764449084566","potions_obtained":[{"floor":2.0,"key":"Block Potion"},{"floor":7.0,"key":"SpeedPotion"},{"floor":11.0,"key":"AttackPotion"},{"floor":16.0,"key":"PowerPotion"},{"floor":18.0,"key":"Regen Potion"},{"floor":25.0,"key":"SkillPotion"},{"floor":28.0,"key":"Strength Potion"},{"floor":29.0,"key":"GhostInAJar"},{"floor":38.0,"key":"EssenceOfSteel"},{"floor":39.0,"key":"EntropicBrew"},{"floor":40.0,"key":"GamblersBrew"}],"is_trial":false,"path_per_floor":["M","M","?","M","$","R","E","M","T","M","?","R","?","T","R","B",null,"M","M","M","?","$","E","$","E","T","R","M","M","R","M","R","B",null,"M","$","M","M","M","E","R","$","T","T","?","R","?","E","R","B",null],"character_chosen":"THE_SILENT","items_purchased":["Poisoned Stab","Pantograph","Escape Plan","AttackPotion","Energy Potion"],"campfire_rested":5,"item_purchase_floors":[5,22,24,36,42],"current_hp_per_floor":[73,68,61,61,61,61,60,52,52,47,37,62,62,62,62,56,84,57,71,58,84,84,60,60,41,41,66,66,66,66,66,66,64,84,84,84,84,84,84,84,84,84,84,84,84,84,84,75,84,84],"gold":137,"neow_bonus":"TEN_PERCENT_HP_BONUS","is_prod":false,"is_daily":false,"chose_seed":false,"campfire_upgraded":4,"win_rate":0,"timestamp":1543281352,"path_taken":["M","M","?","M","$","R","E","M","T","M","?","R","?","?","R","BOSS","M","M","?","?","$","E","?","E","T","R","?","M","R","?","R","BOSS","M","$","M","M","M","E","R","$","T","?","?","R","?","E","R","BOSS"],"build_version":"2018-11-15","purchased_purges":4,"victory":true,"max_hp_per_floor":[77,77,77,77,77,77,84,84,84,84,84,84,84,84,84,84,84,84,84,84,84,84,84,84,84,84,84,84,84,84,84,84,84,84,84,84,84,84,84,84,84,84,84,84,84,84,84,84,84,84],"card_choices":[{"not_picked":["Quick Slash","Skewer"],"picked":"Flying Knee","floor":1.0},{"not_picked":["Backstab","Quick Slash"],"picked":"Deadly Poison","floor":2.0},{"not_picked":["Blade Dance","Quick Slash"],"picked":"Well Laid Plans","floor":4.0},{"not_picked":["Escape Plan","Blur"],"picked":"Noxious Fumes","floor":7.0},{"not_picked":["Concentrate","Acrobatics"],"picked":"Catalyst","floor":8.0},{"not_picked":["Setup","Catalyst"],"picked":"Deadly Poison","floor":10.0},{"not_picked":["A Thousand Cuts","Grand Finale"],"picked":"Corpse Explosion","floor":16.0},{"not_picked":["Reflex","Underhanded Strike"],"picked":"Poisoned Stab","floor":18.0},{"not_picked":["Quick Slash+1","Bouncing Flask"],"picked":"Backflip+1","floor":19.0},{"not_picked":["Deadly Poison","Setup"],"picked":"Catalyst","floor":20.0},{"not_picked":["Masterful Stab","Caltrops"],"picked":"Sucker Punch","floor":23.0},{"not_picked":["Backstab","Flechettes"],"picked":"Bullet Time","floor":25.0},{"not_picked":["Tactician+1","Slice","Prepared"],"picked":"SKIP","floor":28.0},{"not_picked":["Slice+1","Well Laid Plans"],"picked":"Backflip","floor":29.0},{"not_picked":["Blade Dance","Reflex"],"picked":"Deadly Poison+1","floor":31.0},{"not_picked":["Corpse Explosion","Unload"],"picked":"Adrenaline","floor":33.0},{"not_picked":["Sucker Punch+1","Blade Dance"],"picked":"Backflip","floor":35.0},{"not_picked":["Eviscerate+1","Well Laid Plans+1"],"picked":"Distraction+1","floor":37.0},{"not_picked":["Choke","Poisoned Stab+1"],"picked":"Acrobatics+1","floor":38.0},{"not_picked":["PiercingWail+1","Blur"],"picked":"Venomology","floor":39.0},{"not_picked":["Dagger Spray","Bane+1"],"picked":"Calculated Gamble+1","floor":40.0},{"not_picked":["Backflip","PiercingWail","Deadly Poison"],"picked":"SKIP","floor":48.0}],"player_experience":221222,"relics_obtained":[{"floor":7.0,"key":"Strawberry"},{"floor":9.0,"key":"MawBank"},{"floor":11.0,"key":"Odd Mushroom"},{"floor":14.0,"key":"Pen Nib"},{"floor":23.0,"key":"Ancient Tea Set"},{"floor":25.0,"key":"FossilizedHelix"},{"floor":26.0,"key":"Smiling Mask"},{"floor":40.0,"key":"War Paint"},{"floor":43.0,"key":"Bag of Marbles"},{"floor":44.0,"key":"Happy Flower"},{"floor":48.0,"key":"Anchor"}],"event_choices":[{"cards_removed":["Strike_G"],"damage_healed":0.0,"max_hp_gain":0.0,"max_hp_loss":0.0,"gold_gain":0.0,"event_name":"Golden Wing","player_choice":"Card Removal","floor":3.0,"gold_loss":0.0,"damage_taken":7.0},{"damage_healed":0.0,"max_hp_gain":0.0,"max_hp_loss":0.0,"gold_gain":0.0,"event_name":"Mushrooms","player_choice":"Fought Mushrooms","floor":11.0,"gold_loss":0.0,"damage_taken":0.0},{"cards_removed":["Strike_G"],"damage_healed":0.0,"max_hp_gain":0.0,"max_hp_loss":0.0,"gold_gain":0.0,"event_name":"The Cleric","player_choice":"Card Removal","floor":13.0,"gold_loss":50.0,"damage_taken":0.0},{"damage_healed":28.0,"max_hp_gain":0.0,"max_hp_loss":0.0,"gold_gain":0.0,"event_name":"The Library","player_choice":"Heal","floor":21.0,"gold_loss":0.0,"damage_taken":0.0},{"cards_removed":["Poisoned Stab"],"damage_healed":0.0,"max_hp_gain":0.0,"max_hp_loss":0.0,"gold_gain":0.0,"event_name":"Falling","player_choice":"Removed Attack","floor":45.0,"gold_loss":0.0,"damage_taken":0.0},{"cards_removed":["Defend_G"],"damage_healed":0.0,"max_hp_gain":0.0,"max_hp_loss":0.0,"gold_gain":0.0,"event_name":"Purifier","player_choice":"Purged","floor":47.0,"gold_loss":0.0,"damage_taken":0.0}],"is_beta":false,"boss_relics":[{"not_picked":["Ectoplasm","Velvet Choker"],"picked":"Runic Dome"},{"not_picked":["HoveringKite","Coffee Dripper"],"picked":"Fusion Hammer"}],"items_purged_floors":[5,22,36,42],"is_endless":false,"potions_floor_spawned":[2,7,11,16,18,25,28,29,38,39,40],"ascension_level":1}