{"gold_per_floor":[112,112,131,151,5,31,106,106,106,117,117,147,147,174,174,174],"floor_reached":16,"playtime":5063,"items_purged":[],"score":124,"play_id":"64e994c7-1fc5-42db-9707-3f8af77c66b6","local_time":"20190709175358","is_ascension_mode":true,"campfire_choices":[{"floor":8,"key":"REST"},{"floor":13,"key":"REST"},{"data":"Loop","floor":15,"key":"SMITH"}],"neow_cost":"NONE","seed_source_timestamp":679407148620800,"circlet_count":0,"master_deck":["Strike_B","Strike_B","Strike_B","Strike_B","Defend_B","Defend_B","Defend_B","Defend_B+1","Zap+1","Dualcast","Steam Power","Hologram+1","Rebound","Redo","Creative AI","Coolheaded","Loop+1"],"relics":["Cracked Core","Omamori","Cables","Kunai","War Paint","Bag of Preparation"],"potions_floor_usage":[6,16],"damage_taken":[{"damage":0,"enemies":"2 Louse","floor":1,"turns":2},{"damage":0,"enemies":"Cultist","floor":3,"turns":2},{"damage":0,"enemies":"Small Slimes","floor":4,"turns":2},{"damage":21,"enemies":"Lagavulin","floor":6,"turns":6},{"damage":7,"enemies":"3 Louse","floor":10,"turns":2},{"damage":44,"enemies":"3 Sentries","floor":12,"turns":7},{"damage":10,"enemies":"Lagavulin","floor":14,"turns":6},{"damage":39,"enemies":"Hexaghost","floor":16,"turns":12}],"seed_played":"-5546434009150250954","potions_obtained":[{"floor":1,"key":"SmokeBomb"},{"floor":4,"key":"Fire Potion"},{"floor":10,"key":"SkillPotion"}],"is_trial":false,"path_per_floor":["M","?","M","M","$","E","?","R","T","M","?","E","R","E","R","B"],"character_chosen":"DEFECT","items_purchased":["Omamori"],"campfire_rested":2,"item_purchase_floors":[5],"current_hp_per_floor":[82,82,82,82,82,61,50,74,74,67,67,23,47,37,37,0],"gold":174,"neow_bonus":"TEN_PERCENT_HP_BONUS","is_prod":false,"is_daily":false,"chose_seed":false,"campfire_upgraded":1,"win_rate":0,"timestamp":1562691238,"path_taken":["M","?","M","M","?","E","?","R","T","M","?","E","R","E","R","BOSS"],"build_version":"2019-07-05","purchased_purges":0,"victory":false,"max_hp_per_floor":[82,82,82,82,82,82,82,82,82,82,82,82,82,82,82,82],"card_choices":[{"not_picked":["Heatsinks","Stack"],"picked":"Steam Power","floor":1},{"not_picked":["Leap","Rebound"],"picked":"Hologram","floor":3},{"not_picked":["Beam Cell","Reinforced Body"],"picked":"Rebound","floor":4},{"not_picked":["Steam","Gash"],"picked":"Redo","floor":6},{"not_picked":["Gash","Sunder"],"picked":"Creative AI","floor":10},{"not_picked":["Tempest","Hologram"],"picked":"Coolheaded","floor":12},{"not_picked":["Force Field","Chaos"],"picked":"Loop","floor":14}],"player_experience":55935,"relics_obtained":[{"floor":6,"key":"Cables"},{"floor":12,"key":"War Paint"},{"floor":14,"key":"Bag of Preparation"}],"event_choices":[{"damage_healed":0,"gold_gain":0,"player_choice":"Upgraded","damage_taken":0,"max_hp_gain":0,"max_hp_loss":0,"event_name":"Upgrade Shrine","floor":2,"gold_loss":0,"cards_upgraded":["Zap"]},{"damage_healed":0,"gold_gain":75,"player_choice":"Gather Gold","damage_taken":11,"max_hp_gain":0,"max_hp_loss":0,"event_name":"World of Goop","floor":7,"gold_loss":0},{"damage_healed":0,"gold_gain":0,"player_choice":"Box","damage_taken":0,"relics_obtained":["Kunai"],"max_hp_gain":0,"max_hp_loss":0,"event_name":"Big Fish","floor":11,"gold_loss":0,"cards_obtained":["Regret"]}],"is_beta":false,"boss_relics":[],"items_purged_floors":[],"is_endless":false,"potions_floor_spawned":[1,4,10],"killed_by":"Hexaghost","ascension_level":1}