{"gold_per_floor":[116,116,134,134,209,238,254,265,288,322,322,342,360,376,376,475,475,494,105,117,131,230,230],"floor_reached":23,"playtime":2038,"items_purged":["Strike_B"],"score":299,"play_id":"61f4da9a-125d-41e1-83d6-cf216a6bfbbd","local_time":"20190731175433","is_ascension_mode":true,"campfire_choices":[{"floor":11.0,"key":"REST"},{"floor":15.0,"key":"REST"}],"neow_cost":"NONE","seed_source_timestamp":0,"circlet_count":0,"master_deck":["Strike_B","Strike_B","Strike_B","Defend_B","Defend_B+1","Defend_B","Zap+1","Dualcast","Coolheaded","Conserve Battery+1","Self Repair","Beam Cell","Capacitor","Chaos","Reinforced Body","Go for the Eyes","Melter","White Noise","Gash+1"],"special_seed":0,"relics":["Cracked Core","NeowsBlessing","War Paint","Happy Flower","Nuclear Battery","Mercury Hourglass"],"potions_floor_usage":[18,23],"damage_taken":[{"damage":0.0,"enemies":"2 Louse","floor":1.0,"turns":1.0},{"damage":0.0,"enemies":"Small Slimes","floor":3.0,"turns":1.0},{"damage":0.0,"enemies":"Gremlin Nob","floor":6.0,"turns":1.0},{"damage":2.0,"enemies":"Jaw Worm","floor":7.0,"turns":3.0},{"damage":26.0,"enemies":"Gremlin Gang","floor":8.0,"turns":5.0},{"damage":18.0,"enemies":"Lagavulin","floor":10.0,"turns":8.0},{"damage":24.0,"enemies":"3 Louse","floor":12.0,"turns":4.0},{"damage":11.0,"enemies":"Blue Slaver","floor":13.0,"turns":5.0},{"damage":2.0,"enemies":"Red Slaver","floor":14.0,"turns":4.0},{"damage":31.0,"enemies":"Hexaghost","floor":16.0,"turns":11.0},{"damage":8,"enemies":"Shell Parasite","floor":18,"turns":7},{"damage":15,"enemies":"3 Byrds","floor":20,"turns":5},{"damage":35,"enemies":"3 Cultists","floor":21,"turns":6},{"damage":27,"enemies":"Book of Stabbing","floor":23,"turns":4}],"seed_played":"1089973217544110952","potions_obtained":[{"floor":7.0,"key":"SkillPotion"},{"floor":10.0,"key":"SkillPotion"},{"floor":12.0,"key":"LiquidBronze"},{"floor":14.0,"key":"SteroidPotion"},{"floor":16.0,"key":"Block Potion"},{"floor":20,"key":"SneckoOil"}],"is_trial":false,"path_per_floor":["M","?","M","?","?","E","M","M","T","E","R","M","M","M","R","B",null,"M","$","M","M","?","E"],"character_chosen":"DEFECT","items_purchased":["Mercury Hourglass","Melter"],"campfire_rested":2,"item_purchase_floors":[19,19],"current_hp_per_floor":[68,61,61,61,50,50,55,36,36,25,47,30,26,31,53,29,64,63,63,55,27,27,0],"gold":230,"neow_bonus":"THREE_ENEMY_KILL","is_prod":false,"is_daily":false,"chose_seed":false,"campfire_upgraded":0,"win_rate":0,"timestamp":1564620873,"path_taken":["M","?","M","?","?","E","M","M","T","E","R","?","M","?","R","BOSS","M","$","M","M","?","E"],"build_version":"2019-07-17","purchased_purges":1,"victory":false,"max_hp_per_floor":[75,75,75,75,75,75,75,75,75,75,75,75,75,75,75,75,75,75,75,75,75,75,75],"card_choices":[{"not_picked":["Stack","Beam Cell"],"picked":"Coolheaded","floor":1.0},{"not_picked":["Ball Lightning","Gash"],"picked":"Conserve Battery","floor":3.0},{"not_picked":["Rip and Tear","Creative AI"],"picked":"Self Repair","floor":6.0},{"not_picked":["Rebound","Force Field"],"picked":"Beam Cell","floor":7.0},{"not_picked":["Consume","Tempest","Hologram"],"picked":"SKIP","floor":8.0},{"not_picked":["Compile Driver","Hologram"],"picked":"Capacitor","floor":10.0},{"not_picked":["Static Discharge","Stack"],"picked":"Chaos","floor":12.0},{"not_picked":["Undo","Stack"],"picked":"Reinforced Body","floor":13.0},{"not_picked":["BootSequence","Hyperbeam","Coolheaded"],"picked":"SKIP","floor":14.0},{"not_picked":["Recycle","Sweeping Beam"],"picked":"Go for the Eyes","floor":18},{"not_picked":["Leap+1","Rebound"],"picked":"White Noise","floor":20},{"not_picked":["Go for the Eyes+1","Beam Cell"],"picked":"Gash+1","floor":21}],"player_experience":336784,"relics_obtained":[{"floor":6.0,"key":"War Paint"},{"floor":10.0,"key":"Happy Flower"}],"event_choices":[{"cards_removed":["Defend_B"],"damage_healed":0.0,"max_hp_gain":0.0,"max_hp_loss":0.0,"gold_gain":0.0,"event_name":"Golden Wing","player_choice":"Card Removal","floor":2.0,"gold_loss":0.0,"damage_taken":7.0},{"damage_healed":0.0,"max_hp_gain":0.0,"max_hp_loss":0.0,"gold_gain":0.0,"event_name":"Living Wall","player_choice":"Grow","floor":4.0,"gold_loss":0.0,"damage_taken":0.0,"cards_upgraded":["Conserve Battery"]},{"damage_healed":0.0,"max_hp_gain":0.0,"max_hp_loss":0.0,"gold_gain":75.0,"event_name":"World of Goop","player_choice":"Gather Gold","floor":5.0,"gold_loss":0.0,"damage_taken":11.0},{"damage_healed":0,"gold_gain":99,"player_choice":"Stole From Cult","damage_taken":0,"max_hp_gain":0,"max_hp_loss":0,"event_name":"Nest","floor":22,"gold_loss":0}],"is_beta":false,"boss_relics":[{"not_picked":["Empty Cage","Orrery"],"picked":"Nuclear Battery"}],"items_purged_floors":[19],"is_endless":false,"potions_floor_spawned":[7,10,12,14,16,20],"killed_by":"Book of Stabbing","ascension_level":6}