{"gold_per_floor":[109,184,184,11,24,54,54,64,64,90,90,108,108,108,108,210,210,227,241,19,38,38,38,72,88,135,234,0,0,0,20,20,20],"floor_reached":33,"playtime":1350,"items_purged":["Strike_B","Strike_B"],"score":314,"play_id":"9c3ee9aa-9588-46da-b5f5-da8b6057f736","local_time":"20190715025610","is_ascension_mode":true,"campfire_choices":[{"floor":7,"key":"REST"},{"floor":11,"key":"REST"},{"data":"Zap","floor":13,"key":"SMITH"},{"data":"Dualcast","floor":15,"key":"SMITH"},{"floor":23,"key":"REST"},{"floor":30,"key":"REST"},{"floor":32,"key":"REST"}],"neow_cost":"NONE","seed_source_timestamp":1147658290595900,"circlet_count":0,"master_deck":["Strike_B+1","Strike_B+1","Defend_B+1","Defend_B+1","Defend_B+1","Defend_B+1","Zap+1","Dualcast+1","Ball Lightning","Ball Lightning","Sweeping Beam","FTL","Gash","Streamline","Glacier","Hologram","Electrodynamics","Blizzard+1","Coolheaded","Bandage Up","Rebound","Cold Snap+1","Core Surge","Consume","Coolheaded","Turbo","Stack"],"relics":["FrozenCore","Ornamental Fan","Orichalcum","Dodecahedron","Omamori","Dream Catcher"],"potions_floor_usage":[6,31,33,33],"damage_taken":[{"damage":7,"enemies":"Jaw Worm","floor":1,"turns":4},{"damage":7,"enemies":"Small Slimes","floor":5,"turns":2},{"damage":15,"enemies":"3 Sentries","floor":6,"turns":4},{"damage":0,"enemies":"2 Louse","floor":8,"turns":1},{"damage":30,"enemies":"Lagavulin","floor":10,"turns":5},{"damage":1,"enemies":"Exordium Thugs","floor":12,"turns":3},{"damage":36,"enemies":"Hexaghost","floor":16,"turns":9},{"damage":0,"enemies":"Chosen","floor":18,"turns":4},{"damage":6,"enemies":"3 Byrds","floor":19,"turns":2},{"damage":18,"enemies":"Sentry and Sphere","floor":21,"turns":6},{"damage":51,"enemies":"Gremlin Leader","floor":24,"turns":7},{"damage":26,"enemies":"Centurion and Healer","floor":25,"turns":4},{"damage":17,"enemies":"Snecko","floor":31,"turns":7},{"damage":73,"enemies":"Champ","floor":33,"turns":20}],"seed_played":"4780034125801924011","potions_obtained":[{"floor":5,"key":"PowerPotion"},{"floor":8,"key":"Swift Potion"},{"floor":16,"key":"GamblersBrew"},{"floor":21,"key":"Poison Potion"}],"is_trial":false,"path_per_floor":["M","?","?","$","M","E","R","M","T","E","R","M","R","?","R","B",null,"M","M","$","M","?","R","E","M","T","?","?","$","R","M","R","B"],"character_chosen":"DEFECT","items_purchased":["Ball Lightning","Sweeping Beam","Bandage Up","Rebound"],"campfire_rested":5,"item_purchase_floors":[4,4,20,20],"current_hp_per_floor":[75,64,64,64,57,42,66,66,66,36,60,59,59,82,82,46,82,82,76,76,62,62,82,35,13,13,13,13,13,37,24,48,0],"gold":20,"neow_bonus":"TEN_PERCENT_HP_BONUS","is_prod":false,"is_daily":false,"chose_seed":false,"campfire_upgraded":2,"win_rate":0,"timestamp":1563155770,"path_taken":["M","?","?","$","?","E","R","M","T","E","R","M","R","?","R","BOSS","M","M","$","M","?","R","E","M","T","?","?","$","R","M","R","BOSS"],"build_version":"2019-07-05","purchased_purges":2,"victory":false,"max_hp_per_floor":[82,82,82,82,82,82,82,82,82,82,82,82,82,82,82,82,82,82,82,82,82,82,82,82,82,82,82,82,82,82,82,82,82],"card_choices":[{"not_picked":["Leap","Coolheaded"],"picked":"Ball Lightning","floor":1},{"not_picked":["Hologram","Static Discharge"],"picked":"FTL","floor":5},{"not_picked":["Barrage","Capacitor"],"picked":"Gash","floor":6},{"not_picked":["Redo","Stack"],"picked":"Streamline","floor":8},{"not_picked":["Reinforced Body","Redo"],"picked":"Glacier","floor":10},{"not_picked":["Capacitor","Streamline"],"picked":"Hologram","floor":12},{"not_picked":["Hyperbeam","Thunder Strike"],"picked":"Electrodynamics","floor":16},{"not_picked":["Chaos","Gash+1"],"picked":"Blizzard+1","floor":18},{"not_picked":["Storm","Melter"],"picked":"Coolheaded","floor":19},{"not_picked":["Ball Lightning","BootSequence+1"],"picked":"Cold Snap+1","floor":21},{"not_picked":["Creative AI","Ball Lightning"],"picked":"Core Surge","floor":24},{"not_picked":["Gash+1","Steam"],"picked":"Consume","floor":25},{"not_picked":["Reprogram","Sweeping Beam"],"picked":"Coolheaded","floor":30},{"not_picked":["Doom and Gloom","Sweeping Beam+1"],"picked":"Turbo","floor":31},{"not_picked":["Turbo","Melter"],"picked":"Stack","floor":32}],"player_experience":171927,"relics_obtained":[{"floor":6,"key":"Ornamental Fan"},{"floor":9,"key":"Orichalcum"},{"floor":10,"key":"Dodecahedron"},{"floor":24,"key":"Omamori"},{"floor":26,"key":"Dream Catcher"}],"event_choices":[{"damage_healed":0,"gold_gain":75,"player_choice":"Gather Gold","damage_taken":11,"max_hp_gain":0,"max_hp_loss":0,"event_name":"World of Goop","floor":2,"gold_loss":0},{"damage_healed":0,"gold_gain":0,"player_choice":"Ignored","damage_taken":0,"max_hp_gain":0,"max_hp_loss":0,"event_name":"Golden Wing","floor":3,"gold_loss":0},{"damage_healed":27,"gold_gain":0,"player_choice":"Banana","damage_taken":0,"max_hp_gain":0,"max_hp_loss":0,"event_name":"Big Fish","floor":14,"gold_loss":0},{"damage_healed":0,"gold_gain":0,"player_choice":"Simplicity","damage_taken":0,"max_hp_gain":0,"max_hp_loss":0,"event_name":"Back to Basics","floor":22,"gold_loss":0,"cards_upgraded":["Strike_B","Strike_B","Defend_B","Defend_B","Defend_B","Defend_B"]},{"damage_healed":0,"gold_gain":99,"player_choice":"Stole From Cult","damage_taken":0,"max_hp_gain":0,"max_hp_loss":0,"event_name":"Nest","floor":27,"gold_loss":0},{"damage_healed":0,"gold_gain":0,"player_choice":"Paid Fearfully","damage_taken":0,"max_hp_gain":0,"max_hp_loss":0,"event_name":"Masked Bandits","floor":28,"gold_loss":234}],"is_beta":false,"boss_relics":[{"not_picked":["Cursed Key","Empty Cage"],"picked":"FrozenCore"}],"items_purged_floors":[4,20],"is_endless":false,"potions_floor_spawned":[5,8,16,21,25],"killed_by":"Champ","ascension_level":3}