{"gold_per_floor":[109,109,124,138,138,171,191,191,191,220,220,220,238,238],"floor_reached":14,"playtime":349,"items_purged":[],"score":120,"play_id":"9facb6a0-455f-4f3f-bc17-2ac598d38e81","local_time":"20190712223820","is_ascension_mode":true,"campfire_choices":[{"floor":8,"key":"REST"},{"floor":12,"key":"REST"}],"neow_cost":"NONE","seed_source_timestamp":960388967238300,"circlet_count":0,"master_deck":["Strike_R","Strike_R","Strike_R","Strike_R+1","Strike_R","Defend_R","Defend_R","Defend_R","Defend_R+1","Bash","Anger","Spot Weakness","Inflame","Regret","Dropkick","Shrug It Off","Body Slam","Cleave","Anger"],"relics":["Burning Blood","Strawberry","Dodecahedron","Girya","Unceasing Top","Ornamental Fan"],"potions_floor_usage":[6,10],"damage_taken":[{"damage":5,"enemies":"Small Slimes","floor":1,"turns":4},{"damage":8,"enemies":"2 Louse","floor":3,"turns":2},{"damage":0,"enemies":"Cultist","floor":4,"turns":2},{"damage":36,"enemies":"Lagavulin","floor":6,"turns":4},{"damage":18,"enemies":"3 Louse","floor":7,"turns":4},{"damage":38,"enemies":"Gremlin Nob","floor":10,"turns":4},{"damage":20,"enemies":"Lots of Slimes","floor":13,"turns":4},{"damage":0,"enemies":"2 Fungi Beasts","floor":14,"turns":1}],"seed_played":"875240967341518388","potions_obtained":[{"floor":3,"key":"Dexterity Potion"},{"floor":4,"key":"AttackPotion"},{"floor":6,"key":"Poison Potion"}],"is_trial":false,"path_per_floor":["M","?","M","M","?","E","M","R","T","E","?","R","M","M"],"character_chosen":"IRONCLAD","items_purchased":[],"campfire_rested":2,"item_purchase_floors":[],"current_hp_per_floor":[87,70,68,74,74,44,32,58,58,26,26,52,38,38],"gold":238,"neow_bonus":"RANDOM_COMMON_RELIC","is_prod":false,"is_daily":false,"chose_seed":false,"campfire_upgraded":0,"win_rate":0,"timestamp":1562967500,"path_taken":["M","?","M","M","?","E","M","R","T","E","?","R","M","M"],"build_version":"2019-07-05","purchased_purges":0,"victory":false,"max_hp_per_floor":[87,87,87,87,87,87,87,87,87,87,87,87,87,87],"card_choices":[{"not_picked":["True Grit","Searing Blow"],"picked":"Anger","floor":1},{"not_picked":["Infernal Blade","Havoc"],"picked":"Spot Weakness","floor":3},{"not_picked":["Iron Wave","Thunderclap"],"picked":"Inflame","floor":4},{"not_picked":["Havoc","Clash"],"picked":"Dropkick","floor":6},{"not_picked":["Berserk","Hemokinesis"],"picked":"Shrug It Off","floor":7},{"not_picked":["Flex","Spot Weakness"],"picked":"Body Slam","floor":10},{"not_picked":["Feel No Pain","Clash"],"picked":"Anger","floor":13}],"player_experience":151367,"relics_obtained":[{"floor":6,"key":"Girya"},{"floor":9,"key":"Unceasing Top"},{"floor":10,"key":"Ornamental Fan"}],"event_choices":[{"damage_healed":0,"gold_gain":0,"player_choice":"Entered Light","damage_taken":17,"max_hp_gain":0,"max_hp_loss":0,"event_name":"Shining Light","floor":2,"gold_loss":0,"cards_upgraded":["Defend_R","Strike_R"]},{"damage_healed":0,"gold_gain":0,"player_choice":"Box","damage_taken":0,"relics_obtained":["Dodecahedron"],"max_hp_gain":0,"max_hp_loss":0,"event_name":"Big Fish","floor":5,"gold_loss":0,"cards_obtained":["Regret"]},{"damage_healed":0,"gold_gain":0,"player_choice":"1 cards matched","damage_taken":0,"max_hp_gain":0,"max_hp_loss":0,"event_name":"Match and Keep!","floor":11,"gold_loss":0,"cards_obtained":["Cleave"]}],"is_beta":false,"boss_relics":[],"items_purged_floors":[],"is_endless":false,"potions_floor_spawned":[3,4,6],"killed_by":"2 Fungi Beasts","ascension_level":4}