{"gold_per_floor":[113,63,63,15,15,15,41,41,88,88,117,133,133,163,175,292,304,301,313,337,72,171,171,96,131,131,131,145,156,182,199,199,297,297,314,224,48,61,61,93,42,62,62,62,88,102,102,114,114,114],"floor_reached":51,"playtime":6704,"items_purged":["Strike_B"],"score":715,"play_id":"eaf2a823-e3e4-4c4f-8365-377929737946","local_time":"20181010211246","is_ascension_mode":true,"campfire_choices":[{"data":"Defend_B","floor":6.0,"key":"SMITH"},{"floor":8.0,"key":"REST"},{"data":"Blizzard","floor":10.0,"key":"SMITH"},{"data":"Chaos","floor":15.0,"key":"SMITH"},{"floor":23.0,"key":"REST"},{"data":"Go for the Eyes","floor":27.0,"key":"SMITH"},{"data":"Barrage","floor":32.0,"key":"SMITH"},{"floor":44.0,"key":"REST"},{"data":"Machine Learning","floor":47.0,"key":"SMITH"},{"floor":49,"key":"REST"}],"neow_cost":"NONE","seed_source_timestamp":0,"circlet_count":0,"master_deck":["Strike_B+1","Defend_B","Defend_B","Defend_B","Defend_B+1","Zap+1","Dualcast","Cold Snap+1","Ball Lightning+1","Blizzard+1","Chaos","Glacier","Chaos+1","Doom and Gloom+1","White Noise","Go for the Eyes+1","Auto Shields+1","Barrage+1","Melter","Conserve Battery+1","Leap","Machine Learning+1","Go for the Eyes+1","Conserve Battery+1","Self Repair+1","Redo","Beam Cell+1"],"special_seed":0,"relics":["Cracked Core","Happy Flower","Potion Belt","Thread and Needle","MawBank","Inserter","Orichalcum","Whetstone","Lantern","Nuclear Battery","Tiny Chest","Vajra","Shuriken","Molten Egg 2","Regal Pillow"],"potions_floor_usage":[50,50,50,50,50],"damage_taken":[{"damage":10.0,"enemies":"Jaw Worm","floor":1.0,"turns":4.0},{"damage":5.0,"enemies":"3 Sentries","floor":7.0,"turns":6.0},{"damage":8.0,"enemies":"Gremlin Nob","floor":11.0,"turns":3.0},{"damage":0.0,"enemies":"2 Louse","floor":12.0,"turns":3.0},{"damage":0.0,"enemies":"Cultist","floor":14.0,"turns":3.0},{"damage":9.0,"enemies":"Slime Boss","floor":16.0,"turns":9.0},{"damage":4.0,"enemies":"2 Thieves","floor":18.0,"turns":4.0},{"damage":4.0,"enemies":"Shell Parasite","floor":20.0,"turns":6.0},{"damage":11.0,"enemies":"Slavers","floor":25.0,"turns":7.0},{"damage":1.0,"enemies":"Cultist and Chosen","floor":28.0,"turns":4.0},{"damage":0.0,"enemies":"Shelled Parasite and Fungi","floor":29.0,"turns":5.0},{"damage":0.0,"enemies":"Sentry and Sphere","floor":31.0,"turns":3.0},{"damage":5.0,"enemies":"Automaton","floor":33.0,"turns":10.0},{"damage":0.0,"enemies":"Orb Walker","floor":35.0,"turns":3.0},{"damage":12.0,"enemies":"3 Darklings","floor":38.0,"turns":5.0},{"damage":7.0,"enemies":"Nemesis","floor":40.0,"turns":7.0},{"damage":7.0,"enemies":"Sphere and 2 Shapes","floor":42.0,"turns":4.0},{"damage":31.0,"enemies":"Giant Head","floor":45.0,"turns":11.0},{"damage":15.0,"enemies":"Maw","floor":46.0,"turns":7.0},{"damage":8.0,"enemies":"Spire Growth","floor":48.0,"turns":6.0},{"damage":72,"enemies":"Donu and Deca","floor":50,"turns":12}],"seed_played":"-8266135455833573248","potions_obtained":[{"floor":1.0,"key":"Block Potion"},{"floor":11.0,"key":"SpeedPotion"},{"floor":16.0,"key":"Dexterity Potion"},{"floor":25.0,"key":"Weak Potion"},{"floor":28.0,"key":"GamblersBrew"},{"floor":29.0,"key":"Strength Potion"},{"floor":33.0,"key":"Regen Potion"},{"floor":35.0,"key":"Block Potion"},{"floor":42.0,"key":"GamblersBrew"},{"floor":48.0,"key":"GamblersBrew"}],"is_trial":false,"path_per_floor":["M","?","?","$","?","R","E","R","T","R","E","M","?","M","R","B",null,"M","?","M","$","?","R","?","E","T","R","M","M","T","M","R","B",null,"M","?","$","M","T","E","$","M","T","R","E","M","R","M","R","B"],"character_chosen":"DEFECT","items_purchased":["Ball Lightning","Go for the Eyes","Block Potion","Auto Shields","Weak Potion","PowerPotion","Tiny Chest","Weak Potion"],"campfire_rested":4,"item_purchase_floors":[4,21,21,21,21,37,37,41],"current_hp_per_floor":[65,65,65,65,65,65,60,75,75,75,67,67,64,64,64,55,75,71,57,53,53,53,77,77,66,66,66,65,65,65,65,65,60,80,80,80,80,68,68,74,74,67,67,80,59,54,54,56,80,8],"gold":114,"neow_bonus":"UPGRADE_CARD","is_prod":false,"is_daily":false,"chose_seed":false,"campfire_upgraded":6,"win_rate":0,"timestamp":1539231166,"path_taken":["M","?","?","$","?","R","E","R","T","R","E","?","?","M","R","BOSS","M","?","M","$","?","R","?","E","T","R","M","?","?","M","R","BOSS","M","?","$","M","?","E","$","M","T","R","E","?","R","M","R","BOSS"],"build_version":"2018-10-04v2","purchased_purges":1,"victory":true,"max_hp_per_floor":[75,75,75,75,75,75,75,75,75,75,75,75,75,75,75,75,75,75,80,80,80,80,80,80,80,80,80,80,80,80,80,80,80,80,80,80,80,80,80,80,80,80,80,80,80,80,80,80,80,80],"card_choices":[{"not_picked":["Reinforced Body","Force Field"],"picked":"Cold Snap","floor":1.0},{"not_picked":["Skim","Aggregate"],"picked":"Blizzard","floor":7.0},{"not_picked":["Rip and Tear","Go for the Eyes"],"picked":"Chaos","floor":11.0},{"not_picked":["Leap","Capacitor"],"picked":"Glacier","floor":12.0},{"not_picked":["Stack","Turbo"],"picked":"Chaos","floor":14.0},{"not_picked":["Echo Form","Multi-Cast"],"picked":"Creative AI","floor":16.0},{"not_picked":["Streamline+1","Sweeping Beam"],"picked":"Doom and Gloom","floor":18.0},{"not_picked":["Ball Lightning+1","Streamline"],"picked":"White Noise","floor":20.0},{"not_picked":["Compile Driver","Loop"],"picked":"Barrage","floor":25.0},{"not_picked":["Sweeping Beam","Beam Cell"],"picked":"Melter","floor":28.0},{"not_picked":["Undo","Streamline"],"picked":"Conserve Battery+1","floor":29.0},{"not_picked":["Coolheaded+1","Force Field+1"],"picked":"Leap","floor":31.0},{"not_picked":["Biased Cognition","Fission"],"picked":"Machine Learning","floor":33.0},{"not_picked":["Scrape","Streamline+1"],"picked":"Go for the Eyes+1","floor":35.0},{"not_picked":["Turbo","Double Energy"],"picked":"Conserve Battery+1","floor":38.0},{"not_picked":["Stack","Genetic Algorithm"],"picked":"Self Repair+1","floor":40.0},{"not_picked":["Undo","Reinforced Body+1","Rip and Tear+1"],"picked":"SKIP","floor":42.0},{"not_picked":["Tempest","Reboot"],"picked":"Redo","floor":45.0},{"not_picked":["Hologram","Conserve Battery","Undo"],"picked":"SKIP","floor":46.0},{"not_picked":["Compile Driver+1","BootSequence"],"picked":"Beam Cell+1","floor":48.0}],"player_experience":128269,"relics_obtained":[{"floor":7.0,"key":"Happy Flower"},{"floor":9.0,"key":"Potion Belt"},{"floor":11.0,"key":"Thread and Needle"},{"floor":25.0,"key":"Orichalcum"},{"floor":26.0,"key":"Whetstone"},{"floor":30.0,"key":"Lantern"},{"floor":39.0,"key":"Vajra"},{"floor":40.0,"key":"Shuriken"},{"floor":43.0,"key":"Molten Egg 2"},{"floor":45.0,"key":"Regal Pillow"}],"event_choices":[{"event_name":"The Cleric","player_choice":"Card Removal","floor":2.0,"damage_taken":0.0},{"event_name":"Upgrade Shrine","player_choice":"Upgraded","floor":3.0,"damage_taken":0.0},{"event_name":"Living Wall","player_choice":"Grow","floor":5.0,"damage_taken":0.0},{"event_name":"Scrap Ooze","player_choice":"success","floor":13.0,"damage_taken":3.0},{"event_name":"Forgotten Altar","player_choice":"Shed Blood","floor":19.0,"damage_taken":0.0},{"event_name":"Nest","player_choice":"Stole From Cult","floor":22.0,"damage_taken":0.0},{"event_name":"Beggar","player_choice":"Gave Gold","floor":24.0,"damage_taken":0.0},{"event_name":"Designer","player_choice":"Full Service","floor":36.0,"damage_taken":0.0}],"is_beta":false,"boss_relics":[{"not_picked":["Tiny House","Eternal Feather"],"picked":"Inserter"},{"not_picked":["Astrolabe","Empty Cage"],"picked":"Nuclear Battery"}],"items_purged_floors":[21],"is_endless":false,"potions_floor_spawned":[1,11,16,25,28,29,33,35,42,48],"ascension_level":1}