{"gold_per_floor":[118,136,147,161,111,143,157,175,229,179,179,192,204,220,220,315,315,255,40,55,67,80,80,114,39,110,120,137,137],"floor_reached":29,"playtime":5981,"items_purged":[],"score":253,"play_id":"30a13c07-6fe1-419a-8ce1-dc1cf16b0855","local_time":"20180912204506","is_ascension_mode":false,"campfire_choices":[{"data":"Armaments","floor":15,"key":"SMITH"},{"data":"Metallicize","floor":23,"key":"SMITH"}],"neow_cost":"NONE","seed_source_timestamp":0,"circlet_count":0,"master_deck":["Strike_R","Strike_R","Strike_R","Strike_R","Defend_R","Defend_R","Defend_R","Defend_R","Bash","Headbutt","Flex","Body Slam","Metallicize","Iron Wave","Limit Break","Shockwave","Iron Wave","Armaments","Armaments+1","Metallicize+1","Reaper","Flame Barrier","Cleave","Thunderclap","Shrug It Off","Shockwave","Battle Trance","Clothesline","Heavy Blade"],"special_seed":0,"relics":["Burning Blood","NeowsBlessing","Letter Opener","Bronze Scales","Lizard Tail","PreservedInsect","Bottled Tornado","Gremlin Horn"],"potions_floor_usage":[16,20,27,27,27],"damage_taken":[{"damage":0.0,"enemies":"2 Louse","floor":1.0,"turns":1.0},{"damage":0.0,"enemies":"Small Slimes","floor":2.0,"turns":1.0},{"damage":0.0,"enemies":"Cultist","floor":3.0,"turns":1.0},{"damage":23.0,"enemies":"Exordium Wildlife","floor":4.0,"turns":7.0},{"damage":38.0,"enemies":"Lagavulin","floor":6.0,"turns":7.0},{"damage":11.0,"enemies":"Blue Slaver","floor":7.0,"turns":4.0},{"damage":7.0,"enemies":"3 Louse","floor":8.0,"turns":5.0},{"damage":0.0,"enemies":"2 Fungi Beasts","floor":12.0,"turns":3.0},{"damage":12.0,"enemies":"Gremlin Gang","floor":13.0,"turns":4.0},{"damage":10.0,"enemies":"3 Louse","floor":14.0,"turns":4.0},{"damage":15,"enemies":"Hexaghost","floor":16,"turns":13},{"damage":13,"enemies":"2 Thieves","floor":18,"turns":4},{"damage":15,"enemies":"Chosen","floor":20,"turns":6},{"damage":20,"enemies":"Snake Plant","floor":21,"turns":6},{"damage":22,"enemies":"Shelled Parasite and Fungi","floor":22,"turns":7},{"damage":23,"enemies":"Book of Stabbing","floor":24,"turns":7},{"damage":24,"enemies":"Cultist and Chosen","floor":27,"turns":9},{"damage":69,"enemies":"3 Cultists","floor":28,"turns":7},{"damage":25,"enemies":"Centurion and Healer","floor":29,"turns":18}],"seed_played":"-2253656146461256105","potions_obtained":[{"floor":3.0,"key":"Strength Potion"},{"floor":7.0,"key":"Energy Potion"},{"floor":13.0,"key":"GamblersBrew"},{"floor":16,"key":"Fruit Juice"},{"floor":20,"key":"Swift Potion"},{"floor":22,"key":"SpeedPotion"},{"floor":24,"key":"GamblersBrew"}],"is_trial":false,"path_per_floor":["M","M","M","M","$","E","M","M","T","?","?","M","M","M","R","B",null,"M","$","M","M","M","R","E","$","T","M","M"],"character_chosen":"IRONCLAD","items_purchased":["Iron Wave","PreservedInsect","Flame Barrier","Battle Trance"],"campfire_rested":0,"item_purchase_floors":[5,19,19,25],"current_hp_per_floor":[80,80,80,63,63,31,26,25,25,25,51,57,51,47,47,38,80,80,80,76,62,46,46,29,29,29,19,16,0],"gold":137,"neow_bonus":"THREE_ENEMY_KILL","is_prod":false,"is_daily":false,"chose_seed":false,"campfire_upgraded":2,"win_rate":0.0,"timestamp":1536810306,"path_taken":["M","M","M","M","$","E","M","M","T","?","?","M","M","M","R","BOSS","M","$","M","M","M","R","E","$","T","M","M","M"],"build_version":"2018-09-06","purchased_purges":0,"victory":false,"max_hp_per_floor":[80,80,80,80,80,80,80,80,80,80,80,80,80,80,80,80,80,80,80,85,85,85,85,85,85,85,85,85,85],"card_choices":[{"not_picked":["Twin Strike","Corruption"],"picked":"Headbutt","floor":1.0},{"not_picked":["Power Through","Blood for Blood"],"picked":"Flex","floor":2.0},{"not_picked":["Dual Wield","Twin Strike"],"picked":"Body Slam","floor":3.0},{"not_picked":["Spot Weakness","Flex"],"picked":"Metallicize","floor":4.0},{"not_picked":["Disarm","Body Slam"],"picked":"Limit Break","floor":6.0},{"not_picked":["Intimidate","Perfected Strike"],"picked":"Shockwave","floor":7.0},{"not_picked":["Warcry","Thunderclap"],"picked":"Iron Wave","floor":8.0},{"not_picked":["Warcry","Thunderclap"],"picked":"Armaments","floor":12.0},{"not_picked":["Clothesline","Clash"],"picked":"Armaments","floor":13.0},{"not_picked":["Burning Pact","Fire Breathing"],"picked":"Metallicize","floor":14.0},{"not_picked":["Impervious","Juggernaut"],"picked":"Reaper","floor":16},{"not_picked":["Bloodletting","Combust","Reckless Charge"],"picked":"SKIP","floor":18},{"not_picked":["Warcry","Perfected Strike"],"picked":"Cleave","floor":20},{"not_picked":["Carnage","Perfected Strike"],"picked":"Thunderclap","floor":21},{"not_picked":["Entrench","True Grit+1"],"picked":"Shrug It Off","floor":22},{"not_picked":["True Grit","Rage+1"],"picked":"Shockwave","floor":24},{"not_picked":["Clash+1","Flex"],"picked":"Clothesline","floor":27},{"not_picked":["Flex+1","Barricade"],"picked":"Heavy Blade","floor":28}],"player_experience":50283,"relics_obtained":[{"floor":6.0,"key":"Letter Opener"},{"floor":9.0,"key":"Bronze Scales"},{"floor":24,"key":"Bottled Tornado"},{"floor":26,"key":"Gremlin Horn"}],"event_choices":[{"event_name":"The Cleric","player_choice":"Card Removal","floor":10.0,"damage_taken":0.0},{"event_name":"Big Fish","player_choice":"Banana","floor":11.0,"damage_taken":0.0}],"is_beta":false,"boss_relics":[{"not_picked":["Empty Cage","Calling Bell"],"picked":"Lizard Tail"}],"items_purged_floors":[],"is_endless":false,"potions_floor_spawned":[3,7,13,16,20,22,24],"killed_by":"Centurion and Healer","ascension_level":0}