{"gold_per_floor":[119,119,38,59,29,29,44,62,117,133,157,180,145,176,176,176],"floor_reached":16,"playtime":685,"items_purged":[],"score":115,"play_id":"713e4e7d-36b1-4a1c-9a93-3400591c5b67","local_time":"20190715014345","is_ascension_mode":true,"campfire_choices":[{"data":"Blade Dance","floor":6.0,"key":"SMITH"},{"data":"PiercingWail","floor":15,"key":"SMITH"}],"neow_cost":"PERCENT_DAMAGE","seed_source_timestamp":0,"circlet_count":0,"master_deck":["Strike_G","Strike_G","Strike_G","Strike_G","Strike_G","Defend_G","Defend_G","Defend_G","Defend_G","Defend_G","Survivor","Neutralize","Blade Dance+1","Dash","Poisoned Stab","Sucker Punch","All Out Attack","PiercingWail+1","Die Die Die","Well Laid Plans"],"special_seed":0,"relics":["Ring of the Snake","Ginger","Golden Idol","Boot","Strawberry","Odd Mushroom"],"potions_floor_usage":[16,16],"damage_taken":[{"damage":1.0,"enemies":"Small Slimes","floor":1.0,"turns":5.0},{"damage":2.0,"enemies":"Jaw Worm","floor":4.0,"turns":4.0},{"damage":1.0,"enemies":"Cultist","floor":7.0,"turns":3.0},{"damage":9.0,"enemies":"Exordium Thugs","floor":8.0,"turns":4.0},{"damage":0.0,"enemies":"2 Fungi Beasts","floor":10.0,"turns":2.0},{"damage":11.0,"enemies":"3 Louse","floor":11.0,"turns":3.0},{"damage":0.0,"enemies":"The Mushroom Lair","floor":14.0,"turns":3.0},{"damage":56,"enemies":"Slime Boss","floor":16,"turns":9}],"seed_played":"4028211957064942591","potions_obtained":[{"floor":4.0,"key":"Energy Potion"},{"floor":5.0,"key":"SkillPotion"},{"floor":5.0,"key":"EntropicBrew"},{"floor":11.0,"key":"Ancient Potion"},{"floor":14.0,"key":"Block Potion"}],"is_trial":false,"path_per_floor":["M","?","$","M","?","R","M","M","T","M","M","T","?","?","R","B"],"character_chosen":"THE_SILENT","items_purchased":["Dash"],"campfire_rested":0,"item_purchase_floors":[3],"current_hp_per_floor":[48,48,48,46,46,46,45,36,36,36,25,32,50,50,50,0],"gold":176,"neow_bonus":"ONE_RARE_RELIC","is_prod":false,"is_daily":false,"chose_seed":false,"campfire_upgraded":2,"win_rate":0,"timestamp":1563151425,"path_taken":["M","?","?","M","?","R","M","M","T","?","M","?","?","?","R","BOSS"],"build_version":"2019-07-05","purchased_purges":0,"victory":false,"max_hp_per_floor":[70,65,65,65,65,65,65,65,65,65,65,72,72,72,72,72],"card_choices":[{"not_picked":["Bane","Expertise"],"picked":"Blade Dance","floor":1.0},{"not_picked":["Dodge and Roll","Bane"],"picked":"Poisoned Stab","floor":4.0},{"not_picked":["Flechettes","Reflex"],"picked":"Sucker Punch","floor":7.0},{"not_picked":["Reflex","Slice"],"picked":"All Out Attack","floor":8.0},{"not_picked":["Slice","All Out Attack"],"picked":"PiercingWail","floor":10.0},{"not_picked":["Prepared","Dodge and Roll"],"picked":"Die Die Die","floor":11.0},{"not_picked":["Dodge and Roll","Bane"],"picked":"Well Laid Plans","floor":14.0}],"player_experience":168720,"relics_obtained":[{"floor":9.0,"key":"Boot"},{"floor":12.0,"key":"Strawberry"},{"floor":14.0,"key":"Odd Mushroom"}],"event_choices":[{"damage_healed":0.0,"max_hp_gain":0.0,"max_hp_loss":5.0,"gold_gain":0.0,"event_name":"Golden Idol","player_choice":"Lose Max HP","floor":2.0,"gold_loss":0.0,"damage_taken":0.0,"relics_obtained":["Golden Idol"]},{"damage_healed":0.0,"max_hp_gain":0.0,"max_hp_loss":0.0,"gold_gain":0.0,"event_name":"The Woman in Blue","player_choice":"Bought 2 Potions","floor":5.0,"gold_loss":0.0,"damage_taken":0.0},{"damage_healed":18.0,"max_hp_gain":0.0,"max_hp_loss":0.0,"gold_gain":0.0,"event_name":"The Cleric","player_choice":"Healed","floor":13.0,"gold_loss":35.0,"damage_taken":0.0},{"damage_healed":0.0,"max_hp_gain":0.0,"max_hp_loss":0.0,"gold_gain":0.0,"event_name":"Mushrooms","player_choice":"Fought Mushrooms","floor":14.0,"gold_loss":0.0,"damage_taken":0.0}],"is_beta":false,"boss_relics":[],"items_purged_floors":[],"is_endless":false,"potions_floor_spawned":[4,11,14],"killed_by":"Slime Boss","ascension_level":5}