{"gold_per_floor":[117,117,141,154,26,26,62,62,62,62,97,117,17,17,17,136,136,156,174,194,293,293,293,293],"floor_reached":24,"playtime":2180,"items_purged":["Strike_G","Strike_G"],"score":214,"play_id":"bb31ff71-474e-4529-b083-1e77456f764b","local_time":"20181106212312","is_ascension_mode":true,"campfire_choices":[{"data":"Poisoned Stab","floor":6,"key":"SMITH"},{"floor":8,"key":"REST"},{"data":"Poisoned Stab","floor":10,"key":"SMITH"},{"floor":15,"key":"REST"},{"floor":23,"key":"REST"}],"neow_cost":"NONE","seed_source_timestamp":988017625791759,"circlet_count":0,"master_deck":["Defend_G","Defend_G","Defend_G","Defend_G","Defend_G","Strike_G","Strike_G","Strike_G","Survivor","Neutralize","Burst","Sucker Punch","Deadly Poison","Poisoned Stab+1","Poisoned Stab+1","Malaise","Sucker Punch+1","Distraction","Corpse Explosion","Dash+1","Backflip"],"relics":["Ring of the Snake","Bloody Idol","Calipers","Dodecahedron","Potion Belt","Fusion Hammer"],"potions_floor_usage":[12,16,19,24,24],"damage_taken":[{"damage":0,"enemies":"Small Slimes","floor":1,"turns":6},{"damage":0,"enemies":"Jaw Worm","floor":3,"turns":4},{"damage":0,"enemies":"2 Louse","floor":4,"turns":3},{"damage":15,"enemies":"Gremlin Nob","floor":7,"turns":4},{"damage":27,"enemies":"Lagavulin","floor":11,"turns":6},{"damage":8,"enemies":"Lots of Slimes","floor":12,"turns":3},{"damage":14,"enemies":"The Guardian","floor":16,"turns":10},{"damage":3,"enemies":"Shell Parasite","floor":18,"turns":5},{"damage":2,"enemies":"3 Byrds","floor":19,"turns":2},{"damage":36,"enemies":"Shelled Parasite and Fungi","floor":20,"turns":6},{"damage":66,"enemies":"Gremlin Leader","floor":24,"turns":7}],"seed_played":"6237279158097331196","potions_obtained":[{"floor":4,"key":"Weak Potion"},{"floor":11,"key":"Explosive Potion"},{"floor":12,"key":"Weak Potion"},{"floor":16,"key":"Fruit Juice"},{"floor":19,"key":"GamblersBrew"},{"floor":20,"key":"AttackPotion"}],"is_trial":false,"path_per_floor":["M","?","M","M","$","R","E","R","T","R","E","M","$","?","R","B",null,"M","M","M","?","?","R","E"],"character_chosen":"THE_SILENT","items_purchased":["Poisoned Stab"],"campfire_rested":3,"item_purchase_floors":[5],"current_hp_per_floor":[70,53,53,53,53,53,38,59,59,59,32,24,24,24,45,31,70,67,70,34,34,34,56,0],"gold":293,"neow_bonus":"ONE_RANDOM_RARE_CARD","is_prod":false,"is_daily":false,"chose_seed":false,"campfire_upgraded":2,"win_rate":0,"timestamp":1541568192,"path_taken":["M","?","M","M","?","R","E","R","T","R","E","M","$","?","R","BOSS","M","?","M","?","?","R","E"],"build_version":"2018-11-01","purchased_purges":2,"victory":false,"max_hp_per_floor":[70,70,70,70,70,70,70,70,70,70,70,70,70,70,70,70,70,70,75,75,75,75,75,75],"card_choices":[{"not_picked":["Outmaneuver","Catalyst"],"picked":"Sucker Punch","floor":1},{"not_picked":["Acrobatics","Bane"],"picked":"Deadly Poison","floor":3},{"not_picked":["Riddle With Holes","Backstab"],"picked":"Poisoned Stab","floor":4},{"not_picked":["Well Laid Plans","Caltrops"],"picked":"Malaise","floor":7},{"not_picked":["Outmaneuver","Prepared"],"picked":"Sucker Punch","floor":11},{"not_picked":["Slice","Reflex"],"picked":"Distraction","floor":12},{"not_picked":["Unload","Doppelganger"],"picked":"Corpse Explosion","floor":16},{"not_picked":["Blade Dance","Bane"],"picked":"Dash+1","floor":18},{"not_picked":["Prepared+1","Bane","Skewer"],"picked":"SKIP","floor":19},{"not_picked":["Predator+1","Dodge and Roll+1"],"picked":"Backflip","floor":20}],"player_experience":186421,"relics_obtained":[{"floor":7,"key":"Calipers"},{"floor":9,"key":"Dodecahedron"},{"floor":11,"key":"Potion Belt"}],"event_choices":[{"damage_healed":0,"gold_gain":0,"player_choice":"Take Damage","damage_taken":17,"relics_obtained":["Golden Idol"],"max_hp_gain":0,"max_hp_loss":0,"event_name":"Golden Idol","floor":2,"gold_loss":0},{"damage_healed":0,"gold_gain":0,"player_choice":"Upgraded","damage_taken":0,"max_hp_gain":0,"max_hp_loss":0,"event_name":"Upgrade Shrine","floor":14,"gold_loss":0,"cards_upgraded":["Sucker Punch"]},{"damage_healed":0,"gold_gain":99,"player_choice":"Stole From Cult","damage_taken":0,"max_hp_gain":0,"max_hp_loss":0,"event_name":"Nest","floor":21,"gold_loss":0},{"damage_healed":0,"gold_gain":0,"player_choice":"Gave Idol","damage_taken":0,"relics_obtained":["Bloody Idol"],"max_hp_gain":0,"max_hp_loss":0,"event_name":"Forgotten Altar","floor":22,"relics_lost":["Golden Idol"],"gold_loss":0}],"is_beta":false,"boss_relics":[{"not_picked":["HoveringKite","Tiny House"],"picked":"Fusion Hammer"}],"items_purged_floors":[5,13],"is_endless":false,"potions_floor_spawned":[4,11,12,16,19,20],"killed_by":"Gremlin Leader","ascension_level":1}