{"gold_per_floor":[118,133,133,147,163,193,193,218,218,231,5,23,23,96,96,201,201,219,219,264,286,369,381,393,430,516,539,561,16,16,31,31,130,130,140,140,153,153,164,164,177,177,177,0,0,16,36,258,258,258],"floor_reached":51,"playtime":5572,"items_purged":["Strike_B","Shame"],"score":800,"play_id":"315eb29a-1334-4473-bf9d-f50ac7ff17c6","local_time":"20181020010938","is_ascension_mode":true,"campfire_choices":[{"floor":7,"key":"REST"},{"data":"Defragment","floor":15,"key":"SMITH"},{"data":"Rainbow","floor":24,"key":"SMITH"},{"floor":32,"key":"REST"},{"floor":40,"key":"REST"},{"floor":42,"key":"REST"},{"data":"Go for the Eyes","floor":49,"key":"SMITH"}],"neow_cost":"NONE","seed_source_timestamp":822984424555633,"circlet_count":0,"master_deck":["Strike_B","Defend_B","Defend_B","Defend_B","Defend_B","Zap","Dualcast","Redo","Melter","Defragment+1","Cold Snap","Coolheaded","Self Repair","Gash","Rainbow+1","Force Field","White Noise","Darkness+1","Streamline+1","Auto Shields+1","Go for the Eyes+1","Capacitor","Buffer","Multi-Cast","Barrage+1","Reprogram","Lockon+1","Shame","Leap+1"],"relics":["Cracked Core","Anchor","Omamori","Bag of Preparation","Girya","Vajra","Shuriken","Cursed Key","MawBank","Red Mask","Pantograph","Darkstone Periapt","Meat on the Bone","Mercury Hourglass","Oddly Smooth Stone","Velvet Choker","Du-Vu Doll","Ancient Tea Set"],"potions_floor_usage":[6,12,16,20,33,33,39,39,50,50,50],"damage_taken":[{"damage":2,"enemies":"Small Slimes","floor":1,"turns":3},{"damage":0,"enemies":"2 Louse","floor":2,"turns":3},{"damage":0,"enemies":"Cultist","floor":4,"turns":3},{"damage":0,"enemies":"Gremlin Gang","floor":5,"turns":5},{"damage":24,"enemies":"Lagavulin","floor":6,"turns":6},{"damage":16,"enemies":"Exordium Thugs","floor":10,"turns":5},{"damage":5,"enemies":"2 Fungi Beasts","floor":12,"turns":3},{"damage":22,"enemies":"Slime Boss","floor":16,"turns":9},{"damage":21,"enemies":"2 Thieves","floor":18,"turns":3},{"damage":19,"enemies":"Masked Bandits","floor":20,"turns":6},{"damage":0,"enemies":"Spheric Guardian","floor":21,"turns":2},{"damage":48,"enemies":"Gremlin Leader","floor":25,"turns":8},{"damage":17,"enemies":"3 Cultists","floor":27,"turns":5},{"damage":10,"enemies":"Cultist and Chosen","floor":28,"turns":5},{"damage":10,"enemies":"Shelled Parasite and Fungi","floor":31,"turns":4},{"damage":22,"enemies":"Automaton","floor":33,"turns":9},{"damage":18,"enemies":"3 Darklings","floor":35,"turns":5},{"damage":0,"enemies":"3 Shapes","floor":37,"turns":4},{"damage":56,"enemies":"Writhing Mass","floor":39,"turns":6},{"damage":0,"enemies":"4 Shapes","floor":41,"turns":6},{"damage":0,"enemies":"Maw","floor":46,"turns":6},{"damage":18,"enemies":"Spire Growth","floor":47,"turns":3},{"damage":87,"enemies":"Donu and Deca","floor":50,"turns":11}],"seed_played":"6263548283352346449","potions_obtained":[{"floor":2,"key":"Energy Potion"},{"floor":4,"key":"Dexterity Potion"},{"floor":6,"key":"Swift Potion"},{"floor":10,"key":"LiquidBronze"},{"floor":16,"key":"SteroidPotion"},{"floor":18,"key":"Ancient Potion"},{"floor":27,"key":"Ancient Potion"},{"floor":28,"key":"EssenceOfSteel"},{"floor":31,"key":"Strength Potion"},{"floor":37,"key":"Weak Potion"},{"floor":41,"key":"Weak Potion"},{"floor":46,"key":"FocusPotion"}],"is_trial":false,"path_per_floor":["M","M","?","M","M","E","R","T","T","M","$","M","?","T","R","B",null,"M","?","?","M","T","?","R","E","T","M","M","$","?","M","R","B",null,"M","?","M","?","M","R","M","R","T","$","T","M","M","?","R","B"],"character_chosen":"DEFECT","items_purchased":["Vajra","Self Repair","Capacitor","Mercury Hourglass","Oddly Smooth Stone","Regen Potion"],"campfire_rested":4,"item_purchase_floors":[11,11,29,29,29,44],"current_hp_per_floor":[73,73,73,73,73,49,71,71,71,55,55,57,57,57,57,42,75,61,61,49,49,49,75,75,34,34,36,45,45,45,54,75,60,75,64,64,64,64,27,48,55,71,77,77,83,83,72,72,72,30],"gold":258,"neow_bonus":"RANDOM_COMMON_RELIC","is_prod":false,"is_daily":false,"chose_seed":false,"campfire_upgraded":3,"win_rate":0,"timestamp":1540022978,"path_taken":["M","M","?","?","M","E","R","?","T","M","$","M","?","?","R","BOSS","M","?","?","?","?","?","R","E","T","M","M","$","?","M","R","BOSS","M","?","M","?","M","R","?","R","T","$","?","M","M","?","R","BOSS"],"build_version":"2018-10-18","purchased_purges":2,"victory":true,"max_hp_per_floor":[75,75,75,75,75,75,75,75,75,75,75,75,75,75,75,75,75,75,75,75,75,75,75,75,75,75,75,75,75,75,75,75,75,75,75,75,75,71,71,71,71,71,77,77,83,83,83,83,83,83],"card_choices":[{"not_picked":["Turbo","Rip and Tear"],"picked":"White Noise","floor":1},{"not_picked":["Steam","Recycle"],"picked":"Redo","floor":2},{"not_picked":["Compile Driver","Steam Power"],"picked":"Melter","floor":4},{"not_picked":["Blizzard","Hologram"],"picked":"Defragment","floor":5},{"not_picked":["Hello World","Gash"],"picked":"Cold Snap","floor":6},{"not_picked":["Streamline","Thunder Strike"],"picked":"Coolheaded","floor":10},{"not_picked":["Undo","Rebound"],"picked":"Gash","floor":12},{"not_picked":["Amplify","Core Surge"],"picked":"Rainbow","floor":16},{"not_picked":["Doom and Gloom","Rebound+1"],"picked":"Force Field","floor":18},{"not_picked":["Coolheaded","Static Discharge+1"],"picked":"White Noise","floor":20},{"not_picked":["Sweeping Beam","Ball Lightning"],"picked":"Darkness+1","floor":21},{"not_picked":["Blizzard+1","Stack"],"picked":"Streamline+1","floor":25},{"not_picked":["Chill","Recycle"],"picked":"Auto Shields+1","floor":27},{"not_picked":["Consume","Beam Cell"],"picked":"Go for the Eyes","floor":28},{"not_picked":["Double Energy","Coolheaded"],"picked":"Buffer","floor":31},{"not_picked":["Buffer","Meteor Strike"],"picked":"Multi-Cast","floor":33},{"not_picked":["Go for the Eyes+1","Chaos+1"],"picked":"Barrage+1","floor":35},{"not_picked":["Rebound","Coolheaded"],"picked":"Reprogram","floor":37},{"not_picked":["Chaos","Skim"],"picked":"Lockon+1","floor":39},{"not_picked":["Hello World+1","Compile Driver+1","Hologram"],"picked":"SKIP","floor":41},{"not_picked":["Consume+1","Hyperbeam"],"picked":"Leap+1","floor":46},{"not_picked":["Aggregate","Stack","Consume"],"picked":"SKIP","floor":47}],"player_experience":144715,"relics_obtained":[{"floor":6,"key":"Omamori"},{"floor":8,"key":"Bag of Preparation"},{"floor":9,"key":"Girya"},{"floor":14,"key":"Shuriken"},{"floor":20,"key":"Red Mask"},{"floor":22,"key":"Pantograph"},{"floor":25,"key":"Darkstone Periapt"},{"floor":26,"key":"Meat on the Bone"},{"floor":43,"key":"Du-Vu Doll"},{"floor":45,"key":"Ancient Tea Set"}],"event_choices":[{"damage_healed":0,"gold_gain":0,"player_choice":"Ignored","damage_taken":0,"max_hp_gain":0,"max_hp_loss":0,"event_name":"Shining Light","floor":3,"gold_loss":0},{"cards_removed":["Strike_B"],"damage_healed":0,"gold_gain":0,"player_choice":"Forget","damage_taken":0,"max_hp_gain":0,"max_hp_loss":0,"event_name":"Living Wall","floor":13,"gold_loss":0},{"damage_healed":0,"gold_gain":0,"player_choice":"Gave Potion","damage_taken":0,"relics_obtained":["MawBank"],"max_hp_gain":0,"max_hp_loss":0,"event_name":"WeMeetAgain","floor":19,"gold_loss":0},{"damage_healed":0,"gold_gain":0,"player_choice":"Fought Bandits","damage_taken":0,"max_hp_gain":0,"max_hp_loss":0,"event_name":"Masked Bandits","floor":20,"gold_loss":0},{"cards_removed":["White Noise"],"damage_healed":26,"gold_gain":0,"player_choice":"Offered Uncommon","damage_taken":0,"max_hp_gain":0,"max_hp_loss":0,"event_name":"Bonfire Elementals","floor":23,"gold_loss":0},{"damage_healed":0,"gold_gain":0,"player_choice":"Ignored","damage_taken":0,"max_hp_gain":0,"max_hp_loss":0,"event_name":"Beggar","floor":30,"gold_loss":0},{"cards_removed":["Strike_B"],"damage_healed":0,"gold_gain":0,"player_choice":"Removed Attack","damage_taken":0,"max_hp_gain":0,"max_hp_loss":0,"event_name":"Falling","floor":36,"gold_loss":0},{"damage_healed":0,"gold_gain":0,"player_choice":"Max HP","damage_taken":0,"max_hp_gain":0,"max_hp_loss":4,"event_name":"Winding Halls","floor":38,"gold_loss":0},{"damage_healed":0,"gold_gain":222,"player_choice":"Wore Mask","damage_taken":0,"max_hp_gain":0,"max_hp_loss":0,"event_name":"Tomb of Lord Red Mask","floor":48,"gold_loss":0}],"is_beta":false,"boss_relics":[{"not_picked":["Philosopher\u0027s Stone","Busted Crown"],"picked":"Cursed Key"},{"not_picked":["Black Star","Orrery"],"picked":"Velvet Choker"}],"items_purged_floors":[29,44],"is_endless":false,"potions_floor_spawned":[2,4,6,10,16,18,27,28,31,37,41,46],"ascension_level":1}