{"gold_per_floor":[119,9,19,19,37,37,52,84,109,109,125,125,153,183,183,288,288,302,302,32,32,69,69,102,180,180,35,66,84,84,116,116,214,214,225,225,262,262],"floor_reached":38,"playtime":2309,"items_purged":["Strike_B"],"score":485,"play_id":"264ba39c-1e6c-4bd4-ba86-ab0b9e9ddabd","local_time":"20190720130942","is_ascension_mode":true,"campfire_choices":[{"data":"Fusion","floor":6.0,"key":"SMITH"},{"floor":10.0,"key":"REST"},{"data":"Zap","floor":12.0,"key":"SMITH"},{"data":"Defragment","floor":15.0,"key":"SMITH"},{"floor":23.0,"key":"REST"},{"floor":32.0,"key":"REST"}],"neow_cost":"NONE","seed_source_timestamp":162281028347800,"circlet_count":0,"master_deck":["Strike_B+1","Strike_B+1","Defend_B+1","Defend_B+1","Defend_B+1","Defend_B+1","Zap+1","Dualcast","Genetic Algorithm","Fusion+1","FTL","Compile Driver","Streamline","Hologram","Ball Lightning","Defragment+1","Echo Form","Steam+1","HandOfGreed","Leap","Capacitor","Reinforced Body+1","Conserve Battery","Meteor Strike","Force Field","Electrodynamics","Decay","Go for the Eyes+1","Amplify","Turbo+1"],"special_seed":0,"relics":["Cracked Core","Pen Nib","Whetstone","Regal Pillow","Orichalcum","Tiny Chest","Lizard Tail","Pear","Girya","Matryoshka","Bag of Marbles","Letter Opener","War Paint","Eternal Feather"],"potions_floor_usage":[],"damage_taken":[{"damage":0.0,"enemies":"2 Louse","floor":1.0,"turns":3.0},{"damage":4.0,"enemies":"Cultist","floor":3.0,"turns":4.0},{"damage":0.0,"enemies":"Jaw Worm","floor":5.0,"turns":4.0},{"damage":4.0,"enemies":"2 Fungi Beasts","floor":7.0,"turns":4.0},{"damage":8.0,"enemies":"Lagavulin","floor":8.0,"turns":4.0},{"damage":6.0,"enemies":"Looter","floor":11.0,"turns":2.0},{"damage":15.0,"enemies":"Gremlin Nob","floor":13.0,"turns":3.0},{"damage":18.0,"enemies":"Slime Boss","floor":16.0,"turns":8.0},{"damage":30.0,"enemies":"Shell Parasite","floor":18.0,"turns":6.0},{"damage":3.0,"enemies":"Spheric Guardian","floor":22.0,"turns":4.0},{"damage":42.0,"enemies":"Slavers","floor":24.0,"turns":6.0},{"damage":79.0,"enemies":"Gremlin Leader","floor":28.0,"turns":9.0},{"damage":9.0,"enemies":"Chosen and Byrds","floor":29.0,"turns":6.0},{"damage":8.0,"enemies":"Sentry and Sphere","floor":31.0,"turns":4.0},{"damage":27.0,"enemies":"Champ","floor":33.0,"turns":13.0},{"damage":12.0,"enemies":"Orb Walker","floor":35.0,"turns":4.0},{"damage":3.0,"enemies":"3 Shapes","floor":37.0,"turns":6.0},{"damage":72,"enemies":"Maw","floor":38,"turns":8}],"seed_played":"-2763195884844050540","potions_obtained":[{"floor":0.0,"key":"FearPotion"},{"floor":0.0,"key":"FocusPotion"},{"floor":0.0,"key":"Poison Potion"},{"floor":1.0,"key":"Explosive Potion"},{"floor":16.0,"key":"Block Potion"},{"floor":18.0,"key":"Fire Potion"},{"floor":22.0,"key":"Ancient Potion"}],"is_trial":false,"path_per_floor":["M","$","M","?","M","R","M","E","T","R","M","R","E","?","R","B",null,"M","T","$","?","M","R","E","T","T","$","E","M","?","M","R","B",null,"M","?","M","M"],"character_chosen":"DEFECT","items_purchased":["Fusion","HandOfGreed","Leap","Capacitor","Meteor Strike"],"campfire_rested":3,"item_purchase_floors":[2,20,20,20,27],"current_hp_per_floor":[75,75,71,53,53,53,49,41,41,75,69,69,54,54,54,36,75,45,55,55,55,52,85,43,43,43,43,19,10,10,2,42,15,85,73,73,70,0],"gold":262,"neow_bonus":"THREE_SMALL_POTIONS","is_prod":false,"is_daily":false,"chose_seed":false,"campfire_upgraded":3,"win_rate":0,"timestamp":1563624582,"path_taken":["M","$","M","?","M","R","M","E","T","R","M","R","E","?","R","BOSS","M","?","$","?","M","R","E","?","T","$","E","M","?","M","R","BOSS","M","?","M","M"],"build_version":"2019-07-17","purchased_purges":1,"victory":false,"max_hp_per_floor":[75,75,75,75,75,75,75,75,75,75,75,75,75,75,75,75,75,75,85,85,85,85,85,85,85,85,85,85,85,85,85,85,85,85,85,85,85,85],"card_choices":[{"not_picked":["Sweeping Beam","Cold Snap"],"picked":"Genetic Algorithm","floor":1.0},{"not_picked":["Beam Cell","Leap"],"picked":"FTL","floor":3.0},{"not_picked":["Steam","Heatsinks"],"picked":"Compile Driver","floor":5.0},{"not_picked":["Rebound","Amplify"],"picked":"Streamline","floor":7.0},{"not_picked":["Steam","Aggregate"],"picked":"Hologram","floor":8.0},{"not_picked":["Steam","Streamline"],"picked":"Ball Lightning","floor":11.0},{"not_picked":["Auto Shields","Cold Snap"],"picked":"Defragment","floor":13.0},{"not_picked":["Thunder Strike","Core Surge"],"picked":"Echo Form","floor":16.0},{"not_picked":["Hologram","Genetic Algorithm"],"picked":"Steam","floor":18.0},{"not_picked":["Rip and Tear","Aggregate"],"picked":"Reinforced Body","floor":22.0},{"not_picked":["Rebound","Redo"],"picked":"Conserve Battery","floor":24.0},{"not_picked":["Turbo","Barrage"],"picked":"Force Field","floor":28.0},{"not_picked":["Aggregate+1","Conserve Battery"],"picked":"Electrodynamics","floor":29.0},{"not_picked":["Stack","Storm"],"picked":"Go for the Eyes+1","floor":31.0},{"not_picked":["Echo Form","Machine Learning"],"picked":"Amplify","floor":33.0},{"not_picked":["Heatsinks","Lockon","Go for the Eyes+1"],"picked":"SKIP","floor":35.0},{"not_picked":["Sweeping Beam","Force Field"],"picked":"Turbo+1","floor":37.0}],"player_experience":178962,"relics_obtained":[{"floor":8.0,"key":"Whetstone"},{"floor":9.0,"key":"Regal Pillow"},{"floor":13.0,"key":"Orichalcum"},{"floor":19.0,"key":"Pear"},{"floor":24.0,"key":"Girya"},{"floor":25.0,"key":"Matryoshka"},{"floor":26.0,"key":"Bag of Marbles"},{"floor":26.0,"key":"Letter Opener"},{"floor":28.0,"key":"War Paint"}],"event_choices":[{"damage_healed":0.0,"max_hp_gain":0.0,"max_hp_loss":0.0,"gold_gain":0.0,"event_name":"Scrap Ooze","player_choice":"Success","floor":4.0,"gold_loss":0.0,"damage_taken":18.0,"relics_obtained":["Pen Nib"]},{"damage_healed":0.0,"max_hp_gain":0.0,"max_hp_loss":0.0,"gold_gain":0.0,"event_name":"WeMeetAgain","player_choice":"Gave Potion","floor":14.0,"gold_loss":0.0,"damage_taken":0.0,"relics_obtained":["Tiny Chest"]},{"damage_healed":0.0,"max_hp_gain":0.0,"max_hp_loss":0.0,"gold_gain":0.0,"event_name":"Back to Basics","player_choice":"Simplicity","floor":21.0,"gold_loss":0.0,"damage_taken":0.0,"cards_upgraded":["Strike_B","Defend_B","Defend_B","Defend_B","Defend_B"]},{"damage_healed":0.0,"max_hp_gain":0.0,"max_hp_loss":0.0,"gold_gain":0.0,"event_name":"Forgotten Altar","player_choice":"Smashed Altar","floor":30.0,"gold_loss":0.0,"damage_taken":0.0,"cards_obtained":["Decay"]},{"cards_removed":["Strike_B"],"damage_healed":0.0,"max_hp_gain":0.0,"max_hp_loss":0.0,"gold_gain":0.0,"event_name":"Falling","player_choice":"Removed Attack","floor":36.0,"gold_loss":0.0,"damage_taken":0.0}],"is_beta":false,"boss_relics":[{"not_picked":["Runic Dome","Tiny House"],"picked":"Lizard Tail"},{"not_picked":["Velvet Choker","Philosopher\u0027s Stone"],"picked":"Eternal Feather"}],"items_purged_floors":[2],"is_endless":false,"potions_floor_spawned":[1,3,7,16,18,22],"killed_by":"Maw","ascension_level":3}