{"gold_per_floor":[209,3,13,28,28,28,63,63,63,63,97,60,60,72,72,170,170,188,113,113,127,58,91,91,109,109,126,126,226,243,93,93,194,194,211,231,248,111,111,111,137,154,154,154,166,166,166,184,184,184],"floor_reached":50,"playtime":5982,"items_purged":["Defend_B","Strike_B"],"score":650,"play_id":"fcff3d1e-9b9f-455d-a95c-55a212145679","local_time":"20190727135225","is_ascension_mode":true,"campfire_choices":[{"data":"Conserve Battery","floor":6,"key":"SMITH"},{"floor":8,"key":"REST"},{"data":"Conserve Battery","floor":10,"key":"SMITH"},{"data":"Self Repair","floor":15,"key":"SMITH"},{"floor":24,"key":"REST"},{"floor":28,"key":"REST"},{"floor":32,"key":"REST"},{"floor":40,"key":"REST"},{"data":"Rainbow","floor":44,"key":"SMITH"},{"data":"Defragment","floor":47,"key":"SMITH"},{"floor":49,"key":"RECALL"}],"neow_cost":"NONE","seed_source_timestamp":4836084786623083,"circlet_count":0,"master_deck":["Strike_B","Strike_B","Strike_B","Defend_B","Defend_B","Defend_B","Zap","Dualcast","Conserve Battery+1","Cold Snap","Conserve Battery+1","Lockon","Self Repair+1","Rainbow+1","Skim+1","Capacitor","Blizzard+1","Go for the Eyes+1","Chaos","Creative AI","Beam Cell+1","Defragment+1","Loop+1","Darkness+1","Apotheosis"],"relics":["FrozenCore","Lee\u0027s Waffle","Dodecahedron","Symbiotic Virus","Centennial Puzzle","Orichalcum","Velvet Choker","Molten Egg 2","Bag of Preparation","DataDisk","Pantograph"],"potions_floor_usage":[11,16,27,30,36,41,42,45],"damage_taken":[{"damage":13,"enemies":"2 Louse","floor":1,"turns":3},{"damage":0,"enemies":"Jaw Worm","floor":3,"turns":4},{"damage":1,"enemies":"Small Slimes","floor":4,"turns":4},{"damage":36,"enemies":"Lagavulin","floor":7,"turns":10},{"damage":9,"enemies":"3 Sentries","floor":11,"turns":6},{"damage":0,"enemies":"2 Fungi Beasts","floor":14,"turns":3},{"damage":16,"enemies":"Slime Boss","floor":16,"turns":5},{"damage":19,"enemies":"3 Byrds","floor":18,"turns":5},{"damage":0,"enemies":"Spheric Guardian","floor":21,"turns":3},{"damage":70,"enemies":"Gremlin Leader","floor":23,"turns":7},{"damage":16,"enemies":"Snake Plant","floor":25,"turns":3},{"damage":42,"enemies":"Sentry and Sphere","floor":27,"turns":6},{"damage":8,"enemies":"Snecko","floor":30,"turns":5},{"damage":50,"enemies":"Champ","floor":33,"turns":12},{"damage":0,"enemies":"3 Shapes","floor":35,"turns":7},{"damage":49,"enemies":"3 Darklings","floor":36,"turns":7},{"damage":19,"enemies":"Sphere and 2 Shapes","floor":37,"turns":7},{"damage":12,"enemies":"Nemesis","floor":41,"turns":9},{"damage":27,"enemies":"Jaw Worm Horde","floor":42,"turns":5},{"damage":2,"enemies":"Maw","floor":45,"turns":7},{"damage":43,"enemies":"Transient","floor":48,"turns":5},{"damage":51,"enemies":"Time Eater","floor":50,"turns":8}],"seed_played":"1717334051140204790","potions_obtained":[{"floor":3,"key":"Swift Potion"},{"floor":4,"key":"Regen Potion"},{"floor":25,"key":"AttackPotion"},{"floor":27,"key":"Regen Potion"},{"floor":33,"key":"Ancient Potion"},{"floor":35,"key":"Dexterity Potion"},{"floor":37,"key":"Explosive Potion"},{"floor":42,"key":"SteroidPotion"},{"floor":48,"key":"Strength Potion"}],"is_trial":false,"path_per_floor":["M","$","M","M","?","R","E","R","T","R","E","$","?","M","R","B",null,"M","$","?","M","$","E","R","M","T","M","R","?","M","$","R","B",null,"M","M","M","$","?","R","E","M","T","R","M","?","R","M","R","B"],"character_chosen":"DEFECT","items_purchased":["Lee\u0027s Waffle","Self Repair","Capacitor","DataDisk","Defragment"],"campfire_rested":5,"item_purchase_floors":[2,12,22,31,38],"current_hp_per_floor":[55,82,82,81,86,86,50,76,76,76,67,67,55,62,62,65,82,73,73,73,83,83,23,49,43,43,11,37,37,51,51,77,37,75,85,46,37,37,37,63,61,44,44,44,52,52,52,19,19,0],"gold":184,"neow_bonus":"HUNDRED_GOLD","is_prod":false,"is_daily":false,"chose_seed":false,"campfire_upgraded":5,"win_rate":0,"timestamp":1564260745,"path_taken":["M","$","M","M","?","R","E","R","T","R","E","?","?","M","R","BOSS","M","$","?","M","$","E","R","M","T","M","R","?","M","$","R","BOSS","M","?","M","$","?","R","E","M","T","R","M","?","R","M","R","BOSS"],"build_version":"2019-07-17","purchased_purges":2,"victory":false,"max_hp_per_floor":[75,82,82,82,87,87,87,87,87,87,87,87,87,87,87,87,87,87,87,87,87,87,87,87,87,87,87,87,87,87,87,87,87,87,87,87,87,87,87,87,87,87,87,87,87,87,87,87,87,87],"card_choices":[{"not_picked":["Leap","Go for the Eyes"],"picked":"Conserve Battery","floor":1},{"not_picked":["Rebound","Chill","Steam"],"picked":"SKIP","floor":3},{"not_picked":["Auto Shields","Steam"],"picked":"Cold Snap","floor":4},{"not_picked":["Genetic Algorithm","Doom and Gloom"],"picked":"Conserve Battery","floor":7},{"not_picked":["Sweeping Beam","Multi-Cast"],"picked":"Lockon","floor":11},{"not_picked":["Hello World","Steam","Undo"],"picked":"SKIP","floor":14},{"not_picked":["Amplify","Buffer"],"picked":"Rainbow","floor":16},{"not_picked":["Turbo+1","Double Energy+1","Undo"],"picked":"SKIP","floor":18},{"not_picked":["Sweeping Beam","Rebound+1"],"picked":"Skim+1","floor":21},{"not_picked":["Hyperbeam","Conserve Battery"],"picked":"Blizzard","floor":23},{"not_picked":["Compile Driver+1","Skim+1"],"picked":"Go for the Eyes+1","floor":25},{"not_picked":["Sweeping Beam+1","Scrape+1","Lockon+1"],"picked":"SKIP","floor":27},{"not_picked":["Rebound+1","Ball Lightning+1"],"picked":"Chaos","floor":30},{"not_picked":["Rainbow","All For One+1"],"picked":"Creative AI","floor":33},{"not_picked":["Tempest+1","Streamline+1"],"picked":"Storm+1","floor":35},{"not_picked":["Melter+1","Compile Driver+1"],"picked":"Beam Cell+1","floor":36},{"not_picked":["Conserve Battery+1","Sweeping Beam+1","Coolheaded+1"],"picked":"SKIP","floor":37},{"not_picked":["Coolheaded","Ball Lightning+1"],"picked":"Loop+1","floor":41},{"not_picked":["Compile Driver+1","Beam Cell+1","Go for the Eyes+1"],"picked":"SKIP","floor":42},{"not_picked":["Capacitor+1","Streamline+1"],"picked":"Darkness+1","floor":45},{"not_picked":["Bandage Up","Dramatic Entrance+1"],"picked":"Apotheosis","floor":46},{"not_picked":["Redo","Beam Cell+1","Stack"],"picked":"SKIP","floor":48}],"player_experience":324193,"relics_obtained":[{"floor":7,"key":"Dodecahedron"},{"floor":9,"key":"Symbiotic Virus"},{"floor":11,"key":"Centennial Puzzle"},{"floor":23,"key":"Molten Egg 2"},{"floor":26,"key":"Bag of Preparation"},{"floor":41,"key":"Pantograph"}],"event_choices":[{"damage_healed":0,"gold_gain":0,"player_choice":"Donut","damage_taken":0,"max_hp_gain":5,"max_hp_loss":0,"event_name":"Big Fish","floor":5,"gold_loss":0},{"damage_healed":0,"gold_gain":0,"player_choice":"Success","damage_taken":12,"relics_obtained":["Orichalcum"],"max_hp_gain":0,"max_hp_loss":0,"event_name":"Scrap Ooze","floor":13,"gold_loss":0},{"damage_healed":0,"gold_gain":0,"player_choice":"Ignored","damage_taken":0,"max_hp_gain":0,"max_hp_loss":0,"event_name":"Ghosts","floor":20,"gold_loss":0},{"damage_healed":0,"gold_gain":100,"player_choice":"Pray","damage_taken":0,"max_hp_gain":0,"max_hp_loss":0,"event_name":"Golden Shrine","floor":29,"gold_loss":0},{"cards_removed":["Storm"],"damage_healed":0,"gold_gain":0,"player_choice":"Removed Power","damage_taken":0,"max_hp_gain":0,"max_hp_loss":0,"event_name":"Falling","floor":39,"gold_loss":0},{"damage_healed":0,"gold_gain":0,"player_choice":"Memory 1","damage_taken":0,"max_hp_gain":0,"max_hp_loss":0,"event_name":"SensoryStone","floor":46,"gold_loss":0}],"is_beta":false,"boss_relics":[{"not_picked":["Tiny House","Orrery"],"picked":"Velvet Choker"},{"not_picked":["Eternal Feather","Fusion Hammer"],"picked":"FrozenCore"}],"items_purged_floors":[19,38],"is_endless":false,"potions_floor_spawned":[3,4,25,27,33,35,37,42,48],"killed_by":"Time Eater","ascension_level":6}