{"gold_per_floor":[112,127,140,71,71,132,82,82,128,128,144,43,56,81,81,176,176,188,39,39,57,73,73,73],"floor_reached":24,"playtime":1006,"items_purged":["Concentrate"],"score":265,"play_id":"39a15cc4-f47e-480f-99ba-b18adb53e482","local_time":"20190803005422","is_ascension_mode":true,"campfire_choices":[{"data":"Neutralize","floor":8,"key":"SMITH"},{"data":"Quick Slash","floor":10,"key":"SMITH"},{"floor":15,"key":"REST"},{"floor":23,"key":"REST"}],"neow_cost":"NONE","seed_source_timestamp":37184677153300,"circlet_count":0,"master_deck":["Survivor","Neutralize+1","Poisoned Stab","Quick Slash+1","Dagger Throw","Footwork","Acrobatics","Caltrops","Cloak And Dagger","Dagger Spray","Bane","Wraith Form v2","Quick Slash","Deflect","Accuracy","A Thousand Cuts","All Out Attack","Unload","Well Laid Plans","Cloak And Dagger","Crippling Poison","Infinite Blades","Leg Sweep","Deadly Poison"],"special_seed":0,"relics":["Ring of the Snake","Tiny Chest","Centennial Puzzle","Orichalcum","Pandora\u0027s Box"],"potions_floor_usage":[6,6,16],"damage_taken":[{"damage":3.0,"enemies":"Jaw Worm","floor":1.0,"turns":8.0},{"damage":0.0,"enemies":"Small Slimes","floor":2.0,"turns":3.0},{"damage":1.0,"enemies":"Cultist","floor":3.0,"turns":3.0},{"damage":20,"enemies":"Lagavulin","floor":6,"turns":5},{"damage":13,"enemies":"Gremlin Gang","floor":11,"turns":7},{"damage":6,"enemies":"Lots of Slimes","floor":13,"turns":2},{"damage":54,"enemies":"Slime Boss","floor":16,"turns":13},{"damage":13,"enemies":"Shell Parasite","floor":18,"turns":5},{"damage":16,"enemies":"Spheric Guardian","floor":21,"turns":5},{"damage":3,"enemies":"Snecko","floor":22,"turns":6},{"damage":0,"enemies":"Cultist and Chosen","floor":24,"turns":1}],"seed_played":"-303533527049449492","potions_obtained":[{"floor":1.0,"key":"AttackPotion"},{"floor":3.0,"key":"FearPotion"},{"floor":6,"key":"SneckoOil"},{"floor":13,"key":"LiquidBronze"},{"floor":22,"key":"Dexterity Potion"}],"is_trial":false,"path_per_floor":["M","M","M","$","?","E","?","R","T","R","M","$","M","T","R","B",null,"M","$","$","M","M","R","M"],"character_chosen":"THE_SILENT","items_purchased":["Footwork","Cloak And Dagger","Dagger Spray","Infinite Blades"],"campfire_rested":2,"item_purchase_floors":[4,12,12,19],"current_hp_per_floor":[67,67,66,66,71,51,51,51,51,51,38,38,32,32,56,2,62,49,49,49,33,30,54,54],"gold":73,"neow_bonus":"TEN_PERCENT_HP_BONUS","is_prod":false,"is_daily":false,"chose_seed":false,"campfire_upgraded":2,"win_rate":0,"timestamp":1564790062,"path_taken":["M","M","M","$","?","E","?","R","T","R","?","$","M","?","R","BOSS","M","?","$","M","M","R","M"],"build_version":"2019-07-17","purchased_purges":1,"victory":false,"max_hp_per_floor":[77,77,77,77,82,82,82,82,82,82,82,82,82,82,82,82,82,82,82,82,82,82,82,82],"card_choices":[{"not_picked":["Masterful Stab","Backflip"],"picked":"Poisoned Stab","floor":1.0},{"not_picked":["Reflex","Bane"],"picked":"Quick Slash","floor":2.0},{"not_picked":["Poisoned Stab","Deflect"],"picked":"Dagger Throw","floor":3.0},{"not_picked":["Infinite Blades","Backstab"],"picked":"Acrobatics","floor":6},{"not_picked":["Eviscerate","Bane"],"picked":"Caltrops","floor":11},{"not_picked":["Deflect","Slice"],"picked":"Bane","floor":13},{"not_picked":["Burst","Bullet Time"],"picked":"Wraith Form v2","floor":16},{"not_picked":["Finisher","Acrobatics+1"],"picked":"Crippling Poison","floor":18},{"not_picked":["Distraction","Quick Slash+1"],"picked":"Leg Sweep","floor":21},{"not_picked":["Distraction","Setup"],"picked":"Deadly Poison","floor":22}],"player_experience":231938,"relics_obtained":[{"floor":6,"key":"Tiny Chest"},{"floor":9,"key":"Centennial Puzzle"},{"floor":14,"key":"Orichalcum"}],"event_choices":[{"damage_healed":0.0,"max_hp_gain":5.0,"max_hp_loss":0.0,"gold_gain":0.0,"event_name":"Big Fish","player_choice":"Donut","floor":5.0,"gold_loss":0.0,"damage_taken":0.0},{"cards_removed":["Strike_G"],"damage_healed":0,"gold_gain":0,"player_choice":"Card Removal","damage_taken":0,"max_hp_gain":0,"max_hp_loss":0,"event_name":"The Cleric","floor":7,"gold_loss":50}],"is_beta":false,"boss_relics":[{"not_picked":["Runic Dome","Calling Bell"],"picked":"Pandora\u0027s Box"}],"items_purged_floors":[19],"is_endless":false,"potions_floor_spawned":[1,3,6,13,22],"killed_by":"Cultist and Chosen","ascension_level":7}