{"gold_per_floor":[109,109,109,122,122,122,122,133,159,186,186,198,213,137,137,137],"floor_reached":16,"playtime":457,"items_purged":[],"score":120,"play_id":"b6dc159f-f37e-406e-8c85-ddebd7dc1ffd","local_time":"20190411071934","is_ascension_mode":true,"campfire_choices":[{"floor":6,"key":"REST"},{"floor":11,"key":"REST"},{"floor":15,"key":"REST"}],"neow_cost":"NONE","seed_source_timestamp":339798785279127,"circlet_count":0,"master_deck":["Defend_G","Defend_G","Defend_G","Defend_G","Defend_G","Strike_G","Strike_G","Strike_G","Strike_G","Survivor","Neutralize","Crippling Poison","Bane","Deadly Poison","Noxious Fumes"],"relics":["Ring of the Snake","NeowsBlessing","GremlinMask","Bird Faced Urn","Smiling Mask","Happy Flower"],"potions_floor_usage":[10,13],"damage_taken":[{"damage":0,"enemies":"2 Louse","floor":1,"turns":1},{"damage":0,"enemies":"Cultist","floor":4,"turns":1},{"damage":0,"enemies":"Small Slimes","floor":8,"turns":1},{"damage":57,"enemies":"3 Sentries","floor":10,"turns":15},{"damage":7,"enemies":"Red Slaver","floor":12,"turns":4},{"damage":12,"enemies":"Large Slime","floor":13,"turns":6},{"damage":47,"enemies":"Slime Boss","floor":16,"turns":8}],"seed_played":"-6970299939368539988","potions_obtained":[{"floor":8,"key":"Block Potion"},{"floor":12,"key":"AttackPotion"}],"is_trial":false,"path_per_floor":["M","?","?","M","?","R","?","M","T","E","R","M","M","$","R","B"],"character_chosen":"THE_SILENT","items_purchased":["Noxious Fumes"],"campfire_rested":3,"item_purchase_floors":[14],"current_hp_per_floor":[70,70,70,70,58,70,70,70,70,13,34,27,15,15,36,0],"gold":137,"neow_bonus":"THREE_ENEMY_KILL","is_prod":false,"is_daily":false,"chose_seed":false,"campfire_upgraded":0,"win_rate":0,"timestamp":1554981574,"path_taken":["M","?","?","?","?","R","?","M","T","E","R","M","M","$","R","BOSS"],"build_version":"2019-01-23","purchased_purges":0,"victory":false,"max_hp_per_floor":[70,70,70,70,70,70,70,70,70,70,70,70,70,70,70,70],"card_choices":[{"not_picked":["Underhanded Strike","Flechettes","Outmaneuver"],"picked":"SKIP","floor":1},{"not_picked":["PiercingWail","Outmaneuver","Expertise"],"picked":"SKIP","floor":4},{"not_picked":["Cloak And Dagger","Outmaneuver"],"picked":"Bane","floor":8},{"not_picked":["Cloak And Dagger","Masterful Stab"],"picked":"Deadly Poison","floor":10},{"not_picked":["Acrobatics","Endless Agony","Tactician"],"picked":"SKIP","floor":12},{"not_picked":["Flechettes","Deflect","Backflip"],"picked":"SKIP","floor":13}],"player_experience":300644,"relics_obtained":[{"floor":9,"key":"Smiling Mask"},{"floor":10,"key":"Happy Flower"}],"event_choices":[{"damage_healed":0,"gold_gain":0,"cards_transformed":["Strike_G"],"player_choice":"Change","damage_taken":0,"max_hp_gain":0,"max_hp_loss":0,"event_name":"Living Wall","floor":2,"gold_loss":0,"cards_obtained":["Crippling Poison"]},{"damage_healed":0,"gold_gain":0,"player_choice":"Trade","damage_taken":0,"relics_obtained":["GremlinMask"],"max_hp_gain":0,"max_hp_loss":0,"event_name":"FaceTrader","floor":3,"gold_loss":0},{"damage_healed":0,"gold_gain":0,"player_choice":"Success","damage_taken":12,"relics_obtained":["Bird Faced Urn"],"max_hp_gain":0,"max_hp_loss":0,"event_name":"Scrap Ooze","floor":5,"gold_loss":0},{"damage_healed":0,"gold_gain":0,"player_choice":"Ignored","damage_taken":0,"max_hp_gain":0,"max_hp_loss":0,"event_name":"Liars Game","floor":7,"gold_loss":0}],"is_beta":false,"boss_relics":[],"items_purged_floors":[],"is_endless":false,"potions_floor_spawned":[8,12],"killed_by":"Slime Boss","ascension_level":4}