{"gold_per_floor":[114,39,50,50,50,4,16,33,33,48,48,48,48,68,68,163,163],"floor_reached":17,"playtime":1325,"items_purged":["Strike_R"],"score":147,"play_id":"34a339f1-b40c-4daf-b71d-093ebc1eb5aa","local_time":"20180717231103","is_ascension_mode":false,"campfire_choices":[{"data":"Rampage","floor":11,"key":"SMITH"},{"data":"Mind Blast","floor":13,"key":"SMITH"},{"data":"Body Slam","floor":15,"key":"SMITH"}],"neow_cost":"NONE","seed_source_timestamp":609822919061145,"circlet_count":0,"master_deck":["Strike_R","Strike_R","Defend_R","Defend_R","Defend_R","Defend_R","Bash","Armaments+1","Thunderclap","Headbutt","Rampage+1","Body Slam+1","Mind Blast+1","Cleave","Hemokinesis+1","Ghostly Armor+1","Evolve+1"],"relics":["Burning Blood","Anchor","Letter Opener","Astrolabe"],"potions_floor_usage":[],"damage_taken":[{"damage":1,"enemies":"Cultist","floor":1,"turns":3},{"damage":0,"enemies":"2 Louse","floor":3,"turns":3},{"damage":0,"enemies":"Small Slimes","floor":7,"turns":3},{"damage":6,"enemies":"Gremlin Gang","floor":8,"turns":5},{"damage":2,"enemies":"2 Fungi Beasts","floor":10,"turns":3},{"damage":2,"enemies":"3 Louse","floor":14,"turns":3},{"damage":37,"enemies":"Slime Boss","floor":16,"turns":9}],"seed_played":"5308043071323764796","potions_obtained":[{"floor":3,"key":"AttackPotion"},{"floor":10,"key":"Dexterity Potion"},{"floor":16,"key":"PowerPotion"}],"is_trial":false,"path_per_floor":["M","$","M","?","?","$","M","M","T","M","R","?","R","M","R","B"],"character_chosen":"IRONCLAD","items_purchased":["Headbutt"],"campfire_rested":0,"item_purchase_floors":[6],"current_hp_per_floor":[80,80,80,80,85,85,85,85,85,85,85,85,85,85,85,54,85],"gold":163,"neow_bonus":"RANDOM_COMMON_RELIC","is_prod":false,"is_daily":false,"chose_seed":false,"campfire_upgraded":3,"win_rate":0,"timestamp":1531865463,"path_taken":["M","$","?","?","?","?","?","M","T","M","R","?","R","M","R","BOSS"],"build_version":"2018-07-12","purchased_purges":1,"victory":false,"max_hp_per_floor":[80,80,80,80,85,85,85,85,85,85,85,85,85,85,85,85,85],"card_choices":[{"not_picked":["True Grit","Cleave"],"picked":"Armaments","floor":1},{"not_picked":["Shrug It Off","Cleave"],"picked":"Thunderclap","floor":3},{"not_picked":["Second Wind","Anger"],"picked":"Rampage","floor":7},{"not_picked":["Perfected Strike","Warcry","Power Through"],"picked":"SKIP","floor":8},{"not_picked":["Rupture","Bloodletting"],"picked":"Body Slam","floor":10},{"not_picked":["Thunderclap","Pommel Strike"],"picked":"Cleave","floor":14},{"not_picked":["Brutality","Limit Break"],"picked":"Immolate","floor":16}],"player_experience":377902,"relics_obtained":[{"floor":9,"key":"Letter Opener"}],"event_choices":[{"event_name":"Living Wall","player_choice":"Grow","floor":4,"damage_taken":0},{"event_name":"Big Fish","player_choice":"Donut","floor":5,"damage_taken":0},{"event_name":"Match and Keep!","player_choice":"1 cards matched","floor":12,"damage_taken":0}],"boss_relics":[{"not_picked":["Orrery","Runic Dome"],"picked":"Astrolabe"}],"items_purged_floors":[2],"is_endless":false,"potions_floor_spawned":[3,10,16],"ascension_level":0}