{"gold_per_floor":[110,110,110,125,125,125,152,165,244,122,197,213,118,131,131,235,235,252,46,46,66,86,86,112,112,112,122,122,156,172,122,122,122],"floor_reached":33,"playtime":3944,"items_purged":["Strike_R","Strike_R","Strike_R","Strike_R+1"],"score":449,"play_id":"82160f53-8a7a-4dd4-a999-e59838449a98","local_time":"20190501181509","is_ascension_mode":true,"campfire_choices":[{"data":"Bash","floor":6.0,"key":"SMITH"},{"floor":15.0,"key":"REST"},{"data":"Flex","floor":23,"key":"SMITH"},{"floor":28,"key":"REST"},{"data":"Flex","floor":32,"key":"SMITH"}],"neow_cost":"NONE","seed_source_timestamp":0,"circlet_count":0,"master_deck":["AscendersBane","Defend_R","Defend_R+1","Defend_R","Defend_R","Bash+1","Twin Strike","Reaper","Flex","Twin Strike","Flex+1","Thunderclap","Pummel+1","Flex+1","Heavy Blade","Flex","Sword Boomerang"],"special_seed":0,"relics":["Burning Blood","Strawberry","Smiling Mask","Du-Vu Doll","Pantograph","Sozu","Bag of Preparation","Art of War","Magic Flower","Red Mask"],"potions_floor_usage":[21,33],"damage_taken":[{"damage":8.0,"enemies":"Jaw Worm","floor":1.0,"turns":5.0},{"damage":0.0,"enemies":"Cultist","floor":4.0,"turns":3.0},{"damage":32.0,"enemies":"Gremlin Nob","floor":7.0,"turns":4.0},{"damage":8.0,"enemies":"Small Slimes","floor":8.0,"turns":4.0},{"damage":10.0,"enemies":"Red Slaver","floor":12.0,"turns":3.0},{"damage":0.0,"enemies":"Exordium Wildlife","floor":14.0,"turns":2.0},{"damage":48.0,"enemies":"The Guardian","floor":16.0,"turns":9.0},{"damage":20,"enemies":"3 Byrds","floor":18,"turns":5},{"damage":10,"enemies":"Shell Parasite","floor":21,"turns":4},{"damage":45,"enemies":"Centurion and Healer","floor":22,"turns":4},{"damage":41,"enemies":"Book of Stabbing","floor":24,"turns":4},{"damage":29,"enemies":"Sentry and Sphere","floor":27,"turns":4},{"damage":4,"enemies":"Masked Bandits","floor":29,"turns":3},{"damage":10,"enemies":"Snecko","floor":30,"turns":3},{"damage":100,"enemies":"Collector","floor":33,"turns":7}],"seed_played":"-2249020409932146280","potions_obtained":[{"floor":4.0,"key":"PowerPotion"},{"floor":8.0,"key":"EssenceOfSteel"},{"floor":16,"key":"Regen Potion"}],"is_trial":false,"path_per_floor":["M","?","?","M","T","R","E","M","T","$","?","M","$","M","R","B",null,"M","$","?","M","M","R","E","?","T","M","R","?","M","$","R","B"],"character_chosen":"IRONCLAD","items_purchased":["Flex","Twin Strike","Flex","Bag of Preparation"],"campfire_rested":2,"item_purchase_floors":[10,10,13,19],"current_hp_per_floor":[70,59,42,48,48,48,22,20,20,20,12,8,8,14,40,23,71,63,63,63,73,34,34,9,9,9,10,36,73,83,83,83,0],"gold":122,"neow_bonus":"REMOVE_CARD","is_prod":false,"is_daily":false,"chose_seed":false,"campfire_upgraded":3,"win_rate":0,"timestamp":1556759709,"path_taken":["M","?","?","M","?","R","E","?","T","$","?","M","$","M","R","BOSS","BOSS","M","$","?","M","M","R","E","?","T","M","R","?","M","$","R","BOSS"],"build_version":"2019-01-23","purchased_purges":4,"victory":false,"max_hp_per_floor":[80,87,87,87,87,87,87,87,87,87,87,87,87,87,87,87,87,87,87,87,87,87,87,87,87,87,87,87,87,87,87,87,87],"card_choices":[{"not_picked":["Headbutt","Evolve","Clash"],"picked":"SKIP","floor":1.0},{"not_picked":["Sentinel","Perfected Strike"],"picked":"Twin Strike","floor":4.0},{"not_picked":["Combust","Cleave","Shrug It Off"],"picked":"SKIP","floor":7.0},{"not_picked":["Pommel Strike","Bloodletting"],"picked":"Reaper","floor":8.0},{"not_picked":["Clothesline","Twin Strike","Pummel"],"picked":"SKIP","floor":12.0},{"not_picked":["Feel No Pain","Seeing Red"],"picked":"Thunderclap","floor":14.0},{"not_picked":["Perfected Strike","Body Slam"],"picked":"Pummel+1","floor":18},{"not_picked":["Warcry","Anger+1"],"picked":"Flex","floor":21},{"not_picked":["Uppercut+1","True Grit+1","Twin Strike"],"picked":"SKIP","floor":22},{"not_picked":["Ghostly Armor","Juggernaut"],"picked":"Heavy Blade","floor":24},{"not_picked":["Disarm","Fire Breathing"],"picked":"Flex","floor":27},{"not_picked":["Twin Strike","Heavy Blade"],"picked":"Sword Boomerang","floor":30}],"player_experience":347213,"relics_obtained":[{"floor":5.0,"key":"Smiling Mask"},{"floor":7.0,"key":"Du-Vu Doll"},{"floor":9.0,"key":"Pantograph"},{"floor":24,"key":"Art of War"},{"floor":26,"key":"Magic Flower"},{"floor":29,"key":"Red Mask"}],"event_choices":[{"damage_healed":0.0,"max_hp_gain":0.0,"max_hp_loss":0.0,"gold_gain":0.0,"event_name":"Scrap Ooze","player_choice":"Success","floor":2.0,"gold_loss":0.0,"damage_taken":18.0,"relics_obtained":["Strawberry"]},{"damage_healed":0.0,"max_hp_gain":0.0,"max_hp_loss":0.0,"gold_gain":0.0,"event_name":"Shining Light","player_choice":"Entered Light","floor":3.0,"gold_loss":0.0,"damage_taken":17.0,"cards_upgraded":["Strike_R","Defend_R"]},{"damage_healed":0.0,"max_hp_gain":0.0,"max_hp_loss":0.0,"gold_gain":75.0,"event_name":"FaceTrader","player_choice":"Touch","floor":11.0,"gold_loss":0.0,"damage_taken":8.0},{"damage_healed":0,"gold_gain":0,"player_choice":"Ignored","damage_taken":0,"max_hp_gain":0,"max_hp_loss":0,"event_name":"Ghosts","floor":20,"gold_loss":0},{"damage_healed":0,"gold_gain":0,"player_choice":"Fought Bandits","damage_taken":0,"max_hp_gain":0,"max_hp_loss":0,"event_name":"Masked Bandits","floor":29,"gold_loss":0}],"is_beta":false,"boss_relics":[{"not_picked":["Runic Cube","Tiny House"],"picked":"Sozu"}],"items_purged_floors":[10,13,19,31],"is_endless":false,"potions_floor_spawned":[4,8,14,16,18,22,30],"killed_by":"Collector","ascension_level":12}