{"gold_per_floor":[362,362,22,39,49,49,62,62,62,97,97,110,110,110,110,214,214,225,324,324,324],"floor_reached":21,"playtime":645,"items_purged":[],"score":230,"play_id":"b6894685-8ca8-441e-8188-5b048e50bd13","local_time":"20190610230921","is_ascension_mode":true,"campfire_choices":[{"data":"Multi-Cast","floor":6.0,"key":"SMITH"},{"floor":13.0,"key":"REST"},{"data":"Redo","floor":15.0,"key":"SMITH"}],"neow_cost":"TEN_PERCENT_HP_LOSS","seed_source_timestamp":0,"circlet_count":0,"master_deck":["Strike_B","Strike_B","Strike_B","Defend_B+1","Defend_B","Defend_B","Defend_B+1","Zap+1","Dualcast","Barrage","Multi-Cast+1","Cold Snap","Redo+1","Conserve Battery","Parasite","Seek","Necronomicurse"],"special_seed":0,"relics":["Cracked Core","Chemical X","Shuriken","Emotion Chip","Philosopher\u0027s Stone","Necronomicon"],"potions_floor_usage":[],"damage_taken":[{"damage":0.0,"enemies":"Small Slimes","floor":1.0,"turns":3.0},{"damage":0.0,"enemies":"2 Louse","floor":4.0,"turns":1.0},{"damage":2.0,"enemies":"Jaw Worm","floor":5.0,"turns":3.0},{"damage":16.0,"enemies":"Exordium Thugs","floor":7.0,"turns":5.0},{"damage":12.0,"enemies":"3 Sentries","floor":10.0,"turns":8.0},{"damage":18.0,"enemies":"Exordium Wildlife","floor":12.0,"turns":3.0},{"damage":18.0,"enemies":"Slime Boss","floor":16.0,"turns":10.0},{"damage":35.0,"enemies":"2 Thieves","floor":18.0,"turns":4.0},{"damage":8,"enemies":"Shell Parasite","floor":21,"turns":1}],"seed_played":"979461528838700674","potions_obtained":[{"floor":4.0,"key":"Weak Potion"},{"floor":5.0,"key":"Strength Potion"},{"floor":7.0,"key":"GamblersBrew"},{"floor":16.0,"key":"FearPotion"}],"is_trial":false,"path_per_floor":["M","?","$","M","M","R","M","?","T","E","?","M","R","?","R","B",null,"M","?","?","M"],"character_chosen":"DEFECT","items_purchased":["Chemical X","Multi-Cast","Cold Snap"],"campfire_rested":1,"item_purchase_floors":[3,3,3],"current_hp_per_floor":[68,54,54,54,52,52,36,29,29,17,34,16,36,36,36,18,56,21,21,5,0],"gold":324,"neow_bonus":"TWO_FIFTY_GOLD","is_prod":false,"is_daily":false,"chose_seed":false,"campfire_upgraded":2,"win_rate":0,"timestamp":1560233361,"path_taken":["M","?","$","M","M","R","M","?","T","E","?","M","R","?","R","BOSS","M","?","?","M"],"build_version":"2019-01-23","purchased_purges":0,"victory":false,"max_hp_per_floor":[68,68,68,68,68,68,68,68,68,68,68,68,68,68,68,68,68,68,68,68,68],"card_choices":[{"not_picked":["Compile Driver","Go for the Eyes"],"picked":"Barrage","floor":1.0},{"not_picked":["Turbo","Streamline","Rebound"],"picked":"SKIP","floor":4.0},{"not_picked":["Rebound","Heatsinks"],"picked":"Redo","floor":5.0},{"not_picked":["Streamline","Conserve Battery","Reprogram"],"picked":"SKIP","floor":7.0},{"not_picked":["Darkness","Beam Cell"],"picked":"Conserve Battery","floor":10.0},{"not_picked":["Reprogram","Barrage","Conserve Battery"],"picked":"SKIP","floor":12.0},{"not_picked":["Electrodynamics","Amplify"],"picked":"Seek","floor":16.0},{"not_picked":["Leap","Steam Power","Rip and Tear"],"picked":"SKIP","floor":18.0}],"player_experience":453911,"relics_obtained":[{"floor":9.0,"key":"Shuriken"},{"floor":10.0,"key":"Emotion Chip"},{"floor":20.0,"key":"Necronomicon"}],"event_choices":[{"damage_healed":0.0,"max_hp_gain":0.0,"max_hp_loss":0.0,"gold_gain":0.0,"event_name":"Shining Light","player_choice":"Entered Light","floor":2.0,"gold_loss":0.0,"damage_taken":14.0,"cards_upgraded":["Defend_B","Defend_B"]},{"cards_removed":["Strike_B"],"damage_healed":0.0,"max_hp_gain":0.0,"max_hp_loss":0.0,"gold_gain":0.0,"event_name":"Golden Wing","player_choice":"Card Removal","floor":8.0,"gold_loss":0.0,"damage_taken":7.0},{"damage_healed":17.0,"max_hp_gain":0.0,"max_hp_loss":0.0,"gold_gain":0.0,"event_name":"Mushrooms","player_choice":"Healed and dodged fight","floor":11.0,"gold_loss":0.0,"damage_taken":0.0,"cards_obtained":["Parasite"]},{"damage_healed":0.0,"max_hp_gain":0.0,"max_hp_loss":0.0,"gold_gain":0.0,"event_name":"Living Wall","player_choice":"Grow","floor":14.0,"gold_loss":0.0,"damage_taken":0.0,"cards_upgraded":["Zap"]},{"damage_healed":0.0,"max_hp_gain":0.0,"max_hp_loss":0.0,"gold_gain":99.0,"event_name":"Nest","player_choice":"Stole From Cult","floor":19.0,"gold_loss":0.0,"damage_taken":0.0},{"damage_healed":0.0,"max_hp_gain":0.0,"max_hp_loss":0.0,"gold_gain":0.0,"event_name":"Cursed Tome","player_choice":"Obtained Book","floor":20.0,"gold_loss":0.0,"damage_taken":16.0}],"is_beta":false,"boss_relics":[{"not_picked":["Astrolabe","Runic Dome"],"picked":"Philosopher\u0027s Stone"}],"items_purged_floors":[],"is_endless":false,"potions_floor_spawned":[4,5,7,16],"killed_by":"Shell Parasite","ascension_level":6}