{"gold_per_floor":[114,114,39,50,63,63,75,75,75,95,95,95,113,188,188,312,312,312,312,312,312,312,312,312,312,312,312,312,312,237,61,61,61],"floor_reached":33,"playtime":1043,"items_purged":["Strike_G"],"score":373,"play_id":"e1ab1ef3-8968-4eec-8b14-c8a7121855a1","local_time":"20190604234152","is_ascension_mode":true,"campfire_choices":[{"data":"Skewer","floor":6.0,"key":"SMITH"},{"data":"Deadly Poison","floor":8.0,"key":"SMITH"},{"data":"Survivor","floor":11.0,"key":"SMITH"},{"floor":15.0,"key":"REST"},{"data":"Noxious Fumes","floor":23.0,"key":"SMITH"},{"floor":28.0,"key":"REST"},{"floor":32.0,"key":"REST"}],"neow_cost":"NONE","seed_source_timestamp":0,"circlet_count":0,"master_deck":["Defend_G","Defend_G","Defend_G","Defend_G","Defend_G","Strike_G+1","Strike_G","Strike_G","Survivor+1","Neutralize+1","Deadly Poison+1","Noxious Fumes+1","Skewer+1","Noxious Fumes","Adrenaline+1","Terror+1","Dagger Spray+1","Deadly Poison"],"special_seed":0,"relics":["Ring of the Snake","Whetstone","Golden Idol","Ectoplasm","Regal Pillow","The Courier","Du-Vu Doll","Snake Skull"],"potions_floor_usage":[33,33,33],"damage_taken":[{"damage":1.0,"enemies":"Cultist","floor":1.0,"turns":5.0},{"damage":2.0,"enemies":"2 Louse","floor":4.0,"turns":4.0},{"damage":1.0,"enemies":"Small Slimes","floor":5.0,"turns":4.0},{"damage":0.0,"enemies":"Looter","floor":7.0,"turns":3.0},{"damage":6.0,"enemies":"Red Slaver","floor":10.0,"turns":4.0},{"damage":8.0,"enemies":"Exordium Thugs","floor":13.0,"turns":5.0},{"damage":20.0,"enemies":"Slime Boss","floor":16.0,"turns":8.0},{"damage":1.0,"enemies":"3 Byrds","floor":18.0,"turns":4.0},{"damage":0.0,"enemies":"Shell Parasite","floor":20.0,"turns":1.0},{"damage":2.0,"enemies":"Cultist and Chosen","floor":21.0,"turns":4.0},{"damage":32.0,"enemies":"Gremlin Leader","floor":24.0,"turns":6.0},{"damage":2.0,"enemies":"Chosen and Byrds","floor":25.0,"turns":4.0},{"damage":23.0,"enemies":"Centurion and Healer","floor":29.0,"turns":5.0},{"damage":66,"enemies":"Champ","floor":33,"turns":9}],"seed_played":"-8673171853690533396","potions_obtained":[{"floor":0.0,"key":"EssenceOfSteel"},{"floor":0.0,"key":"Energy Potion"},{"floor":0.0,"key":"Strength Potion"},{"floor":1.0,"key":"Explosive Potion"},{"floor":13.0,"key":"AttackPotion"},{"floor":16.0,"key":"Block Potion"},{"floor":18.0,"key":"EssenceOfSteel"},{"floor":20.0,"key":"Energy Potion"},{"floor":21.0,"key":"SteroidPotion"},{"floor":29.0,"key":"Weak Potion"}],"is_trial":false,"path_per_floor":["M","?","$","M","M","R","M","R","T","M","R","?","M","?","R","B",null,"M","?","M","M","T","R","E","M","T","?","R","M","?","$","R","B"],"character_chosen":"THE_SILENT","items_purchased":["Noxious Fumes","Snake Skull"],"campfire_rested":3,"item_purchase_floors":[3,31],"current_hp_per_floor":[62,62,62,60,59,59,59,59,59,53,53,53,45,34,53,33,57,56,56,56,54,54,54,22,20,20,20,54,31,31,31,65,0],"gold":61,"neow_bonus":"THREE_SMALL_POTIONS","is_prod":false,"is_daily":false,"chose_seed":false,"campfire_upgraded":4,"win_rate":0,"timestamp":1559716912,"path_taken":["M","?","$","M","M","R","M","R","T","?","R","?","M","?","R","BOSS","M","?","M","?","?","R","E","M","T","?","R","M","?","$","R","BOSS"],"build_version":"2019-01-23","purchased_purges":1,"victory":false,"max_hp_per_floor":[70,70,70,70,70,70,70,70,70,70,70,65,65,65,65,65,65,65,65,65,65,65,65,65,65,65,65,65,65,65,65,65,65],"card_choices":[{"not_picked":["Blade Dance","Reflex"],"picked":"Deadly Poison","floor":1.0},{"not_picked":["Setup","Reflex","Endless Agony"],"picked":"SKIP","floor":4.0},{"not_picked":["PiercingWail","A Thousand Cuts"],"picked":"Skewer","floor":5.0},{"not_picked":["Acrobatics","PiercingWail","Outmaneuver"],"picked":"SKIP","floor":7.0},{"not_picked":["Deflect","Quick Slash"],"picked":"Noxious Fumes","floor":10.0},{"not_picked":["Grand Finale","Acrobatics","Bane"],"picked":"SKIP","floor":13.0},{"not_picked":["After Image","Tools of the Trade"],"picked":"Adrenaline","floor":16.0},{"not_picked":["Slice+1","Accuracy"],"picked":"Terror+1","floor":18.0},{"not_picked":["Reflex+1","Blade Dance","PiercingWail"],"picked":"SKIP","floor":20.0},{"not_picked":["Choke","Terror"],"picked":"Dagger Spray+1","floor":21.0},{"not_picked":["Cloak And Dagger","Slice","Skewer"],"picked":"SKIP","floor":24.0},{"not_picked":["Dagger Spray+1","Acrobatics+1","Blade Dance"],"picked":"SKIP","floor":25.0},{"not_picked":["Concentrate","Tools of the Trade"],"picked":"Deadly Poison","floor":29.0}],"player_experience":433467,"relics_obtained":[{"floor":9.0,"key":"Whetstone"},{"floor":22.0,"key":"Regal Pillow"},{"floor":24.0,"key":"The Courier"},{"floor":26.0,"key":"Du-Vu Doll"}],"event_choices":[{"damage_healed":0.0,"max_hp_gain":0.0,"max_hp_loss":0.0,"gold_gain":0.0,"cards_transformed":["Strike_G"],"event_name":"Transmorgrifier","player_choice":"Transformed","floor":2.0,"gold_loss":0.0,"damage_taken":0.0,"cards_obtained":["Accuracy"]},{"damage_healed":0.0,"max_hp_gain":0.0,"max_hp_loss":5.0,"gold_gain":0.0,"event_name":"Golden Idol","player_choice":"Lose Max HP","floor":12.0,"gold_loss":0.0,"damage_taken":0.0,"relics_obtained":["Golden Idol"]},{"damage_healed":0.0,"max_hp_gain":0.0,"max_hp_loss":0.0,"gold_gain":75.0,"event_name":"World of Goop","player_choice":"Gather Gold","floor":14.0,"gold_loss":0.0,"damage_taken":11.0},{"damage_healed":0.0,"max_hp_gain":0.0,"max_hp_loss":0.0,"gold_gain":0.0,"event_name":"Upgrade Shrine","player_choice":"Upgraded","floor":19.0,"gold_loss":0.0,"damage_taken":0.0,"cards_upgraded":["Adrenaline"]},{"cards_removed":["Accuracy"],"damage_healed":0.0,"max_hp_gain":0.0,"max_hp_loss":0.0,"gold_gain":0.0,"event_name":"Beggar","player_choice":"Gave Gold","floor":30.0,"gold_loss":75.0,"damage_taken":0.0}],"is_beta":false,"boss_relics":[{"not_picked":["Snecko Eye","Cursed Key"],"picked":"Ectoplasm"}],"items_purged_floors":[31],"is_endless":false,"potions_floor_spawned":[1,5,13,16,18,20,21,29],"killed_by":"Champ","ascension_level":9}