{"gold_per_floor":[18,18,18,36,52,52,72,82,82,7,25,25,25,25,25,25],"floor_reached":16,"playtime":492,"items_purged":["Strike_R"],"score":147,"play_id":"153323b5-5957-4ac2-abc4-964e90165947","local_time":"20190502110637","is_ascension_mode":true,"campfire_choices":[{"data":"Heavy Blade","floor":6.0,"key":"SMITH"},{"data":"Sword Boomerang","floor":13,"key":"SMITH"},{"floor":15,"key":"REST"}],"neow_cost":"NO_GOLD","seed_source_timestamp":0,"circlet_count":0,"master_deck":["AscendersBane","Strike_R","Strike_R","Strike_R","Defend_R","Defend_R","Defend_R","Bash","Heavy Blade+1","Cleave","Sword Boomerang+1"],"special_seed":0,"relics":["Burning Blood","Sundial","Matryoshka"],"potions_floor_usage":[8,16],"damage_taken":[{"damage":19.0,"enemies":"Jaw Worm","floor":1.0,"turns":3.0},{"damage":4.0,"enemies":"Small Slimes","floor":4.0,"turns":4.0},{"damage":1.0,"enemies":"Cultist","floor":5.0,"turns":3.0},{"damage":26.0,"enemies":"Blue Slaver","floor":7.0,"turns":3.0},{"damage":0,"enemies":"Lots of Slimes","floor":8,"turns":2},{"damage":17,"enemies":"Red Slaver","floor":11,"turns":6},{"damage":63,"enemies":"Hexaghost","floor":16,"turns":9}],"seed_played":"8698446506134076866","potions_obtained":[{"floor":7.0,"key":"Explosive Potion"},{"floor":11,"key":"FearPotion"}],"is_trial":false,"path_per_floor":["M","$","?","M","M","R","M","M","T","$","M","?","R","$","R","B"],"character_chosen":"IRONCLAD","items_purchased":[],"campfire_rested":1,"item_purchase_floors":[],"current_hp_per_floor":[59,59,64,66,71,71,51,57,57,57,46,34,34,34,59,0],"gold":25,"neow_bonus":"REMOVE_TWO","is_prod":false,"is_daily":false,"chose_seed":false,"campfire_upgraded":2,"win_rate":0,"timestamp":1556820397,"path_taken":["M","$","?","M","M","R","M","M","T","$","M","?","R","?","R","BOSS"],"build_version":"2019-01-23","purchased_purges":1,"victory":false,"max_hp_per_floor":[80,80,85,85,85,85,85,85,85,85,85,85,85,85,85,85],"card_choices":[{"not_picked":["Perfected Strike","Seeing Red","Havoc"],"picked":"SKIP","floor":1.0},{"not_picked":["Anger","Metallicize"],"picked":"Heavy Blade","floor":4.0},{"not_picked":["Wild Strike","Flame Barrier"],"picked":"Cleave","floor":5.0},{"not_picked":["Shockwave","Warcry","Headbutt"],"picked":"SKIP","floor":7.0},{"not_picked":["Body Slam","Searing Blow","True Grit"],"picked":"SKIP","floor":8},{"not_picked":["Anger","Havoc"],"picked":"Sword Boomerang","floor":11}],"player_experience":355116,"relics_obtained":[{"floor":9,"key":"Sundial"}],"event_choices":[{"damage_healed":0.0,"max_hp_gain":5.0,"max_hp_loss":0.0,"gold_gain":0.0,"event_name":"Big Fish","player_choice":"Donut","floor":3.0,"gold_loss":0.0,"damage_taken":0.0},{"damage_healed":0,"gold_gain":0,"player_choice":"Success","damage_taken":12,"relics_obtained":["Matryoshka"],"max_hp_gain":0,"max_hp_loss":0,"event_name":"Scrap Ooze","floor":12,"gold_loss":0}],"is_beta":false,"boss_relics":[],"items_purged_floors":[10],"is_endless":false,"potions_floor_spawned":[7,11],"killed_by":"Hexaghost","ascension_level":12}