{"gold_per_floor":[113,127,52,66,83,83,83,100,100,0,15,15,32,32,32,32],"floor_reached":16,"playtime":6720,"items_purged":["Defend_B","Strike_B"],"score":94,"play_id":"032c0d2c-806a-4f8a-9b52-24c568fc66b1","local_time":"20190206015408","is_ascension_mode":false,"campfire_choices":[{"data":"Lockon","floor":6,"key":"SMITH"},{"data":"Sweeping Beam","floor":15,"key":"SMITH"}],"neow_cost":"NONE","seed_source_timestamp":255162787766712,"circlet_count":0,"master_deck":["Strike_B","Strike_B","Defend_B","Defend_B","Defend_B","Zap","Dualcast","Aggregate","Steam","Lockon+1","Sweeping Beam+1","Seek","Steam"],"relics":["Cracked Core","NeowsBlessing","Bottled Lightning"],"potions_floor_usage":[5,5,8],"damage_taken":[{"damage":0,"enemies":"Cultist","floor":1,"turns":1},{"damage":0,"enemies":"Small Slimes","floor":2,"turns":1},{"damage":0,"enemies":"2 Louse","floor":4,"turns":1},{"damage":0,"enemies":"Looter","floor":5,"turns":2},{"damage":9,"enemies":"2 Fungi Beasts","floor":8,"turns":2},{"damage":4,"enemies":"3 Louse","floor":11,"turns":2},{"damage":0,"enemies":"Looter","floor":13,"turns":3},{"damage":68,"enemies":"Slime Boss","floor":16,"turns":12}],"seed_played":"726785371437814740","potions_obtained":[{"floor":2,"key":"Explosive Potion"},{"floor":4,"key":"Fire Potion"},{"floor":5,"key":"Explosive Potion"},{"floor":13,"key":"FocusPotion"}],"is_trial":false,"path_per_floor":["M","M","$","M","M","R","$","M","T","$","M","?","M","?","R","B"],"character_chosen":"DEFECT","items_purchased":[],"campfire_rested":0,"item_purchase_floors":[],"current_hp_per_floor":[75,75,75,75,75,75,75,66,66,66,62,62,62,67,67,0],"gold":32,"neow_bonus":"THREE_ENEMY_KILL","is_prod":false,"is_daily":false,"chose_seed":false,"campfire_upgraded":2,"win_rate":0.0,"timestamp":1549446848,"path_taken":["M","M","$","M","M","R","$","M","T","?","M","?","M","?","R","BOSS"],"build_version":"2019-01-23","purchased_purges":2,"victory":false,"max_hp_per_floor":[75,75,75,75,75,75,75,75,75,75,75,75,75,80,80,80],"card_choices":[{"not_picked":["Hologram","Ball Lightning"],"picked":"Aggregate","floor":1},{"not_picked":["Redo","Compile Driver"],"picked":"Steam","floor":2},{"not_picked":["Redo","Chaos","Glacier"],"picked":"SKIP","floor":4},{"not_picked":["Aggregate","Consume"],"picked":"Lockon","floor":5},{"not_picked":["Hello World","Chill"],"picked":"Sweeping Beam","floor":8},{"not_picked":["Barrage","Redo"],"picked":"Seek","floor":11},{"not_picked":["Beam Cell","Defragment"],"picked":"Steam","floor":13}],"player_experience":31384,"relics_obtained":[{"floor":9,"key":"Bottled Lightning"}],"event_choices":[{"cards_removed":["Strike_B"],"damage_healed":0,"gold_gain":0,"player_choice":"Forget","damage_taken":0,"max_hp_gain":0,"max_hp_loss":0,"event_name":"Living Wall","floor":12,"gold_loss":0},{"damage_healed":0,"gold_gain":0,"player_choice":"Donut","damage_taken":0,"max_hp_gain":5,"max_hp_loss":0,"event_name":"Big Fish","floor":14,"gold_loss":0}],"is_beta":false,"boss_relics":[],"items_purged_floors":[3,10],"is_endless":false,"potions_floor_spawned":[2,4,5,13],"killed_by":"Slime Boss","ascension_level":0}