{"gold_per_floor":[127,139,164,244,276,288,350,362,397,489,564,626,672,699,711,723],"floor_reached":16,"playtime":482,"items_purged":[],"score":194,"play_id":"1bd62bd1-30ce-4f47-96de-fd50492fe97b","local_time":"20190730133232","is_ascension_mode":true,"campfire_choices":[{"data":"Heavy Blade","floor":6,"key":"SMITH"},{"data":"Thunderclap","floor":8,"key":"SMITH"},{"data":"Bash","floor":15,"key":"SMITH"}],"neow_cost":"NONE","seed_source_timestamp":422158250212000,"circlet_count":0,"master_deck":["AscendersBane","Strike_R","Strike_R","Strike_R","Strike_R","Defend_R","Defend_R","Defend_R","Defend_R","Bash+1","Heavy Blade+1","Cleave","Thunderclap+1","Whirlwind"],"relics":["Burning Blood","MawBank","SsserpentHead","Boot","Lantern","Red Skull"],"potions_floor_usage":[11,16],"damage_taken":[{"damage":9,"enemies":"Small Slimes","floor":1,"turns":5},{"damage":1,"enemies":"Cultist","floor":3,"turns":3},{"damage":7,"enemies":"Jaw Worm","floor":4,"turns":3},{"damage":11,"enemies":"2 Fungi Beasts","floor":5,"turns":3},{"damage":0,"enemies":"Exordium Wildlife","floor":11,"turns":1},{"damage":40,"enemies":"Lagavulin","floor":13,"turns":5},{"damage":12,"enemies":"Looter","floor":14,"turns":3},{"damage":28,"enemies":"Hexaghost","floor":16,"turns":8}],"seed_played":"964940865595158831","potions_obtained":[{"floor":5,"key":"AttackPotion"},{"floor":11,"key":"Ancient Potion"},{"floor":14,"key":"Block Potion"}],"is_trial":false,"path_per_floor":["M","?","M","M","M","R","?","R","T","?","M","?","E","M","R","B"],"character_chosen":"IRONCLAD","items_purchased":[],"campfire_rested":0,"item_purchase_floors":[],"current_hp_per_floor":[65,65,70,69,64,64,59,59,59,59,65,65,31,25,25,0],"gold":723,"neow_bonus":"RANDOM_COMMON_RELIC","is_prod":false,"is_daily":false,"chose_seed":false,"campfire_upgraded":3,"win_rate":0,"timestamp":1564518752,"path_taken":["M","?","M","?","M","R","?","R","T","?","?","?","E","M","R","BOSS"],"build_version":"2019-07-17","purchased_purges":0,"victory":false,"max_hp_per_floor":[75,75,75,75,75,75,75,75,75,75,75,75,75,75,75,75],"card_choices":[{"not_picked":["Cleave","Seeing Red"],"picked":"Heavy Blade","floor":1},{"not_picked":["Rupture","Uppercut"],"picked":"Cleave","floor":3},{"not_picked":["Anger","Combust"],"picked":"Thunderclap","floor":4},{"not_picked":["Bludgeon","Disarm","Anger"],"picked":"SKIP","floor":5},{"not_picked":["True Grit","Thunderclap","Pommel Strike"],"picked":"SKIP","floor":11},{"not_picked":["Wild Strike","Hemokinesis"],"picked":"Whirlwind","floor":13},{"not_picked":["Shockwave","Double Tap","Clash"],"picked":"SKIP","floor":14}],"player_experience":474930,"relics_obtained":[{"floor":9,"key":"Lantern"},{"floor":13,"key":"Red Skull"}],"event_choices":[{"damage_healed":0,"gold_gain":0,"player_choice":"Trade","damage_taken":0,"relics_obtained":["SsserpentHead"],"max_hp_gain":0,"max_hp_loss":0,"event_name":"FaceTrader","floor":2,"gold_loss":0},{"damage_healed":0,"gold_gain":0,"player_choice":"Success","damage_taken":5,"relics_obtained":["Boot"],"max_hp_gain":0,"max_hp_loss":0,"event_name":"Scrap Ooze","floor":7,"gold_loss":0},{"damage_healed":0,"gold_gain":30,"player_choice":"Searched \u00271\u0027 times","damage_taken":0,"max_hp_gain":0,"max_hp_loss":0,"event_name":"Dead Adventurer","floor":10,"gold_loss":0},{"cards_removed":["Strike_R"],"damage_healed":0,"gold_gain":0,"player_choice":"Purged","damage_taken":0,"max_hp_gain":0,"max_hp_loss":0,"event_name":"Purifier","floor":12,"gold_loss":0}],"is_beta":false,"boss_relics":[],"items_purged_floors":[],"is_endless":false,"potions_floor_spawned":[5,11,14],"killed_by":"Hexaghost","ascension_level":18}