{"gold_per_floor":[119,119,119,119,119,153,71,86,86,122,142,186,206,219,219,219],"floor_reached":16,"playtime":854,"items_purged":[],"score":174,"play_id":"2fab460e-1a57-4f4f-9093-85a38a9927cc","local_time":"20181031185505","is_ascension_mode":true,"campfire_choices":[{"floor":15.0,"key":"REST"}],"neow_cost":"NONE","seed_source_timestamp":1042411378538702,"circlet_count":0,"master_deck":["Strike_R","Strike_R","Strike_R","Strike_R","Strike_R","Defend_R","Defend_R","Defend_R","Defend_R","Bash+1","Ghostly Armor","Cleave","Enlightenment","Headbutt","Shrug It Off","Searing Blow","Warcry","Shrug It Off","Rampage"],"special_seed":0,"relics":["Burning Blood","NeowsBlessing","Golden Idol","Blood Vial","Ancient Tea Set","Art of War","Pantograph","Bottled Lightning"],"potions_floor_usage":[16],"damage_taken":[{"damage":0.0,"enemies":"Cultist","floor":1.0,"turns":1.0},{"damage":0.0,"enemies":"Lagavulin","floor":6.0,"turns":1.0},{"damage":0.0,"enemies":"Jaw Worm","floor":8.0,"turns":1.0},{"damage":25.0,"enemies":"3 Sentries","floor":10.0,"turns":8.0},{"damage":4.0,"enemies":"Small Slimes","floor":11.0,"turns":4.0},{"damage":25.0,"enemies":"Lagavulin","floor":12.0,"turns":6.0},{"damage":7.0,"enemies":"2 Fungi Beasts","floor":13.0,"turns":4.0},{"damage":0.0,"enemies":"Lots of Slimes","floor":14.0,"turns":1.0},{"damage":82,"enemies":"Slime Boss","floor":16,"turns":9}],"seed_played":"-5333456298274374982","potions_obtained":[{"floor":6.0,"key":"Explosive Potion"},{"floor":8.0,"key":"Fire Potion"},{"floor":14.0,"key":"SkillPotion"}],"is_trial":false,"path_per_floor":["M","?","?","?","T","E","$","M","T","E","M","E","M","M","R"],"character_chosen":"IRONCLAD","items_purchased":["Enlightenment"],"campfire_rested":1,"item_purchase_floors":[7],"current_hp_per_floor":[80,80,80,73,73,80,80,80,80,61,65,48,49,57,80,0],"gold":219,"neow_bonus":"THREE_ENEMY_KILL","is_prod":false,"is_daily":false,"chose_seed":false,"campfire_upgraded":0,"win_rate":0,"timestamp":1541012105,"path_taken":["M","?","?","?","?","E","?","M","T","E","?","E","M","M","R","BOSS"],"build_version":"2018-10-25v2","purchased_purges":0,"victory":false,"max_hp_per_floor":[80,80,80,80,80,80,80,80,80,80,80,80,80,80,80,80],"card_choices":[{"not_picked":["Clash","True Grit"],"picked":"Ghostly Armor","floor":1.0},{"not_picked":["Hemokinesis","Ghostly Armor"],"picked":"Cleave","floor":6.0},{"not_picked":["Twin Strike","Warcry"],"picked":"Headbutt","floor":8.0},{"not_picked":["Intimidate","Armaments"],"picked":"Shrug It Off","floor":10.0},{"not_picked":["Sever Soul","Dark Embrace"],"picked":"Searing Blow","floor":11.0},{"not_picked":["Brutality","Sentinel"],"picked":"Warcry","floor":12.0},{"not_picked":["Burning Pact","Pommel Strike"],"picked":"Shrug It Off","floor":13.0},{"not_picked":["Shrug It Off","Spot Weakness"],"picked":"Rampage","floor":14.0}],"player_experience":770228,"relics_obtained":[{"floor":5.0,"key":"Blood Vial"},{"floor":6.0,"key":"Ancient Tea Set"},{"floor":9.0,"key":"Art of War"},{"floor":10.0,"key":"Pantograph"},{"floor":12.0,"key":"Bottled Lightning"}],"event_choices":[{"damage_healed":0.0,"max_hp_gain":0.0,"max_hp_loss":0.0,"gold_gain":0.0,"event_name":"Golden Idol","player_choice":"Take Wound","floor":2.0,"gold_loss":0.0,"damage_taken":0.0,"relics_obtained":["Golden Idol"],"cards_obtained":["Injury"]},{"damage_healed":0.0,"max_hp_gain":0.0,"max_hp_loss":0.0,"gold_gain":0.0,"event_name":"Living Wall","player_choice":"Grow","floor":3.0,"gold_loss":0.0,"damage_taken":0.0,"cards_upgraded":["Bash"]},{"cards_removed":["Injury"],"damage_healed":0.0,"max_hp_gain":0.0,"max_hp_loss":0.0,"gold_gain":0.0,"event_name":"Golden Wing","player_choice":"Card Removal","floor":4.0,"gold_loss":0.0,"damage_taken":7.0}],"is_beta":false,"boss_relics":[],"items_purged_floors":[],"is_endless":false,"potions_floor_spawned":[6,8,14],"killed_by":"Slime Boss","ascension_level":4}