{"gold_per_floor":[213,227,177,189,189,189,218,218,218,17,17,29,56,68,68,147,147,158,158,158,174,99,125,125,25,52,80,91,91,162,37,37,108,108,125,125,143,143,143,143,143],"floor_reached":41,"playtime":1276,"items_purged":["Writhe","Strike_R","Strike_R"],"score":743,"play_id":"38c2ef52-bc8a-4ec9-a903-e31efc81c5a2","local_time":"20190504123650","is_ascension_mode":true,"campfire_choices":[{"data":"Bash","floor":6.0,"key":"SMITH"},{"data":"Flex","floor":8.0,"key":"SMITH"},{"floor":15.0,"key":"REST"},{"floor":29.0,"key":"REST"},{"floor":32.0,"key":"REST"},{"data":"Battle Trance","floor":40,"key":"SMITH"}],"neow_cost":"NONE","seed_source_timestamp":0,"circlet_count":0,"master_deck":["AscendersBane","Strike_R","Strike_R","Defend_R","Defend_R","Defend_R","Defend_R","Bash+1","Twin Strike","Cleave","Flex+1","Sword Boomerang+1","Offering","Battle Trance+1","Sword Boomerang+1","Whirlwind+1","Limit Break+1"],"special_seed":0,"relics":["Burning Blood","Molten Egg 2","Ancient Tea Set","Blue Candle","Red Skull","Vajra","Black Star","Dodecahedron","Frozen Egg 2","Pantograph","Nilry\u0027s Codex","Dream Catcher","Anchor","Pen Nib","Toxic Egg 2"],"potions_floor_usage":[],"damage_taken":[{"damage":10.0,"enemies":"2 Louse","floor":1.0,"turns":3.0},{"damage":9.0,"enemies":"Jaw Worm","floor":2.0,"turns":4.0},{"damage":1.0,"enemies":"Cultist","floor":4.0,"turns":3.0},{"damage":60.0,"enemies":"Lagavulin","floor":7.0,"turns":6.0},{"damage":11.0,"enemies":"2 Fungi Beasts","floor":12.0,"turns":3.0},{"damage":0.0,"enemies":"Blue Slaver","floor":14.0,"turns":1.0},{"damage":23.0,"enemies":"Slime Boss","floor":16.0,"turns":7.0},{"damage":19.0,"enemies":"Shell Parasite","floor":18.0,"turns":4.0},{"damage":24.0,"enemies":"Colosseum Slavers","floor":19.0,"turns":3.0},{"damage":13.0,"enemies":"Chosen","floor":21.0,"turns":3.0},{"damage":6.0,"enemies":"Gremlin Leader","floor":23.0,"turns":4.0},{"damage":14.0,"enemies":"Book of Stabbing","floor":27.0,"turns":2.0},{"damage":8.0,"enemies":"Centurion and Healer","floor":28.0,"turns":3.0},{"damage":62,"enemies":"Collector","floor":33,"turns":5},{"damage":0,"enemies":"Orb Walker","floor":35,"turns":2},{"damage":32,"enemies":"3 Darklings","floor":37,"turns":3},{"damage":55,"enemies":"Reptomancer","floor":41,"turns":3}],"seed_played":"6342872015656643824","potions_obtained":[{"floor":1.0,"key":"Fruit Juice"},{"floor":4.0,"key":"Regen Potion"},{"floor":12.0,"key":"SteroidPotion"},{"floor":14.0,"key":"Weak Potion"},{"floor":18.0,"key":"Weak Potion"},{"floor":23.0,"key":"AttackPotion"}],"is_trial":false,"path_per_floor":["M","M","?","M","T","R","E","R","T","$","?","M","T","M","R","B",null,"M","?","?","M","$","E","?","$","T","E","M","R","T","$","R","B",null,"M","$","M","?","?","R","E"],"character_chosen":"IRONCLAD","items_purchased":["Red Skull","Flex"],"campfire_rested":3,"item_purchase_floors":[10,10],"current_hp_per_floor":[68,70,70,75,75,75,35,35,35,35,35,30,30,36,61,44,75,62,44,44,37,37,37,21,21,21,13,11,36,36,36,61,29,71,77,77,51,51,51,51,0],"gold":143,"neow_bonus":"HUNDRED_GOLD","is_prod":false,"is_daily":false,"chose_seed":false,"campfire_upgraded":3,"win_rate":0,"timestamp":1556998610,"path_taken":["M","M","?","M","?","R","E","R","T","?","?","M","?","?","R","BOSS","M","?","?","M","$","E","?","?","T","E","M","R","?","$","R","BOSS","M","$","M","?","?","R","E"],"build_version":"2019-01-23","purchased_purges":3,"victory":false,"max_hp_per_floor":[80,85,85,85,85,85,85,85,85,85,85,85,85,85,85,85,85,85,85,85,85,85,85,85,85,85,85,85,85,85,85,85,85,85,85,85,85,85,85,85,85],"card_choices":[{"not_picked":["Entrench","Reckless Charge"],"picked":"Twin Strike","floor":1.0},{"not_picked":["Twin Strike","Sever Soul"],"picked":"Cleave","floor":2.0},{"not_picked":["Clothesline","Blood for Blood","Disarm"],"picked":"SKIP","floor":4.0},{"not_picked":["Corruption","Rupture"],"picked":"Flex","floor":7.0},{"not_picked":["Immolate+1","Cleave+1"],"picked":"Sword Boomerang+1","floor":12.0},{"not_picked":["Warcry","Cleave+1","Perfected Strike+1"],"picked":"SKIP","floor":14.0},{"not_picked":["Barricade","Juggernaut"],"picked":"Offering","floor":16.0},{"not_picked":["Iron Wave+1","Shrug It Off"],"picked":"Battle Trance","floor":18.0},{"not_picked":["Rupture","Perfected Strike+1"],"picked":"Sword Boomerang+1","floor":21.0},{"not_picked":["Exhume","Havoc","Armaments"],"picked":"SKIP","floor":23.0},{"not_picked":["Twin Strike+1","Sword Boomerang+1"],"picked":"Whirlwind+1","floor":27.0},{"not_picked":["True Grit","Anger+1","Twin Strike+1"],"picked":"SKIP","floor":28.0},{"not_picked":["Immolate+1","Exhume+1"],"picked":"Limit Break+1","floor":33},{"not_picked":["Perfected Strike+1","Clothesline+1","Thunderclap+1"],"picked":"SKIP","floor":35},{"not_picked":["Ghostly Armor+1","True Grit+1","Anger+1"],"picked":"SKIP","floor":37}],"player_experience":364316,"relics_obtained":[{"floor":5.0,"key":"Molten Egg 2"},{"floor":7.0,"key":"Ancient Tea Set"},{"floor":9.0,"key":"Blue Candle"},{"floor":13.0,"key":"Vajra"},{"floor":23.0,"key":"Frozen Egg 2"},{"floor":23.0,"key":"Pantograph"},{"floor":24.0,"key":"Nilry\u0027s Codex"},{"floor":26.0,"key":"Dream Catcher"},{"floor":27.0,"key":"Anchor"},{"floor":27.0,"key":"Pen Nib"},{"floor":30.0,"key":"Toxic Egg 2"}],"event_choices":[{"cards_removed":["Strike_R"],"damage_healed":0.0,"max_hp_gain":0.0,"max_hp_loss":0.0,"gold_gain":0.0,"event_name":"The Cleric","player_choice":"Card Removal","floor":3.0,"gold_loss":50.0,"damage_taken":0.0},{"damage_healed":0.0,"max_hp_gain":0.0,"max_hp_loss":0.0,"gold_gain":0.0,"event_name":"Dead Adventurer","player_choice":"Searched \u00271\u0027 times","floor":11.0,"gold_loss":0.0,"damage_taken":0.0},{"damage_healed":0.0,"max_hp_gain":0.0,"max_hp_loss":0.0,"gold_gain":0.0,"event_name":"Colosseum","player_choice":"Fight","floor":19.0,"gold_loss":0.0,"damage_taken":0.0},{"damage_healed":0.0,"max_hp_gain":0.0,"max_hp_loss":0.0,"gold_gain":0.0,"event_name":"Colosseum","player_choice":"Fled From Nobs","floor":19.0,"gold_loss":0.0,"damage_taken":0.0},{"damage_healed":0.0,"max_hp_gain":0.0,"max_hp_loss":0.0,"gold_gain":0.0,"event_name":"The Mausoleum","player_choice":"Opened","floor":20.0,"gold_loss":0.0,"damage_taken":0.0,"relics_obtained":["Dodecahedron"],"cards_obtained":["Writhe"]},{"damage_healed":0.0,"max_hp_gain":0.0,"max_hp_loss":0.0,"gold_gain":0.0,"event_name":"Cursed Tome","player_choice":"Obtained Book","floor":24.0,"gold_loss":0.0,"damage_taken":16.0},{"cards_removed":["Flex"],"damage_healed":0,"gold_gain":0,"player_choice":"Removed Skill","damage_taken":0,"max_hp_gain":0,"max_hp_loss":0,"event_name":"Falling","floor":38,"gold_loss":0},{"damage_healed":0,"gold_gain":0,"player_choice":"Ignored","damage_taken":0,"max_hp_gain":0,"max_hp_loss":0,"event_name":"Mysterious Sphere","floor":39,"gold_loss":0}],"is_beta":false,"boss_relics":[{"not_picked":["Cursed Key","Fusion Hammer"],"picked":"Black Star"},{"not_picked":["Coffee Dripper","Mark of Pain","Runic Dome"]}],"items_purged_floors":[22,25,31],"is_endless":false,"potions_floor_spawned":[1,4,12,14,18,23],"killed_by":"Reptomancer","ascension_level":13}