{"gold_per_floor":[119,44,59,79,79,114,126,138,177,202,214,239,251,293,305,317],"floor_reached":16,"playtime":588,"items_purged":["Strike_R"],"score":176,"play_id":"fbc45161-5c7a-4bc8-abd9-128dc3ca7f2f","local_time":"20190502104346","is_ascension_mode":true,"campfire_choices":[{"floor":8,"key":"REST"},{"data":"Bash","floor":11,"key":"SMITH"},{"data":"Twin Strike","floor":13,"key":"SMITH"},{"floor":15,"key":"REST"}],"neow_cost":"PERCENT_DAMAGE","seed_source_timestamp":256271275905800,"circlet_count":0,"master_deck":["AscendersBane","Strike_R","Strike_R","Strike_R","Strike_R","Defend_R","Defend_R","Defend_R","Defend_R","Bash+1","Cleave","Twin Strike+1","Battle Trance"],"relics":["Burning Blood","Nunchaku","MawBank","Regal Pillow","Question Card"],"potions_floor_usage":[14,16,16],"damage_taken":[{"damage":4,"enemies":"2 Louse","floor":1,"turns":3},{"damage":5,"enemies":"Cultist","floor":3,"turns":5},{"damage":13,"enemies":"Jaw Worm","floor":4,"turns":4},{"damage":45,"enemies":"3 Sentries","floor":6,"turns":9},{"damage":7,"enemies":"2 Fungi Beasts","floor":10,"turns":3},{"damage":10,"enemies":"3 Louse","floor":12,"turns":2},{"damage":24,"enemies":"Gremlin Nob","floor":14,"turns":4},{"damage":60,"enemies":"Hexaghost","floor":16,"turns":9}],"seed_played":"-6584211598641219613","potions_obtained":[{"floor":6,"key":"Fire Potion"},{"floor":10,"key":"Regen Potion"},{"floor":14,"key":"Weak Potion"}],"is_trial":false,"path_per_floor":["M","$","M","M","$","E","?","R","T","M","R","M","R","E","R","B"],"character_chosen":"IRONCLAD","items_purchased":[],"campfire_rested":2,"item_purchase_floors":[],"current_hp_per_floor":[53,53,54,47,47,8,8,32,32,31,31,27,27,18,57,0],"gold":317,"neow_bonus":"ONE_RARE_RELIC","is_prod":false,"is_daily":false,"chose_seed":false,"campfire_upgraded":2,"win_rate":0,"timestamp":1556819026,"path_taken":["M","$","M","M","$","E","?","R","T","M","R","?","R","E","R","BOSS"],"build_version":"2019-01-23","purchased_purges":1,"victory":false,"max_hp_per_floor":[80,80,80,80,80,80,80,80,80,80,80,80,80,80,80,80],"card_choices":[{"not_picked":["Perfected Strike","Feel No Pain","Inflame"],"picked":"SKIP","floor":1},{"not_picked":["Iron Wave","Ghostly Armor","Shrug It Off"],"picked":"SKIP","floor":3},{"not_picked":["Second Wind","Disarm"],"picked":"Cleave","floor":4},{"not_picked":["Bloodletting","True Grit"],"picked":"Twin Strike","floor":6},{"not_picked":["Pommel Strike","Inflame","Headbutt"],"picked":"SKIP","floor":10},{"not_picked":["Body Slam","Sentinel","Warcry"],"picked":"SKIP","floor":12},{"not_picked":["Clothesline","Blood for Blood"],"picked":"Battle Trance","floor":14}],"player_experience":353901,"relics_obtained":[{"floor":6,"key":"MawBank"},{"floor":9,"key":"Regal Pillow"},{"floor":14,"key":"Question Card"}],"event_choices":[{"damage_healed":0,"gold_gain":0,"player_choice":"Bought 0 Potions","damage_taken":0,"max_hp_gain":0,"max_hp_loss":0,"event_name":"The Woman in Blue","floor":7,"gold_loss":0}],"is_beta":false,"boss_relics":[],"items_purged_floors":[2],"is_endless":false,"potions_floor_spawned":[6,10,12,14],"killed_by":"Hexaghost","ascension_level":12}