{"gold_per_floor":[362,362,65,131,201,201,226,240,240,255,255,91,121,171,171,274,324,343,355,217,267,347,378,393,203,249,299,349,365,377,109,109,212,212,231,250,54,104,166,166,438,438,464,514,576,586,546,557,557,557],"floor_reached":50,"playtime":1971,"items_purged":["Strike_G","Strike_G","Strike_G","Defend_G","Defend_G"],"score":721,"play_id":"c4efc273-193b-4f30-815a-7d02af6f225f","local_time":"20190524020907","is_ascension_mode":true,"campfire_choices":[{"data":"Catalyst","floor":6.0,"key":"SMITH"},{"data":"Deadly Poison","floor":11.0,"key":"SMITH"},{"floor":15.0,"key":"REST"},{"data":"Burst","floor":32.0,"key":"SMITH"},{"data":"Catalyst","floor":40.0,"key":"SMITH"},{"data":"Catalyst","floor":42.0,"key":"SMITH"},{"data":"Deadly Poison","floor":49.0,"key":"SMITH"}],"neow_cost":"TEN_PERCENT_HP_LOSS","seed_source_timestamp":0,"circlet_count":0,"master_deck":["Defend_G+1","Defend_G","Defend_G","Survivor","Neutralize","Deadly Poison+1","Catalyst+1","All Out Attack","Bouncing Flask","Deadly Poison+1","Crippling Poison","Escape Plan","Catalyst+1","Burst+1","Well Laid Plans","Well Laid Plans","Prepared","Corpse Explosion","Catalyst+1"],"special_seed":0,"relics":["Ring of the Snake","SsserpentHead","Lantern","The Courier","Pantograph","TwistedFunnel","Tingsha","Tiny House","Red Mask","Gremlin Horn","Orichalcum","Happy Flower","Black Star","Bronze Scales"],"potions_floor_usage":[50,50],"damage_taken":[{"damage":0.0,"enemies":"2 Louse","floor":1.0,"turns":4.0},{"damage":0.0,"enemies":"Cultist","floor":4.0,"turns":3.0},{"damage":4.0,"enemies":"Small Slimes","floor":5.0,"turns":3.0},{"damage":4.0,"enemies":"Gremlin Nob","floor":7.0,"turns":3.0},{"damage":3.0,"enemies":"Blue Slaver","floor":8.0,"turns":4.0},{"damage":0.0,"enemies":"2 Fungi Beasts","floor":10.0,"turns":2.0},{"damage":15.0,"enemies":"Lagavulin","floor":13.0,"turns":3.0},{"damage":10.0,"enemies":"Hexaghost","floor":16.0,"turns":8.0},{"damage":8.0,"enemies":"2 Thieves","floor":18.0,"turns":4.0},{"damage":4.0,"enemies":"Shell Parasite","floor":19.0,"turns":3.0},{"damage":0.0,"enemies":"Masked Bandits","floor":22.0,"turns":2.0},{"damage":24.0,"enemies":"Slavers","floor":23.0,"turns":4.0},{"damage":0.0,"enemies":"Snake Plant","floor":24.0,"turns":2.0},{"damage":2.0,"enemies":"Sentry and Sphere","floor":29.0,"turns":3.0},{"damage":0.0,"enemies":"3 Cultists","floor":30.0,"turns":4.0},{"damage":57.0,"enemies":"Automaton","floor":33.0,"turns":7.0},{"damage":4.0,"enemies":"Orb Walker","floor":35.0,"turns":3.0},{"damage":11.0,"enemies":"3 Darklings","floor":36.0,"turns":2.0},{"damage":6.0,"enemies":"Writhing Mass","floor":39.0,"turns":2.0},{"damage":0.0,"enemies":"Transient","floor":45.0,"turns":3.0},{"damage":0.0,"enemies":"4 Shapes","floor":46.0,"turns":2.0},{"damage":0.0,"enemies":"Writhing Mass","floor":48.0,"turns":1.0},{"damage":60,"enemies":"Awakened One","floor":50,"turns":6}],"seed_played":"-2371594807870497820","potions_obtained":[{"floor":5.0,"key":"Strength Potion"},{"floor":7.0,"key":"Poison Potion"},{"floor":8.0,"key":"FearPotion"},{"floor":10.0,"key":"Explosive Potion"},{"floor":13.0,"key":"EssenceOfSteel"},{"floor":24.0,"key":"Dexterity Potion"},{"floor":29.0,"key":"EssenceOfSteel"},{"floor":36.0,"key":"Strength Potion"},{"floor":39.0,"key":"EssenceOfSteel"},{"floor":45.0,"key":"GamblersBrew"}],"is_trial":false,"path_per_floor":["M","?","$","M","M","R","E","M","T","M","R","$","E","?","R","B",null,"M","M","$","?","?","E","M","$","T","?","?","M","M","$","R","B",null,"M","M","$","?","M","R","?","R","T","?","M","M","?","M","R","B"],"character_chosen":"THE_SILENT","items_purchased":["Deadly Poison","Catalyst","Lantern","All Out Attack","TwistedFunnel","Catalyst","Well Laid Plans","Well Laid Plans","Happy Flower","Prepared","Catalyst"],"campfire_rested":1,"item_purchase_floors":[3,3,3,3,12,20,25,25,31,31,37],"current_hp_per_floor":[63,63,63,63,59,59,55,52,52,52,52,52,37,37,55,53,66,58,54,54,54,54,30,30,30,30,52,52,50,50,50,50,11,54,50,39,39,39,33,33,33,33,33,33,33,33,33,33,33,0],"gold":557,"neow_bonus":"TWO_FIFTY_GOLD","is_prod":false,"is_daily":false,"chose_seed":false,"campfire_upgraded":6,"win_rate":0,"timestamp":1558688947,"path_taken":["M","?","$","?","?","R","E","M","T","M","R","?","E","?","R","BOSS","M","M","$","?","?","E","M","$","T","?","?","M","M","$","R","BOSS","M","M","$","?","?","R","?","R","T","?","?","M","?","M","R","BOSS"],"build_version":"2019-01-23","purchased_purges":5,"victory":false,"max_hp_per_floor":[63,63,63,63,63,63,63,63,63,63,63,63,63,63,63,63,68,68,68,68,68,68,68,68,68,68,68,68,68,68,68,68,68,68,68,68,68,68,68,68,68,68,68,68,68,68,68,68,68,68],"card_choices":[{"not_picked":["Dagger Throw","Outmaneuver","Backflip"],"picked":"SKIP","floor":1.0},{"not_picked":["Backstab","Quick Slash"],"picked":"Bouncing Flask","floor":4.0},{"not_picked":["Prepared","Dagger Throw","Slice"],"picked":"SKIP","floor":5.0},{"not_picked":["Blur","Finisher"],"picked":"Deadly Poison","floor":7.0},{"not_picked":["Footwork","Reflex"],"picked":"Crippling Poison","floor":8.0},{"not_picked":["Cloak And Dagger","Underhanded Strike"],"picked":"Escape Plan","floor":10.0},{"not_picked":["PiercingWail","Noxious Fumes"],"picked":"Escape Plan","floor":13.0},{"not_picked":["Accuracy","Dodge and Roll+1","Poisoned Stab"],"picked":"SKIP","floor":18.0},{"not_picked":["Choke","Flying Knee+1","Flechettes"],"picked":"SKIP","floor":19.0},{"not_picked":["Heel Hook","Choke+1","Slice+1"],"picked":"SKIP","floor":23.0},{"not_picked":["Underhanded Strike","Acrobatics"],"picked":"Burst","floor":24.0},{"not_picked":["Underhanded Strike","Concentrate","Expertise"],"picked":"SKIP","floor":29.0},{"not_picked":["Sucker Punch","Backflip+1","Masterful Stab"],"picked":"SKIP","floor":30.0},{"not_picked":["Malaise","Venomology"],"picked":"Corpse Explosion","floor":33.0},{"not_picked":["Prepared+1","Infinite Blades","Quick Slash+1"],"picked":"SKIP","floor":35.0},{"not_picked":["Underhanded Strike","Deadly Poison","Sucker Punch"],"picked":"SKIP","floor":36.0},{"not_picked":["Accuracy+1","Envenom","Slice+1"],"picked":"SKIP","floor":39.0},{"not_picked":["Reflex","Underhanded Strike","Prepared+1"],"picked":"SKIP","floor":45.0},{"not_picked":["Dash+1","Acrobatics","Dagger Spray+1"],"picked":"SKIP","floor":46.0},{"not_picked":["Distraction","Predator+1","Dagger Throw"],"picked":"SKIP","floor":48.0}],"player_experience":410143,"relics_obtained":[{"floor":7.0,"key":"The Courier"},{"floor":9.0,"key":"Pantograph"},{"floor":13.0,"key":"Tingsha"},{"floor":22.0,"key":"Red Mask"},{"floor":23.0,"key":"Gremlin Horn"},{"floor":26.0,"key":"Orichalcum"},{"floor":43.0,"key":"Bronze Scales"}],"event_choices":[{"damage_healed":0.0,"max_hp_gain":0.0,"max_hp_loss":0.0,"gold_gain":0.0,"event_name":"FaceTrader","player_choice":"Trade","floor":2.0,"gold_loss":0.0,"damage_taken":0.0,"relics_obtained":["SsserpentHead"]},{"cards_removed":["Strike_G"],"damage_healed":0.0,"max_hp_gain":0.0,"max_hp_loss":0.0,"gold_gain":0.0,"event_name":"Bonfire Elementals","player_choice":"Offered Basic","floor":14.0,"gold_loss":0.0,"damage_taken":0.0},{"damage_healed":0.0,"max_hp_gain":0.0,"max_hp_loss":0.0,"gold_gain":0.0,"event_name":"Vampires","player_choice":"Ignored","floor":21.0,"gold_loss":0.0,"damage_taken":0.0},{"damage_healed":0.0,"max_hp_gain":0.0,"max_hp_loss":0.0,"gold_gain":0.0,"event_name":"Masked Bandits","player_choice":"Fought Bandits","floor":22.0,"gold_loss":0.0,"damage_taken":0.0},{"damage_healed":22.0,"max_hp_gain":0.0,"max_hp_loss":0.0,"gold_gain":0.0,"event_name":"The Library","player_choice":"Heal","floor":27.0,"gold_loss":0.0,"damage_taken":0.0},{"cards_removed":["Strike_G"],"damage_healed":0.0,"max_hp_gain":0.0,"max_hp_loss":0.0,"gold_gain":0.0,"event_name":"Back to Basics","player_choice":"Elegance","floor":28.0,"gold_loss":0.0,"damage_taken":0.0},{"damage_healed":0.0,"max_hp_gain":0.0,"max_hp_loss":0.0,"gold_gain":0.0,"event_name":"Match and Keep!","player_choice":"0 cards matched","floor":38.0,"gold_loss":0.0,"damage_taken":0.0,"cards_obtained":[]},{"damage_healed":0.0,"max_hp_gain":0.0,"max_hp_loss":0.0,"gold_gain":222.0,"event_name":"Tomb of Lord Red Mask","player_choice":"Wore Mask","floor":41.0,"gold_loss":0.0,"damage_taken":0.0},{"damage_healed":0.0,"max_hp_gain":0.0,"max_hp_loss":0.0,"gold_gain":0.0,"event_name":"The Woman in Blue","player_choice":"Bought 0 Potions","floor":44.0,"gold_loss":0.0,"damage_taken":0.0},{"cards_removed":["Escape Plan"],"damage_healed":0.0,"max_hp_gain":0.0,"max_hp_loss":0.0,"gold_gain":0.0,"event_name":"Designer","player_choice":"Upgrade and Remove","floor":47.0,"gold_loss":90.0,"damage_taken":0.0,"cards_upgraded":["Defend_G"]}],"is_beta":false,"boss_relics":[{"not_picked":["HoveringKite","Coffee Dripper"],"picked":"Tiny House"},{"not_picked":["Velvet Choker","WristBlade"],"picked":"Black Star"}],"items_purged_floors":[12,20,25,31,37],"is_endless":false,"potions_floor_spawned":[5,7,8,10,13,16,18,19,24,29,30,36,39,45,46],"killed_by":"Awakened One","ascension_level":7}