{"gold_per_floor":[115,115,26,26,42,42,68,218,275,288,213,270,270,281,281,354,354,373,24,37,37,56,56,91,48,74,124,159,179,65,83,83,157,157,177,177,33,33,49,80,80,98,149,149,8,8,28,56,56,56],"floor_reached":51,"playtime":1285,"items_purged":["Doubt","Bash+1","Decay"],"score":1609,"play_id":"67ea054b-2d5a-4189-8c9b-19ad469d91cd","local_time":"20190516022334","is_ascension_mode":true,"campfire_choices":[{"data":"Whirlwind","floor":6.0,"key":"SMITH"},{"data":"Sword Boomerang","floor":13.0,"key":"SMITH"},{"data":"Bash","floor":15.0,"key":"SMITH"},{"data":"Offering","floor":23.0,"key":"SMITH"},{"data":"Heavy Blade","floor":32,"key":"SMITH"},{"data":"Pummel","floor":41,"key":"SMITH"},{"data":"Flex","floor":44,"key":"SMITH"},{"data":"Flex","floor":49,"key":"SMITH"}],"neow_cost":"NONE","seed_source_timestamp":0,"circlet_count":0,"master_deck":["AscendersBane","Flex+1","Whirlwind+1","Sword Boomerang+1","Heavy Blade+1","Offering+1","Pummel+1","Flex+1","Flex+1"],"special_seed":0,"relics":["Burning Blood","NeowsBlessing","Bag of Preparation","Tiny Chest","Orichalcum","Pandora\u0027s Box","Membership Card","Ancient Tea Set","Omamori","Sundial","Chemical X","Calling Bell","Bronze Scales","Dodecahedron","Peace Pipe","Bag of Marbles","Red Skull","Regal Pillow","Bottled Lightning","Calipers"],"potions_floor_usage":[33,40,50],"damage_taken":[{"damage":0.0,"enemies":"2 Louse","floor":1.0,"turns":1.0},{"damage":0.0,"enemies":"Small Slimes","floor":5.0,"turns":1.0},{"damage":0.0,"enemies":"Gremlin Nob","floor":7.0,"turns":1.0},{"damage":1.0,"enemies":"Cultist","floor":10.0,"turns":3.0},{"damage":16.0,"enemies":"Gremlin Nob","floor":12.0,"turns":3.0},{"damage":0.0,"enemies":"3 Louse","floor":14.0,"turns":1.0},{"damage":53.0,"enemies":"The Guardian","floor":16.0,"turns":13.0},{"damage":0.0,"enemies":"3 Byrds","floor":18.0,"turns":2.0},{"damage":6.0,"enemies":"2 Thieves","floor":20.0,"turns":1.0},{"damage":6.0,"enemies":"Snake Plant","floor":22.0,"turns":1.0},{"damage":6.0,"enemies":"Gremlin Leader","floor":24.0,"turns":3.0},{"damage":14,"enemies":"Book of Stabbing","floor":28,"turns":2},{"damage":6,"enemies":"Shelled Parasite and Fungi","floor":29,"turns":1},{"damage":6,"enemies":"Cultist and Chosen","floor":31,"turns":1},{"damage":17,"enemies":"Automaton","floor":33,"turns":3},{"damage":0,"enemies":"3 Darklings","floor":35,"turns":1},{"damage":10,"enemies":"3 Shapes","floor":39,"turns":1},{"damage":6,"enemies":"Nemesis","floor":40,"turns":1},{"damage":6,"enemies":"Spire Growth","floor":42,"turns":1},{"damage":0,"enemies":"Maw","floor":47,"turns":2},{"damage":0,"enemies":"Reptomancer","floor":48,"turns":2},{"damage":6,"enemies":"Time Eater","floor":50,"turns":1}],"seed_played":"583027007743896303","potions_obtained":[{"floor":7.0,"key":"SneckoOil"},{"floor":10.0,"key":"Weak Potion"},{"floor":12.0,"key":"Swift Potion"},{"floor":14.0,"key":"FairyPotion"},{"floor":20.0,"key":"Weak Potion"},{"floor":22.0,"key":"Strength Potion"},{"floor":29,"key":"SkillPotion"},{"floor":33,"key":"Weak Potion"},{"floor":39,"key":"Swift Potion"},{"floor":48,"key":"PowerPotion"}],"is_trial":false,"path_per_floor":["M","?","$","?","M","R","E","?","T","M","$","?","R","M","R","B",null,"M","$","M","$","M","R","E","$","T","?","E","M","$","M","R","B",null,"M","?","$","$","M","E","R","M","T","R","$","?","M","E","R","B",null],"character_chosen":"IRONCLAD","items_purchased":["Whirlwind","Membership Card","Offering","Pummel","Chemical X","Bag of Marbles","Bottled Lightning"],"campfire_rested":0,"item_purchase_floors":[3,19,19,25,30,37,45],"current_hp_per_floor":[74,51,51,51,57,57,63,63,63,68,68,58,58,64,64,17,61,67,67,67,67,67,67,67,67,67,67,59,59,59,59,59,48,68,74,74,74,74,70,70,70,70,70,70,70,70,75,75,75,75],"gold":56,"neow_bonus":"THREE_ENEMY_KILL","is_prod":false,"is_daily":false,"chose_seed":false,"campfire_upgraded":8,"win_rate":0,"timestamp":1557998614,"path_taken":["M","?","$","?","?","R","E","?","T","M","$","?","R","M","R","BOSS","M","$","M","$","M","R","E","$","T","?","E","?","?","M","R","BOSS","M","?","?","$","M","E","R","M","T","R","$","?","?","E","R","BOSS"],"build_version":"2019-01-23","purchased_purges":3,"victory":true,"max_hp_per_floor":[75,75,75,75,75,75,75,75,75,75,75,75,75,75,75,75,75,75,75,75,75,75,75,75,75,75,75,75,75,75,75,75,75,75,75,75,75,75,75,75,75,75,75,75,75,75,75,75,75,75],"card_choices":[{"not_picked":["Warcry","Wild Strike"],"picked":"Flex","floor":1.0},{"not_picked":["Body Slam","Reaper","Headbutt"],"picked":"SKIP","floor":5.0},{"not_picked":["Heavy Blade","Shrug It Off"],"picked":"Sword Boomerang","floor":7.0},{"not_picked":["Flame Barrier","Clothesline","Iron Wave"],"picked":"SKIP","floor":10.0},{"not_picked":["Shrug It Off","Twin Strike"],"picked":"Heavy Blade","floor":14.0},{"not_picked":["Combust","Clash+1","Searing Blow+1"],"picked":"SKIP","floor":18.0},{"not_picked":["Sentinel","Sword Boomerang","Fire Breathing"],"picked":"SKIP","floor":20.0},{"not_picked":["Clothesline","Cleave","Clash"],"picked":"SKIP","floor":22.0},{"not_picked":["Clothesline","Cleave","Clash"],"picked":"SKIP","floor":22.0},{"not_picked":["Pummel","Rampage","Corruption"],"picked":"SKIP","floor":24.0},{"not_picked":["Offering","Pommel Strike","Wild Strike"],"picked":"SKIP","floor":28},{"not_picked":["Shrug It Off","Twin Strike","Clothesline"],"picked":"SKIP","floor":29},{"not_picked":["Pummel","Inflame","Hemokinesis"],"picked":"SKIP","floor":31},{"not_picked":["Pommel Strike","Combust","Rupture"],"picked":"SKIP","floor":35},{"not_picked":["Spot Weakness","Flame Barrier+1","Metallicize+1"],"picked":"SKIP","floor":39},{"not_picked":["Searing Blow","Bloodletting","Seeing Red"],"picked":"SKIP","floor":40},{"not_picked":["Seeing Red","Clash+1"],"picked":"Flex","floor":42},{"not_picked":["True Grit","Perfected Strike"],"picked":"Flex","floor":47},{"not_picked":["Twin Strike","True Grit","Armaments"],"picked":"SKIP","floor":48}],"player_experience":391246,"relics_obtained":[{"floor":7.0,"key":"Bag of Preparation"},{"floor":9.0,"key":"Tiny Chest"},{"floor":12.0,"key":"Orichalcum"},{"floor":24.0,"key":"Ancient Tea Set"},{"floor":26.0,"key":"Omamori"},{"floor":28,"key":"Sundial"},{"floor":34,"key":"Bronze Scales"},{"floor":34,"key":"Dodecahedron"},{"floor":34,"key":"Peace Pipe"},{"floor":40,"key":"Red Skull"},{"floor":43,"key":"Regal Pillow"},{"floor":48,"key":"Calipers"}],"event_choices":[{"damage_healed":0.0,"max_hp_gain":0.0,"max_hp_loss":0.0,"gold_gain":0.0,"event_name":"Shining Light","player_choice":"Entered Light","floor":2.0,"gold_loss":0.0,"damage_taken":23.0,"cards_upgraded":["Strike_R","Defend_R"]},{"damage_healed":0.0,"max_hp_gain":0.0,"max_hp_loss":0.0,"gold_gain":0.0,"event_name":"Accursed Blacksmith","player_choice":"Forge","floor":4.0,"gold_loss":0.0,"damage_taken":0.0,"cards_upgraded":["Flex"]},{"damage_healed":0.0,"max_hp_gain":0.0,"max_hp_loss":0.0,"gold_gain":150.0,"event_name":"Liars Game","player_choice":"AGREE","floor":8.0,"gold_loss":0.0,"damage_taken":0.0,"cards_obtained":["Doubt"]},{"damage_healed":0.0,"max_hp_gain":0.0,"max_hp_loss":0.0,"gold_gain":0.0,"event_name":"Dead Adventurer","player_choice":"Searched \u00271\u0027 times","floor":12.0,"gold_loss":0.0,"damage_taken":0.0},{"damage_healed":0.0,"max_hp_gain":0.0,"max_hp_loss":0.0,"gold_gain":100.0,"event_name":"The Joust","player_choice":"Bet on Murderer","floor":27.0,"gold_loss":50.0,"damage_taken":0.0},{"damage_healed":0,"gold_gain":0,"player_choice":"Cursed","damage_taken":0,"max_hp_gain":0,"max_hp_loss":0,"event_name":"Wheel of Change","floor":36,"gold_loss":0,"cards_obtained":["Decay"]},{"damage_healed":0,"gold_gain":0,"player_choice":"Ignored","damage_taken":0,"max_hp_gain":0,"max_hp_loss":0,"event_name":"WeMeetAgain","floor":46,"gold_loss":0}],"is_beta":false,"boss_relics":[{"not_picked":["Snecko Eye","White Beast Statue"],"picked":"Pandora\u0027s Box"},{"not_picked":["Busted Crown","Black Blood"],"picked":"Calling Bell"}],"items_purged_floors":[11,19,37],"is_endless":false,"potions_floor_spawned":[7,10,12,14,20,22,29,31,33,39,48],"ascension_level":16}