{"gold_per_floor":[113,125,125,125,28,28,53,66,66,66,66,80,80,91,91,194,194,204,204,304,316,340,340,358,283,283,283,13,28,28,28,28,127,127,137,156,256,256,270,270,5,5],"floor_reached":42,"playtime":1451,"items_purged":["Strike_B","Strike_B"],"score":512,"play_id":"d8e57e0c-5317-41ae-bb0e-c956909c646d","local_time":"20190604192634","is_ascension_mode":true,"campfire_choices":[{"data":"Gash","floor":6,"key":"SMITH"},{"floor":11,"key":"REST"},{"floor":13,"key":"REST"},{"data":"Dualcast","floor":15,"key":"SMITH"},{"data":"Scrape","floor":23,"key":"SMITH"},{"data":"Reboot","floor":27,"key":"SMITH"},{"floor":32,"key":"REST"},{"data":"Scrape","floor":40,"key":"SMITH"}],"neow_cost":"NONE","seed_source_timestamp":116980603728400,"circlet_count":0,"master_deck":["Defend_B+1","Defend_B","Defend_B","Defend_B","Zap+1","Dualcast+1","Scrape+1","Beam Cell","Gash+1","Scrape+1","Reboot+1","Leap+1","Leap+1","Finesse"],"relics":["Cracked Core","The Courier","Mummified Hand","Pen Nib","Busted Crown","Shuriken","Du-Vu Doll","Dodecahedron","Centennial Puzzle","Bottled Lightning","Blood Vial","HandDrill","White Beast Statue","Bird Faced Urn","Dream Catcher"],"potions_floor_usage":[16,20,20,33,36,37,42,42],"damage_taken":[{"damage":0,"enemies":"Cultist","floor":1,"turns":4},{"damage":0,"enemies":"2 Louse","floor":2,"turns":3},{"damage":22,"enemies":"Lagavulin","floor":7,"turns":4},{"damage":1,"enemies":"Small Slimes","floor":8,"turns":2},{"damage":21,"enemies":"Exordium Thugs","floor":12,"turns":3},{"damage":0,"enemies":"Large Slime","floor":14,"turns":3},{"damage":15,"enemies":"The Guardian","floor":16,"turns":10},{"damage":6,"enemies":"Spheric Guardian","floor":18,"turns":3},{"damage":17,"enemies":"Colosseum Slavers","floor":20,"turns":3},{"damage":16,"enemies":"Colosseum Nobs","floor":20,"turns":3},{"damage":6,"enemies":"Shell Parasite","floor":21,"turns":2},{"damage":7,"enemies":"Snake Plant","floor":24,"turns":2},{"damage":0,"enemies":"3 Cultists","floor":29,"turns":4},{"damage":56,"enemies":"Champ","floor":33,"turns":9},{"damage":0,"enemies":"Orb Walker","floor":35,"turns":3},{"damage":6,"enemies":"3 Shapes","floor":36,"turns":3},{"damage":11,"enemies":"Mind Bloom Boss Battle","floor":37,"turns":6},{"damage":6,"enemies":"3 Darklings","floor":39,"turns":3},{"damage":71,"enemies":"Reptomancer","floor":42,"turns":4}],"seed_played":"8264816679991761763","potions_obtained":[{"floor":2,"key":"Block Potion"},{"floor":8,"key":"Fire Potion"},{"floor":18,"key":"Regen Potion"},{"floor":20,"key":"SkillPotion"},{"floor":33,"key":"Swift Potion"},{"floor":35,"key":"SpeedPotion"},{"floor":36,"key":"Weak Potion"},{"floor":37,"key":"Block Potion"},{"floor":39,"key":"GamblersBrew"}],"is_trial":false,"path_per_floor":["M","M","?","?","$","R","E","M","T","?","R","M","R","M","R","B",null,"M","?","?","M","T","R","M","?","T","R","$","M","$","?","R","B",null,"M","M","?","?","M","R","$","E"],"character_chosen":"DEFECT","items_purchased":["Gash","Blood Vial","HandDrill","Dream Catcher","Finesse"],"campfire_rested":3,"item_purchase_floors":[5,28,28,41,41],"current_hp_per_floor":[68,68,53,50,50,50,28,27,27,27,49,28,50,50,50,35,65,59,59,35,29,29,29,22,22,22,22,22,24,24,49,71,17,61,63,59,50,50,46,46,46,0],"gold":5,"neow_bonus":"REMOVE_CARD","is_prod":false,"is_daily":false,"chose_seed":false,"campfire_upgraded":5,"win_rate":0,"timestamp":1559701594,"path_taken":["M","M","?","?","$","R","E","M","T","?","R","?","R","M","R","BOSS","M","?","?","M","?","R","M","?","T","R","$","M","$","?","R","BOSS","M","M","?","?","M","R","$","E"],"build_version":"2019-01-23","purchased_purges":2,"victory":false,"max_hp_per_floor":[75,75,75,75,75,75,75,75,75,75,75,75,75,75,75,75,75,75,75,75,75,75,75,75,75,75,75,75,75,75,75,75,75,75,75,75,75,75,75,75,75,75],"card_choices":[{"not_picked":["Conserve Battery","Barrage"],"picked":"Scrape","floor":1},{"not_picked":["FTL","Ball Lightning"],"picked":"Beam Cell","floor":2},{"not_picked":["Darkness","Hello World"],"picked":"Scrape","floor":7},{"not_picked":["Conserve Battery","Coolheaded","Hologram"],"picked":"SKIP","floor":8},{"not_picked":["Redo","Conserve Battery","Machine Learning"],"picked":"SKIP","floor":12},{"not_picked":["Hologram","Darkness","Compile Driver"],"picked":"SKIP","floor":14},{"not_picked":["Machine Learning","Amplify"],"picked":"Reboot","floor":16},{"not_picked":["Chill+1"],"picked":"SKIP","floor":18},{"not_picked":[],"picked":"Leap+1","floor":20},{"not_picked":["Barrage"],"picked":"SKIP","floor":21},{"not_picked":[],"picked":"Leap+1","floor":24},{"not_picked":["Leap"],"picked":"SKIP","floor":29},{"not_picked":["Streamline"],"picked":"SKIP","floor":35},{"not_picked":["Conserve Battery"],"picked":"SKIP","floor":36},{"not_picked":["Chill"],"picked":"SKIP","floor":39}],"player_experience":432016,"relics_obtained":[{"floor":7,"key":"Mummified Hand"},{"floor":9,"key":"Pen Nib"},{"floor":20,"key":"Du-Vu Doll"},{"floor":20,"key":"Dodecahedron"},{"floor":22,"key":"Centennial Puzzle"},{"floor":26,"key":"Bottled Lightning"},{"floor":37,"key":"Bird Faced Urn"}],"event_choices":[{"damage_healed":0,"gold_gain":0,"player_choice":"Entered Light","damage_taken":15,"max_hp_gain":0,"max_hp_loss":0,"event_name":"Shining Light","floor":3,"gold_loss":0,"cards_upgraded":["Zap","Defend_B"]},{"damage_healed":0,"gold_gain":0,"player_choice":"Success","damage_taken":3,"relics_obtained":["The Courier"],"max_hp_gain":0,"max_hp_loss":0,"event_name":"Scrap Ooze","floor":4,"gold_loss":0},{"cards_removed":["Strike_B"],"damage_healed":0,"gold_gain":0,"player_choice":"Purged","damage_taken":0,"max_hp_gain":0,"max_hp_loss":0,"event_name":"Purifier","floor":10,"gold_loss":0},{"damage_healed":0,"gold_gain":0,"player_choice":"Opened","damage_taken":0,"relics_obtained":["Shuriken"],"max_hp_gain":0,"max_hp_loss":0,"event_name":"The Mausoleum","floor":19,"gold_loss":0,"cards_obtained":["Writhe"]},{"damage_healed":0,"gold_gain":0,"player_choice":"Fight","damage_taken":0,"max_hp_gain":0,"max_hp_loss":0,"event_name":"Colosseum","floor":20,"gold_loss":0},{"damage_healed":0,"gold_gain":0,"player_choice":"Fought Nobs","damage_taken":0,"max_hp_gain":0,"max_hp_loss":0,"event_name":"Colosseum","floor":20,"gold_loss":0},{"cards_removed":["Writhe"],"damage_healed":0,"gold_gain":0,"player_choice":"Gave Gold","damage_taken":0,"max_hp_gain":0,"max_hp_loss":0,"event_name":"Beggar","floor":25,"gold_loss":75},{"damage_healed":25,"gold_gain":0,"player_choice":"Heal","damage_taken":0,"max_hp_gain":0,"max_hp_loss":0,"event_name":"The Library","floor":31,"gold_loss":0},{"damage_healed":0,"gold_gain":0,"player_choice":"Fight","damage_taken":0,"max_hp_gain":0,"max_hp_loss":0,"event_name":"MindBloom","floor":37,"gold_loss":0},{"damage_healed":0,"gold_gain":0,"player_choice":"Ignored","damage_taken":0,"max_hp_gain":0,"max_hp_loss":0,"event_name":"Tomb of Lord Red Mask","floor":38,"gold_loss":0}],"is_beta":false,"boss_relics":[{"not_picked":["Eternal Feather","Coffee Dripper"],"picked":"Busted Crown"},{"not_picked":["Sozu","Runic Pyramid"],"picked":"White Beast Statue"}],"items_purged_floors":[5,41],"is_endless":false,"potions_floor_spawned":[2,8,18,20,33,35,36,37,39],"killed_by":"Reptomancer","ascension_level":6}