{"gold_per_floor":[117,128,145,220,231,263,263,8,8,43,58,74,98,3,3,102,102,113,38,54,54,67,67,78,78,78,94,107,121,121,45,45,148,148,159,178,178],"floor_reached":37,"playtime":3506,"items_purged":[],"score":462,"play_id":"bb770e14-4639-4e57-be05-fa8f4db310b6","local_time":"20181019201239","is_ascension_mode":true,"campfire_choices":[{"floor":7,"key":"REST"},{"data":"Armaments","floor":15,"key":"SMITH"},{"floor":23,"key":"REST"},{"floor":25,"key":"REST"},{"floor":32,"key":"REST"}],"neow_cost":"NONE","seed_source_timestamp":2462125843877,"circlet_count":0,"master_deck":["Strike_R+1","Strike_R+1","Defend_R","Defend_R","Defend_R","Defend_R","Bash+1","True Grit","Clothesline","Armaments+1","Headbutt","Impervious","Enlightenment","Cleave","Whirlwind","Thunderclap","Demon Form+1","Dramatic Entrance","Double Tap","Spot Weakness","Battle Trance","Warcry","Shrug It Off","Disarm","Shockwave","Rage","Limit Break","Heavy Blade+1","Inflame+1","Flame Barrier","Fire Breathing+1","Reaper","Rampage+1","Inflame+1"],"relics":["Burning Blood","Frozen Egg 2","Happy Flower","Dodecahedron","Potion Belt","Whetstone","Orrery","Gremlin Horn","Question Card","Empty Cage"],"potions_floor_usage":[12,18,20,20,22,24,24,33],"damage_taken":[{"damage":3,"enemies":"Jaw Worm","floor":1,"turns":4},{"damage":1,"enemies":"Cultist","floor":2,"turns":3},{"damage":13,"enemies":"2 Louse","floor":3,"turns":3},{"damage":1,"enemies":"Large Slime","floor":5,"turns":7},{"damage":38,"enemies":"Lagavulin","floor":6,"turns":9},{"damage":9,"enemies":"Gremlin Nob","floor":10,"turns":4},{"damage":2,"enemies":"Exordium Thugs","floor":11,"turns":6},{"damage":5,"enemies":"Gremlin Gang","floor":12,"turns":3},{"damage":30,"enemies":"The Guardian","floor":16,"turns":11},{"damage":5,"enemies":"3 Byrds","floor":18,"turns":6},{"damage":29,"enemies":"2 Thieves","floor":20,"turns":3},{"damage":24,"enemies":"Shelled Parasite and Fungi","floor":22,"turns":4},{"damage":21,"enemies":"Centurion and Healer","floor":24,"turns":7},{"damage":5,"enemies":"3 Cultists","floor":27,"turns":4},{"damage":26,"enemies":"Shelled Parasite and Fungi","floor":28,"turns":6},{"damage":13,"enemies":"Snake Plant","floor":29,"turns":5},{"damage":68,"enemies":"Collector","floor":33,"turns":9},{"damage":32,"enemies":"3 Darklings","floor":35,"turns":6},{"damage":9,"enemies":"3 Shapes","floor":36,"turns":5},{"damage":76,"enemies":"Spire Growth","floor":37,"turns":6}],"seed_played":"-7512293878414840283","potions_obtained":[{"floor":2,"key":"Regen Potion"},{"floor":3,"key":"Strength Potion"},{"floor":10,"key":"Block Potion"},{"floor":12,"key":"BloodPotion"},{"floor":16,"key":"FearPotion"},{"floor":18,"key":"SkillPotion"},{"floor":22,"key":"Swift Potion"},{"floor":29,"key":"Block Potion"},{"floor":33,"key":"LiquidBronze"},{"floor":36,"key":"LiquidBronze"}],"is_trial":false,"path_per_floor":["M","M","M","?","M","E","R","$","T","E","M","M","T","$","R","B",null,"M","?","M","T","M","R","M","R","T","M","M","M","?","$","R","B",null,"M","M"],"character_chosen":"IRONCLAD","items_purchased":["Happy Flower","Enlightenment","Cleave","Dramatic Entrance","Fire Breathing+1"],"campfire_rested":4,"item_purchase_floors":[8,8,8,14,31],"current_hp_per_floor":[80,80,73,62,67,35,59,59,59,56,60,61,61,61,61,37,80,80,80,65,65,52,76,61,80,80,80,60,53,53,53,77,15,80,79,76,0],"gold":178,"neow_bonus":"UPGRADE_CARD","is_prod":false,"is_daily":false,"chose_seed":false,"campfire_upgraded":1,"win_rate":0,"timestamp":1539976359,"path_taken":["M","M","M","?","M","E","R","$","T","E","M","?","?","?","R","BOSS","M","?","?","?","M","R","M","R","T","M","M","M","?","?","R","BOSS","M","?","?"],"build_version":"2018-10-18","purchased_purges":0,"victory":false,"max_hp_per_floor":[80,80,80,80,80,80,80,80,80,80,80,80,80,80,80,80,80,80,80,80,80,80,80,80,80,80,80,80,80,80,80,80,80,80,80,80,80],"card_choices":[{"not_picked":["Headbutt","Feel No Pain"],"picked":"True Grit","floor":1},{"not_picked":["Carnage","Dropkick"],"picked":"Clothesline","floor":2},{"not_picked":["Battle Trance","Warcry"],"picked":"Armaments","floor":3},{"not_picked":["Clash","Intimidate"],"picked":"Headbutt","floor":5},{"not_picked":["Bloodletting","Shrug It Off"],"picked":"Impervious","floor":6},{"not_picked":["Flex","Wild Strike"],"picked":"Whirlwind","floor":10},{"not_picked":["Anger","Heavy Blade"],"picked":"Thunderclap","floor":11},{"not_picked":["Inflame+1","Headbutt"],"picked":"Demon Form+1","floor":12},{"not_picked":["Bludgeon","Juggernaut+1"],"picked":"Double Tap","floor":16},{"not_picked":["Dual Wield","Body Slam"],"picked":"Spot Weakness","floor":17},{"not_picked":["Pommel Strike","Warcry"],"picked":"Battle Trance","floor":17},{"not_picked":["Armaments","Twin Strike"],"picked":"Warcry","floor":17},{"not_picked":["Sword Boomerang","Clash"],"picked":"Shrug It Off","floor":17},{"not_picked":["Havoc","True Grit"],"picked":"Disarm","floor":17},{"not_picked":["Carnage","Rupture+1"],"picked":"Shockwave","floor":18},{"not_picked":["Thunderclap+1","Perfected Strike"],"picked":"Rage","floor":20},{"not_picked":["Combust+1","Perfected Strike"],"picked":"Limit Break","floor":22},{"not_picked":["Clothesline","Clash"],"picked":"Heavy Blade+1","floor":24},{"not_picked":["Iron Wave","True Grit","Sword Boomerang"],"picked":"Inflame+1","floor":27},{"not_picked":["Headbutt+1","Sword Boomerang","Iron Wave+1"],"picked":"Flame Barrier","floor":28},{"not_picked":["Second Wind","Wild Strike","Bludgeon","Warcry"],"picked":"SKIP","floor":29},{"not_picked":["Limit Break","Offering","Exhume"],"picked":"Reaper","floor":33},{"not_picked":["True Grit","Second Wind+1","Rupture+1"],"picked":"Rampage+1","floor":35},{"not_picked":["Armaments","Second Wind+1","Warcry"],"picked":"Inflame+1","floor":36}],"player_experience":712976,"relics_obtained":[{"floor":6,"key":"Frozen Egg 2"},{"floor":9,"key":"Dodecahedron"},{"floor":10,"key":"Potion Belt"},{"floor":13,"key":"Whetstone"},{"floor":21,"key":"Gremlin Horn"},{"floor":26,"key":"Question Card"}],"event_choices":[{"damage_healed":0,"gold_gain":75,"player_choice":"Gather Gold","damage_taken":11,"max_hp_gain":0,"max_hp_loss":0,"event_name":"World of Goop","floor":4,"gold_loss":0},{"cards_removed":["Strike_R"],"damage_healed":0,"gold_gain":0,"player_choice":"Gave Gold","damage_taken":0,"max_hp_gain":0,"max_hp_loss":0,"event_name":"Beggar","floor":19,"gold_loss":75},{"damage_healed":0,"gold_gain":0,"cards_transformed":["Strike_R"],"player_choice":"Transformed","damage_taken":0,"max_hp_gain":0,"max_hp_loss":0,"event_name":"Transmorgrifier","floor":30,"gold_loss":0,"cards_obtained":["Thunderclap"]}],"is_beta":false,"boss_relics":[{"not_picked":["Black Blood","Philosopher\u0027s Stone"],"picked":"Orrery"},{"not_picked":["Tiny House","Astrolabe"],"picked":"Empty Cage"}],"items_purged_floors":[],"is_endless":false,"potions_floor_spawned":[2,3,10,12,16,18,22,29,33,36],"killed_by":"Spire Growth","ascension_level":4}