{"gold_per_floor":[117,117,117,135,146,146,71,71,98,110,135,135,150,161,161,258,258,271,186,136,136,147,147,147,161,161,161,161],"floor_reached":28,"playtime":710,"items_purged":["Strike_B","Strike_B"],"score":262,"play_id":"fda7ad3c-b57b-44b4-bce1-5f7118d9342c","local_time":"20190402030829","is_ascension_mode":true,"campfire_choices":[{"data":"Zap","floor":6,"key":"SMITH"},{"data":"White Noise","floor":8,"key":"SMITH"},{"floor":12,"key":"REST"},{"floor":15,"key":"REST"},{"data":"Dualcast","floor":23,"key":"SMITH"},{"floor":27,"key":"REST"}],"neow_cost":"NONE","seed_source_timestamp":99673604379000,"circlet_count":0,"master_deck":["Strike_B","Strike_B","Defend_B","Defend_B","Defend_B","Defend_B","Zap+1","Dualcast+1","Ball Lightning","White Noise+1","Conserve Battery","Cold Snap","Chill","Creative AI+1"],"relics":["Cracked Core","Omamori","Happy Flower","Gremlin Horn","Calling Bell","Smiling Mask","Molten Egg 2","WingedGreaves","Pantograph","Frozen Egg 2"],"potions_floor_usage":[25],"damage_taken":[{"damage":0,"enemies":"2 Louse","floor":1,"turns":2},{"damage":0,"enemies":"Cultist","floor":4,"turns":3},{"damage":2,"enemies":"Jaw Worm","floor":5,"turns":3},{"damage":40,"enemies":"Gremlin Gang","floor":10,"turns":4},{"damage":25,"enemies":"Lagavulin","floor":11,"turns":5},{"damage":0,"enemies":"3 Louse","floor":13,"turns":2},{"damage":6,"enemies":"Exordium Wildlife","floor":14,"turns":3},{"damage":28,"enemies":"Slime Boss","floor":16,"turns":8},{"damage":35,"enemies":"Shell Parasite","floor":18,"turns":6},{"damage":11,"enemies":"3 Byrds","floor":22,"turns":5},{"damage":21,"enemies":"Centurion and Healer","floor":25,"turns":7},{"damage":35,"enemies":"3 Cultists","floor":28,"turns":4}],"seed_played":"-5448444781797843925","potions_obtained":[{"floor":13,"key":"Block Potion"},{"floor":16,"key":"FocusPotion"},{"floor":22,"key":"Swift Potion"},{"floor":25,"key":"Swift Potion"}],"is_trial":false,"path_per_floor":["M","?","$","M","M","R","$","R","T","M","E","R","M","M","R","B",null,"M","?","$","?","M","R","?","M","T","R","M"],"character_chosen":"DEFECT","items_purchased":[],"campfire_rested":3,"item_purchase_floors":[],"current_hp_per_floor":[75,75,75,75,73,73,73,73,73,33,8,30,30,24,46,18,75,40,40,40,40,29,29,29,8,8,30,0],"gold":161,"neow_bonus":"RANDOM_COMMON_RELIC","is_prod":false,"is_daily":false,"chose_seed":false,"campfire_upgraded":3,"win_rate":0,"timestamp":1554199709,"path_taken":["M","?","$","M","?","R","$","R","T","M","E","R","M","M","R","BOSS","M","?","$","?","?","R","?","M","T","R","?"],"build_version":"2019-01-23","purchased_purges":2,"victory":false,"max_hp_per_floor":[75,75,75,75,75,75,75,75,75,75,75,75,75,75,75,75,75,75,75,75,75,75,75,75,75,75,75,75],"card_choices":[{"not_picked":["Steam","Compile Driver","Recycle"],"picked":"SKIP","floor":1},{"not_picked":["Rebound","Turbo"],"picked":"Ball Lightning","floor":4},{"not_picked":["Tempest","Cold Snap"],"picked":"White Noise","floor":5},{"not_picked":["Doom and Gloom","Leap","Rebound"],"picked":"SKIP","floor":10},{"not_picked":["Steam","Fusion"],"picked":"Conserve Battery","floor":11},{"not_picked":["Gash","Consume"],"picked":"Cold Snap","floor":13},{"not_picked":["Reprogram","Cold Snap"],"picked":"Chill","floor":14},{"not_picked":["Reboot","Core Surge"],"picked":"Creative AI","floor":16},{"not_picked":["Aggregate","Streamline+1","Sweeping Beam+1"],"picked":"SKIP","floor":18},{"not_picked":["Redo","Sweeping Beam+1","Recycle"],"picked":"SKIP","floor":22},{"not_picked":["Compile Driver+1","Defragment","Barrage+1"],"picked":"SKIP","floor":25}],"player_experience":284534,"relics_obtained":[{"floor":9,"key":"Happy Flower"},{"floor":11,"key":"Gremlin Horn"},{"floor":17,"key":"Smiling Mask"},{"floor":17,"key":"Molten Egg 2"},{"floor":17,"key":"WingedGreaves"},{"floor":26,"key":"Frozen Egg 2"}],"event_choices":[{"damage_healed":0,"gold_gain":0,"player_choice":"Ignored","damage_taken":0,"max_hp_gain":0,"max_hp_loss":0,"event_name":"WeMeetAgain","floor":2,"gold_loss":0},{"damage_healed":0,"gold_gain":0,"player_choice":"Obtained Relic","damage_taken":0,"relics_obtained":["Pantograph"],"max_hp_gain":0,"max_hp_loss":0,"event_name":"Addict","floor":19,"gold_loss":85},{"damage_healed":0,"gold_gain":0,"player_choice":"Forge","damage_taken":0,"max_hp_gain":0,"max_hp_loss":0,"event_name":"Accursed Blacksmith","floor":21,"gold_loss":0,"cards_upgraded":["Creative AI"]},{"damage_healed":0,"gold_gain":0,"player_choice":"Ignored","damage_taken":0,"max_hp_gain":0,"max_hp_loss":0,"event_name":"N\u0027loth","floor":24,"gold_loss":0}],"is_beta":false,"boss_relics":[{"not_picked":["Black Star","Lizard Tail"],"picked":"Calling Bell"}],"items_purged_floors":[7,20],"is_endless":false,"potions_floor_spawned":[13,16,22,25],"killed_by":"3 Cultists","ascension_level":4}