{"gold_per_floor":[115,115,115,134,160,189,189,220,220,220,235,235,251,271,271,400,400,425,7,26,26,47,47,70,70],"floor_reached":25,"playtime":962,"items_purged":[],"score":288,"play_id":"ed73e910-d5e6-4bd1-8d42-8e98a9880516","local_time":"20190610181522","is_ascension_mode":true,"campfire_choices":[{"floor":7,"key":"REST"},{"floor":10,"key":"REST"},{"floor":15,"key":"REST"},{"floor":23,"key":"REST"}],"neow_cost":"NONE","seed_source_timestamp":298866917394461,"circlet_count":0,"master_deck":["Defend_G+1","Defend_G+1","Defend_G+1","Defend_G+1","Defend_G+1","Strike_G+1","Strike_G+1","Strike_G+1","Strike_G+1","Strike_G+1","Survivor","Neutralize","Bane+1","Dagger Spray","Quick Slash","Injury","Sucker Punch","Adrenaline","Corpse Explosion","Dash","Noxious Fumes","Panache"],"relics":["White Beast Statue","Dodecahedron","Whetstone","Bag of Marbles","Vajra","Sundial","Golden Idol","Busted Crown","Happy Flower"],"potions_floor_usage":[6,6,8,16,16,24,25],"damage_taken":[{"damage":14,"enemies":"Cultist","floor":1,"turns":5},{"damage":3,"enemies":"2 Louse","floor":4,"turns":3},{"damage":26,"enemies":"Gremlin Nob","floor":6,"turns":4},{"damage":12,"enemies":"3 Sentries","floor":8,"turns":9},{"damage":2,"enemies":"Jaw Worm","floor":11,"turns":2},{"damage":0,"enemies":"2 Fungi Beasts","floor":13,"turns":2},{"damage":0,"enemies":"3 Louse","floor":14,"turns":3},{"damage":48,"enemies":"Hexaghost","floor":16,"turns":11},{"damage":4,"enemies":"Chosen","floor":18,"turns":5},{"damage":10,"enemies":"Shell Parasite","floor":20,"turns":3},{"damage":18,"enemies":"Snake Plant","floor":22,"turns":3},{"damage":16,"enemies":"Centurion and Healer","floor":24,"turns":3},{"damage":30,"enemies":"Book of Stabbing","floor":25,"turns":4}],"seed_played":"703826538756094915","potions_obtained":[{"floor":1,"key":"Poison Potion"},{"floor":4,"key":"GamblersBrew"},{"floor":6,"key":"Fire Potion"},{"floor":8,"key":"Explosive Potion"},{"floor":11,"key":"Swift Potion"},{"floor":13,"key":"Block Potion"},{"floor":14,"key":"SkillPotion"},{"floor":16,"key":"Weak Potion"},{"floor":18,"key":"Strength Potion"},{"floor":24,"key":"Dexterity Potion"}],"is_trial":false,"path_per_floor":["M","?","?","M","T","E","R","E","T","R","M","?","M","M","R","B",null,"M","$","M","?","M","R","M","E"],"character_chosen":"THE_SILENT","items_purchased":["Noxious Fumes","Panache","Happy Flower"],"campfire_rested":4,"item_purchase_floors":[19,19,19],"current_hp_per_floor":[49,49,42,39,39,13,34,22,22,43,41,41,41,41,62,14,56,52,52,42,42,24,45,29,0],"gold":70,"neow_bonus":"BOSS_RELIC","is_prod":false,"is_daily":false,"chose_seed":false,"campfire_upgraded":0,"win_rate":0,"timestamp":1560204922,"path_taken":["M","?","?","M","?","E","R","E","T","R","M","?","M","M","R","BOSS","M","$","M","?","M","R","M","E"],"build_version":"2019-01-23","purchased_purges":0,"victory":false,"max_hp_per_floor":[70,70,70,70,70,70,70,70,70,70,70,70,70,70,70,70,70,70,70,70,70,70,70,70,70],"card_choices":[{"not_picked":["Backflip","Concentrate"],"picked":"Bane","floor":1},{"not_picked":["Finisher","Predator","Cloak And Dagger"],"picked":"SKIP","floor":4},{"not_picked":["Deflect","Grand Finale","Underhanded Strike"],"picked":"SKIP","floor":6},{"not_picked":["Flying Knee","Distraction"],"picked":"Dagger Spray","floor":8},{"not_picked":["Underhanded Strike","Bane"],"picked":"Quick Slash","floor":11},{"not_picked":["Prepared","Deflect"],"picked":"Sucker Punch","floor":13},{"not_picked":["Crippling Poison","Bane"],"picked":"Adrenaline","floor":14},{"not_picked":["Tools of the Trade","Night Terror"],"picked":"Corpse Explosion","floor":16},{"not_picked":[],"picked":"Dash","floor":18},{"not_picked":["Bane"],"picked":"SKIP","floor":20},{"not_picked":["Acrobatics"],"picked":"SKIP","floor":22},{"not_picked":["Slice"],"picked":"SKIP","floor":24}],"player_experience":430536,"relics_obtained":[{"floor":5,"key":"Whetstone"},{"floor":6,"key":"Bag of Marbles"},{"floor":8,"key":"Vajra"},{"floor":9,"key":"Sundial"}],"event_choices":[{"damage_healed":0,"gold_gain":0,"player_choice":"Ignored","damage_taken":0,"max_hp_gain":0,"max_hp_loss":0,"event_name":"Golden Wing","floor":2,"gold_loss":0},{"damage_healed":0,"gold_gain":0,"player_choice":"Success","damage_taken":7,"relics_obtained":["Dodecahedron"],"max_hp_gain":0,"max_hp_loss":0,"event_name":"Scrap Ooze","floor":3,"gold_loss":0},{"damage_healed":0,"gold_gain":0,"player_choice":"Take Wound","damage_taken":0,"relics_obtained":["Golden Idol"],"max_hp_gain":0,"max_hp_loss":0,"event_name":"Golden Idol","floor":12,"gold_loss":0,"cards_obtained":["Injury"]},{"damage_healed":0,"gold_gain":0,"player_choice":"Simplicity","damage_taken":0,"max_hp_gain":0,"max_hp_loss":0,"event_name":"Back to Basics","floor":21,"gold_loss":0,"cards_upgraded":["Defend_G","Defend_G","Defend_G","Defend_G","Defend_G","Strike_G","Strike_G","Strike_G","Strike_G"]}],"is_beta":false,"boss_relics":[{"not_picked":["Velvet Choker","Empty Cage"],"picked":"Busted Crown"}],"items_purged_floors":[],"is_endless":false,"potions_floor_spawned":[1,4,6,8,11,13,14,16,18,20,22,24],"killed_by":"Book of Stabbing","ascension_level":7}