{"gold_per_floor":[215,233,243,256,256,256,60,75,151,165,165,180,190,206,206,206],"floor_reached":16,"playtime":1702,"items_purged":[],"score":98,"play_id":"d812b006-b287-4751-952a-bfb95ca0b308","local_time":"20180714235548","is_ascension_mode":false,"campfire_choices":[{"floor":6,"key":"REST"},{"data":"Body Slam","floor":15,"key":"SMITH"}],"neow_cost":"NONE","seed_source_timestamp":328216836529370,"circlet_count":0,"master_deck":["Strike_R","Strike_R","Strike_R","Strike_R","Strike_R","Defend_R","Defend_R","Defend_R","Defend_R","Bash","Body Slam+1","Shrug It Off","Intimidate","Enlightenment","Rampage","Reaper","Entrench"],"relics":["Burning Blood","Thread and Needle","Paper Frog"],"potions_floor_usage":[4,14,16],"damage_taken":[{"damage":12,"enemies":"Cultist","floor":1,"turns":5},{"damage":12,"enemies":"Small Slimes","floor":2,"turns":5},{"damage":6,"enemies":"2 Louse","floor":3,"turns":3},{"damage":5,"enemies":"2 Fungi Beasts","floor":4,"turns":4},{"damage":0,"enemies":"Looter","floor":8,"turns":3},{"damage":2,"enemies":"Large Slime","floor":10,"turns":6},{"damage":2,"enemies":"Blue Slaver","floor":12,"turns":4},{"damage":1,"enemies":"2 Fungi Beasts","floor":13,"turns":4},{"damage":2,"enemies":"Large Slime","floor":14,"turns":7},{"damage":92,"enemies":"Hexaghost","floor":16,"turns":13}],"seed_played":"6328345550185555323","potions_obtained":[{"floor":1,"key":"Explosive Potion"},{"floor":3,"key":"PowerPotion"},{"floor":13,"key":"Explosive Potion"}],"is_trial":false,"path_per_floor":["M","M","M","M","?","R","$","M","T","M","?","M","M","M","R"],"character_chosen":"IRONCLAD","items_purchased":["Enlightenment"],"campfire_rested":1,"item_purchase_floors":[7],"current_hp_per_floor":[74,68,68,69,36,60,60,66,66,70,75,82,85,85,85,0],"gold":206,"neow_bonus":"HUNDRED_GOLD","is_prod":false,"is_daily":false,"chose_seed":false,"campfire_upgraded":1,"win_rate":0,"timestamp":1531608948,"path_taken":["M","?","M","M","?","R","$","M","T","M","?","M","M","M","R","BOSS"],"build_version":"2018-07-12","purchased_purges":0,"victory":false,"max_hp_per_floor":[80,80,80,80,80,80,80,80,80,80,85,85,85,85,85,85],"card_choices":[{"not_picked":["Dropkick","Battle Trance"],"picked":"Body Slam","floor":1},{"not_picked":["Wild Strike","Perfected Strike","Burning Pact"],"picked":"SKIP","floor":2},{"not_picked":["Heavy Blade","Headbutt"],"picked":"Shrug It Off","floor":3},{"not_picked":["Bloodletting","Twin Strike"],"picked":"Intimidate","floor":4},{"not_picked":["Sword Boomerang","Intimidate"],"picked":"Rampage","floor":8},{"not_picked":["Flex","Clash"],"picked":"Reaper","floor":10},{"not_picked":["Hemokinesis","Sentinel","Clothesline"],"picked":"SKIP","floor":12},{"not_picked":["Cleave","Shockwave"],"picked":"Entrench","floor":13},{"not_picked":["Shockwave","Rupture","Clothesline"],"picked":"SKIP","floor":14}],"player_experience":325136,"relics_obtained":[{"floor":9,"key":"Paper Frog"}],"event_choices":[{"event_name":"Scrap Ooze","player_choice":"success","floor":5,"damage_taken":33},{"event_name":"Big Fish","player_choice":"Donut","floor":11,"damage_taken":0}],"boss_relics":[],"items_purged_floors":[],"is_endless":false,"potions_floor_spawned":[1,3,13],"killed_by":"Hexaghost","ascension_level":0}