{"gold_per_floor":[116,116,116,128,53,53,84,101,127,127,137,137,37,50,50,145,145,161,10,10,10,22,34,66,78,90,102,133,145,171,33,33,33],"floor_reached":33,"playtime":862,"items_purged":["Regret","Strike_R","Strike_R","Shame"],"score":348,"play_id":"e034842a-ee4e-4844-af42-24a55e70835f","local_time":"20190302113833","is_ascension_mode":true,"campfire_choices":[{"data":"Thunderclap","floor":6,"key":"SMITH"},{"data":"Flex","floor":12,"key":"SMITH"},{"data":"Cleave","floor":15,"key":"SMITH"},{"data":"Double Tap","floor":23,"key":"SMITH"},{"data":"Sword Boomerang","floor":25,"key":"SMITH"},{"data":"Bash","floor":29,"key":"SMITH"},{"floor":32,"key":"REST"}],"neow_cost":"NONE","seed_source_timestamp":131952615964600,"circlet_count":0,"master_deck":["Strike_R","Strike_R","Strike_R","Defend_R","Defend_R","Defend_R","Defend_R","Bash+1","Thunderclap+1","Flex+1","Cleave+1","Double Tap+1","Sword Boomerang+1","Cleave+1","Whirlwind+1"],"relics":["Burning Blood","NeowsBlessing","Lantern","Vajra","Juzu Bracelet","Bronze Scales","Potion Belt","Sozu","MawBank","Regal Pillow","Matryoshka"],"potions_floor_usage":[33,33],"damage_taken":[{"damage":0,"enemies":"Cultist","floor":1,"turns":1},{"damage":0,"enemies":"Jaw Worm","floor":4,"turns":1},{"damage":0,"enemies":"Lagavulin","floor":7,"turns":1},{"damage":3,"enemies":"2 Louse","floor":8,"turns":2},{"damage":0,"enemies":"Lots of Slimes","floor":11,"turns":2},{"damage":0,"enemies":"Red Slaver","floor":14,"turns":1},{"damage":65,"enemies":"The Guardian","floor":16,"turns":10},{"damage":2,"enemies":"Chosen","floor":18,"turns":3},{"damage":18,"enemies":"3 Byrds","floor":24,"turns":3},{"damage":9,"enemies":"3 Cultists","floor":28,"turns":3},{"damage":2,"enemies":"Cultist and Chosen","floor":30,"turns":3},{"damage":104,"enemies":"Champ","floor":33,"turns":5}],"seed_played":"-6957451434242616779","potions_obtained":[{"floor":4,"key":"AttackPotion"},{"floor":7,"key":"FearPotion"},{"floor":8,"key":"SteroidPotion"}],"is_trial":false,"path_per_floor":["M","?","?","M","$","R","E","M","T","?","M","R","$","M","R","B",null,"M","$","?","?","?","R","M","R","T","$","M","R","M","$","R","B"],"character_chosen":"IRONCLAD","items_purchased":["Sword Boomerang"],"campfire_rested":1,"item_purchase_floors":[19],"current_hp_per_floor":[78,75,75,80,80,80,80,80,80,80,80,80,80,80,80,21,65,69,69,54,54,54,54,42,42,42,42,39,39,43,43,83,0],"gold":33,"neow_bonus":"THREE_ENEMY_KILL","is_prod":false,"is_daily":false,"chose_seed":false,"campfire_upgraded":6,"win_rate":0,"timestamp":1551555513,"path_taken":["M","?","?","M","?","R","E","M","T","?","M","R","$","M","R","BOSS","M","?","?","?","?","R","M","R","T","$","M","R","M","$","R","BOSS"],"build_version":"2019-01-23","purchased_purges":4,"victory":false,"max_hp_per_floor":[80,80,80,80,80,80,80,80,80,80,80,80,80,80,80,80,80,80,80,85,85,85,85,85,85,85,85,85,85,85,85,85,85],"card_choices":[{"not_picked":["Feel No Pain","Reckless Charge"],"picked":"Thunderclap","floor":1},{"not_picked":["Uppercut","Sentinel","Clash"],"picked":"SKIP","floor":4},{"not_picked":["Perfected Strike","Wild Strike","Flame Barrier"],"picked":"SKIP","floor":7},{"not_picked":["True Grit","Blood for Blood","Armaments"],"picked":"SKIP","floor":8},{"not_picked":["Feel No Pain","Cleave"],"picked":"Flex","floor":11},{"not_picked":["Intimidate","Perfected Strike"],"picked":"Cleave","floor":14},{"not_picked":["Bludgeon","Brutality"],"picked":"Double Tap","floor":16},{"not_picked":["Cleave","Thunderclap+1","Shrug It Off"],"picked":"SKIP","floor":18},{"not_picked":["Thunderclap","Body Slam+1"],"picked":"Cleave+1","floor":24},{"not_picked":["Bloodletting","True Grit"],"picked":"Whirlwind+1","floor":28},{"not_picked":["Perfected Strike","Rupture","Flex"],"picked":"SKIP","floor":30}],"player_experience":232382,"relics_obtained":[{"floor":7,"key":"Juzu Bracelet"},{"floor":9,"key":"Bronze Scales"},{"floor":10,"key":"Potion Belt"},{"floor":26,"key":"Matryoshka"}],"event_choices":[{"damage_healed":0,"gold_gain":0,"player_choice":"Success","damage_taken":3,"relics_obtained":["Lantern"],"max_hp_gain":0,"max_hp_loss":0,"event_name":"Scrap Ooze","floor":2,"gold_loss":0},{"damage_healed":0,"gold_gain":0,"player_choice":"Box","damage_taken":0,"relics_obtained":["Vajra"],"max_hp_gain":0,"max_hp_loss":0,"event_name":"Big Fish","floor":3,"gold_loss":0,"cards_obtained":["Regret"]},{"damage_healed":0,"gold_gain":0,"player_choice":"Relic","damage_taken":0,"max_hp_gain":0,"max_hp_loss":0,"event_name":"Wheel of Change","floor":10,"gold_loss":0},{"damage_healed":0,"gold_gain":0,"player_choice":"Shed Blood","damage_taken":20,"max_hp_gain":5,"max_hp_loss":0,"event_name":"Forgotten Altar","floor":20,"gold_loss":0},{"damage_healed":0,"gold_gain":0,"player_choice":"Stole Relic","damage_taken":0,"relics_obtained":["MawBank"],"max_hp_gain":0,"max_hp_loss":0,"event_name":"Addict","floor":21,"gold_loss":0,"cards_obtained":["Shame"]},{"damage_healed":0,"gold_gain":0,"player_choice":"Gave Potion","damage_taken":0,"relics_obtained":["Regal Pillow"],"max_hp_gain":0,"max_hp_loss":0,"event_name":"WeMeetAgain","floor":22,"gold_loss":0}],"is_beta":false,"boss_relics":[{"not_picked":["Pandora\u0027s Box","Snecko Eye"],"picked":"Sozu"}],"items_purged_floors":[5,13,19,31],"is_endless":false,"potions_floor_spawned":[4,7,8,18,24],"killed_by":"Champ","ascension_level":6}