{"gold_per_floor":[109,109,123,140,153,179,179,196,276,306,306,58,58,73,73,176,176,186,213,213,233,233,233,233,250,250,270,289,289,321,337,337,337],"floor_reached":33,"playtime":2988,"items_purged":[],"score":441,"play_id":"23b391ed-8b24-4f7a-b819-aa63ae2407e2","local_time":"20181023203631","is_ascension_mode":true,"campfire_choices":[{"data":"Neutralize","floor":7,"key":"SMITH"},{"floor":11,"key":"REST"},{"floor":13,"key":"REST"},{"data":"After Image","floor":15,"key":"SMITH"},{"data":"Envenom","floor":23,"key":"SMITH"},{"data":"Storm of Steel","floor":29,"key":"SMITH"},{"data":"Cloak And Dagger","floor":32,"key":"SMITH"}],"neow_cost":"NONE","seed_source_timestamp":351572408880933,"circlet_count":0,"master_deck":["Defend_G","Defend_G","Defend_G","Defend_G","Defend_G","Survivor","Neutralize+1","Quick Slash","Predator","Blade Dance","Dodge and Roll","Terror","Dash","Deflect","After Image+1","Madness","Backstab","Storm of Steel+1","Footwork","Cloak And Dagger+1","Envenom+1","Deflect","Calculated Gamble","Escape Plan","Crippling Poison","PiercingWail","Bite","Bite","Bite","Bite","Bite","Blur","Bane+1","Caltrops","Bane","Dagger Spray"],"relics":["Ring of the Snake","Ninja Scroll","Mummified Hand","Pocketwatch","Orrery","Red Mask","Blue Candle","Snake Skull"],"potions_floor_usage":[6,14,16,18,21,25],"damage_taken":[{"damage":0,"enemies":"2 Louse","floor":1,"turns":3},{"damage":4,"enemies":"Jaw Worm","floor":3,"turns":6},{"damage":0,"enemies":"Cultist","floor":4,"turns":3},{"damage":7,"enemies":"Blue Slaver","floor":5,"turns":4},{"damage":20,"enemies":"Gremlin Nob","floor":6,"turns":4},{"damage":15,"enemies":"2 Fungi Beasts","floor":8,"turns":4},{"damage":12,"enemies":"Lagavulin","floor":10,"turns":5},{"damage":0,"enemies":"Looter","floor":14,"turns":3},{"damage":16,"enemies":"Hexaghost","floor":16,"turns":11},{"damage":5,"enemies":"2 Thieves","floor":18,"turns":5},{"damage":15,"enemies":"Masked Bandits","floor":19,"turns":8},{"damage":5,"enemies":"3 Byrds","floor":21,"turns":7},{"damage":0,"enemies":"Centurion and Healer","floor":25,"turns":6},{"damage":10,"enemies":"Cultist and Chosen","floor":27,"turns":8},{"damage":0,"enemies":"Snecko","floor":28,"turns":5},{"damage":12,"enemies":"Book of Stabbing","floor":30,"turns":7},{"damage":0,"enemies":"Centurion and Healer","floor":31,"turns":4},{"damage":68,"enemies":"Collector","floor":33,"turns":7}],"seed_played":"-2093141328242448057","potions_obtained":[{"floor":1,"key":"FearPotion"},{"floor":8,"key":"Block Potion"},{"floor":10,"key":"SteroidPotion"},{"floor":14,"key":"SteroidPotion"},{"floor":19,"key":"Regen Potion"},{"floor":21,"key":"Regen Potion"},{"floor":30,"key":"LiquidBronze"},{"floor":31,"key":"FearPotion"}],"is_trial":false,"path_per_floor":["M","?","M","M","M","E","R","M","T","E","R","$","R","M","R","B",null,"M","?","?","M","?","R","?","M","T","M","M","R","E","M","R"],"character_chosen":"THE_SILENT","items_purchased":["After Image","Madness","EssenceOfSteel"],"campfire_rested":2,"item_purchase_floors":[12,12,12],"current_hp_per_floor":[70,70,66,66,59,39,39,24,24,12,35,35,58,58,58,42,68,63,48,48,58,58,58,53,53,53,47,53,53,45,53,53,0],"gold":337,"neow_bonus":"TEN_PERCENT_HP_BONUS","is_prod":false,"is_daily":false,"chose_seed":false,"campfire_upgraded":5,"win_rate":0,"timestamp":1540323391,"path_taken":["M","?","?","M","M","E","R","M","T","E","R","$","R","M","R","BOSS","M","?","?","M","?","R","?","?","T","M","M","R","E","M","R","BOSS"],"build_version":"2018-10-18","purchased_purges":0,"victory":false,"max_hp_per_floor":[77,77,77,77,77,77,77,77,77,77,77,77,77,77,77,77,77,77,77,77,77,77,77,53,53,53,53,53,53,53,53,53,53],"card_choices":[{"not_picked":["Flechettes","Backflip"],"picked":"Quick Slash","floor":1},{"not_picked":["Prepared","Bouncing Flask"],"picked":"Predator","floor":3},{"not_picked":["Flying Knee","Flechettes"],"picked":"Blade Dance","floor":4},{"not_picked":["Skewer","Deadly Poison"],"picked":"Dodge and Roll","floor":5},{"not_picked":["Flying Knee","Outmaneuver"],"picked":"Terror","floor":6},{"not_picked":["Prepared","Acrobatics"],"picked":"Dash","floor":8},{"not_picked":["Endless Agony","Bouncing Flask"],"picked":"Deflect","floor":10},{"not_picked":["Flying Knee","Infinite Blades"],"picked":"Backstab","floor":14},{"not_picked":["Corpse Explosion","Tools of the Trade"],"picked":"Storm of Steel","floor":16},{"not_picked":["Slice","Deadly Poison"],"picked":"Footwork","floor":17},{"not_picked":["Dagger Throw","Bane"],"picked":"Cloak And Dagger","floor":17},{"not_picked":["Backflip","Quick Slash"],"picked":"Envenom","floor":17},{"not_picked":["Reflex","Endless Agony"],"picked":"Deflect","floor":17},{"not_picked":["Backflip","Acrobatics"],"picked":"Calculated Gamble","floor":17},{"not_picked":["Quick Slash+1","Flechettes"],"picked":"Escape Plan","floor":18},{"not_picked":["Quick Slash","Bouncing Flask"],"picked":"Crippling Poison","floor":19},{"not_picked":["Dagger Throw","Concentrate"],"picked":"PiercingWail","floor":21},{"not_picked":["Predator","Outmaneuver+1"],"picked":"Blur","floor":25},{"not_picked":["Prepared","Acrobatics"],"picked":"Bane+1","floor":27},{"not_picked":["Sucker Punch","Reflex+1"],"picked":"Caltrops","floor":28},{"not_picked":["Eviscerate","Deadly Poison+1"],"picked":"Bane","floor":30},{"not_picked":["Terror","Deflect"],"picked":"Dagger Spray","floor":31}],"player_experience":739256,"relics_obtained":[{"floor":6,"key":"Ninja Scroll"},{"floor":9,"key":"Mummified Hand"},{"floor":10,"key":"Pocketwatch"},{"floor":19,"key":"Red Mask"},{"floor":26,"key":"Blue Candle"},{"floor":30,"key":"Snake Skull"}],"event_choices":[{"damage_healed":0,"gold_gain":0,"player_choice":"Leave","damage_taken":0,"max_hp_gain":0,"max_hp_loss":0,"event_name":"The Cleric","floor":2,"gold_loss":0},{"damage_healed":0,"gold_gain":0,"player_choice":"Fought Bandits","damage_taken":0,"max_hp_gain":0,"max_hp_loss":0,"event_name":"Masked Bandits","floor":19,"gold_loss":0},{"cards_removed":["Strike_G"],"damage_healed":0,"gold_gain":0,"player_choice":"Purged","damage_taken":0,"max_hp_gain":0,"max_hp_loss":0,"event_name":"Purifier","floor":20,"gold_loss":0},{"damage_healed":0,"gold_gain":0,"player_choice":"Ignored","damage_taken":0,"max_hp_gain":0,"max_hp_loss":0,"event_name":"Ghosts","floor":22,"gold_loss":0},{"damage_healed":0,"gold_gain":0,"player_choice":"Became a vampire","damage_taken":0,"max_hp_gain":0,"max_hp_loss":24,"event_name":"Vampires","floor":24,"gold_loss":0,"cards_obtained":["Bite","Bite","Bite","Bite","Bite"]}],"is_beta":false,"boss_relics":[{"not_picked":["Coffee Dripper","Calling Bell"],"picked":"Orrery"}],"items_purged_floors":[],"is_endless":false,"potions_floor_spawned":[1,8,10,14,19,21,30,31],"killed_by":"Collector","ascension_level":8}