{"gold_per_floor":[15,15,35,50,50,50,75,75,75,75,85,85,104,119,119,215,215,232,28,48,48],"floor_reached":21,"playtime":777,"items_purged":[],"score":199,"play_id":"f5cc8b3d-4908-49d3-9c4f-cfccea84d267","local_time":"20190221021352","is_ascension_mode":true,"campfire_choices":[{"data":"Unload","floor":6,"key":"SMITH"},{"data":"Neutralize","floor":8,"key":"SMITH"},{"data":"Neutralize","floor":10,"key":"SMITH"},{"data":"Bouncing Flask","floor":12,"key":"SMITH"},{"floor":15,"key":"REST"}],"neow_cost":"NO_GOLD","seed_source_timestamp":276047083824199,"circlet_count":0,"master_deck":["Defend_G","Defend_G","Defend_G","Defend_G","Defend_G","Strike_G","Strike_G","Strike_G","Survivor","Neutralize+1","Poisoned Stab","Unload+1","Neutralize+1","Bouncing Flask+1","Envenom","Acrobatics","Bouncing Flask+1"],"relics":["Ring of the Snake","Molten Egg 2","Gremlin Horn","Busted Crown","DollysMirror"],"potions_floor_usage":[18],"damage_taken":[{"damage":0,"enemies":"Cultist","floor":1,"turns":5},{"damage":2,"enemies":"Jaw Worm","floor":3,"turns":6},{"damage":1,"enemies":"Small Slimes","floor":4,"turns":5},{"damage":7,"enemies":"3 Sentries","floor":7,"turns":8},{"damage":4,"enemies":"Blue Slaver","floor":11,"turns":3},{"damage":6,"enemies":"Exordium Thugs","floor":13,"turns":5},{"damage":0,"enemies":"Red Slaver","floor":14,"turns":3},{"damage":21,"enemies":"The Guardian","floor":16,"turns":10},{"damage":31,"enemies":"3 Byrds","floor":18,"turns":4},{"damage":33,"enemies":"2 Thieves","floor":20,"turns":4}],"seed_played":"76760967382786372","potions_obtained":[{"floor":3,"key":"SteroidPotion"},{"floor":7,"key":"SpeedPotion"},{"floor":16,"key":"PowerPotion"}],"is_trial":false,"path_per_floor":["M","?","M","M","?","R","E","R","T","R","M","R","M","M","R","B",null,"M","$","M","?"],"character_chosen":"THE_SILENT","items_purchased":["DollysMirror"],"campfire_rested":1,"item_purchase_floors":[19],"current_hp_per_floor":[70,75,73,72,72,72,65,65,65,65,61,61,55,55,75,54,75,44,44,11,0],"gold":48,"neow_bonus":"REMOVE_TWO","is_prod":false,"is_daily":false,"chose_seed":false,"campfire_upgraded":4,"win_rate":0,"timestamp":1550744032,"path_taken":["M","?","M","M","?","R","E","R","T","R","M","R","?","M","R","BOSS","M","$","M","?"],"build_version":"2019-01-23","purchased_purges":0,"victory":false,"max_hp_per_floor":[70,75,75,75,75,75,75,75,75,75,75,75,75,75,75,75,75,75,75,75,75],"card_choices":[{"not_picked":["Underhanded Strike","Dagger Throw","Outmaneuver"],"picked":"SKIP","floor":1},{"not_picked":["Concentrate","Backflip"],"picked":"Poisoned Stab","floor":3},{"not_picked":["Blade Dance","Well Laid Plans","Deflect"],"picked":"SKIP","floor":4},{"not_picked":["Skewer","Dash","Blade Dance"],"picked":"SKIP","floor":7},{"not_picked":["Deflect","Acrobatics"],"picked":"Bouncing Flask","floor":11},{"not_picked":["Caltrops","Endless Agony+1","Accuracy"],"picked":"SKIP","floor":13},{"not_picked":["Flechettes+1","Endless Agony+1","Backflip"],"picked":"SKIP","floor":14},{"not_picked":["Unload+1","Malaise"],"picked":"Envenom","floor":16},{"not_picked":[],"picked":"Acrobatics","floor":18},{"not_picked":["PiercingWail"],"picked":"SKIP","floor":20}],"player_experience":225050,"relics_obtained":[{"floor":7,"key":"Molten Egg 2"},{"floor":9,"key":"Gremlin Horn"}],"event_choices":[{"damage_healed":0,"gold_gain":0,"player_choice":"Donut","damage_taken":0,"max_hp_gain":5,"max_hp_loss":0,"event_name":"Big Fish","floor":2,"gold_loss":0},{"damage_healed":0,"gold_gain":0,"player_choice":"2 cards matched","damage_taken":0,"max_hp_gain":0,"max_hp_loss":0,"event_name":"Match and Keep!","floor":5,"gold_loss":0,"cards_obtained":["Unload","Neutralize"]}],"is_beta":false,"boss_relics":[{"not_picked":["Pandora\u0027s Box","Calling Bell"],"picked":"Busted Crown"}],"items_purged_floors":[],"is_endless":false,"potions_floor_spawned":[3,7,16],"ascension_level":2}