{"gold_per_floor":[114,114,129,144,50,80,80,140,140,170,170,170,200,215,215,315,315,330,355,355,370,385,415,415,445,445,475,490,520,520,535,535,635,635,650,650,650,665,465,495,495,525,525,525,540,555,585,600,600,600],"floor_reached":51,"playtime":3158,"items_purged":[],"score":1343,"play_id":"5c76dc36-321a-4daf-8b5f-b6b9232ae5df","local_time":"20190207223734","daily_mods":["SealedDeck","Colorless Cards","Elite Swarm"],"is_ascension_mode":false,"campfire_choices":[{"data":"Flash of Steel","floor":7,"key":"SMITH"},{"data":"Flash of Steel","floor":12,"key":"SMITH"},{"data":"Panache","floor":15,"key":"SMITH"},{"data":"A Thousand Cuts","floor":24,"key":"SMITH"},{"data":"Master of Strategy","floor":30,"key":"SMITH"},{"data":"Purity","floor":32,"key":"SMITH"},{"data":"Dramatic Entrance","floor":41,"key":"SMITH"},{"data":"Finesse","floor":44,"key":"SMITH"},{"data":"Finesse","floor":49,"key":"SMITH"}],"neow_cost":"","seed_source_timestamp":0,"circlet_count":0,"master_deck":["Dark Shackles","Dark Shackles","Purity+1","Dramatic Entrance+1","Finesse+1","Finesse+1","Flash of Steel+1","Flash of Steel+1","Master of Strategy+1","Panache+1","A Thousand Cuts+1","Flash of Steel+1","A Thousand Cuts+1"],"special_seed":17935,"relics":["Ring of the Snake","Strawberry","Prayer Wheel","Tiny Chest","Happy Flower","Du-Vu Doll","Tingsha","Empty Cage","Red Mask","Mercury Hourglass","Blood Vial","Frozen Egg 2","Lantern","WristBlade","Lee\u0027s Waffle","Incense Burner","Darkstone Periapt","Paper Crane","Pear"],"potions_floor_usage":[],"damage_taken":[{"damage":0,"enemies":"Small Slimes","floor":1,"turns":2},{"damage":0,"enemies":"2 Louse","floor":3,"turns":1},{"damage":0,"enemies":"Cultist","floor":4,"turns":2},{"damage":0,"enemies":"Lagavulin","floor":6,"turns":3},{"damage":0,"enemies":"3 Sentries","floor":8,"turns":1},{"damage":0,"enemies":"Lagavulin","floor":10,"turns":1},{"damage":0,"enemies":"3 Sentries","floor":13,"turns":1},{"damage":0,"enemies":"3 Louse","floor":14,"turns":1},{"damage":0,"enemies":"Slime Boss","floor":16,"turns":1},{"damage":0,"enemies":"2 Thieves","floor":18,"turns":1},{"damage":0,"enemies":"Masked Bandits","floor":19,"turns":1},{"damage":0,"enemies":"Spheric Guardian","floor":21,"turns":1},{"damage":0,"enemies":"Chosen and Byrds","floor":22,"turns":1},{"damage":0,"enemies":"Slavers","floor":23,"turns":1},{"damage":0,"enemies":"Gremlin Leader","floor":25,"turns":1},{"damage":0,"enemies":"Slavers","floor":27,"turns":1},{"damage":0,"enemies":"Shelled Parasite and Fungi","floor":28,"turns":1},{"damage":0,"enemies":"Book of Stabbing","floor":29,"turns":1},{"damage":0,"enemies":"Snake Plant","floor":31,"turns":1},{"damage":0,"enemies":"Automaton","floor":33,"turns":1},{"damage":0,"enemies":"Orb Walker","floor":35,"turns":1},{"damage":8,"enemies":"3 Shapes","floor":38,"turns":1},{"damage":0,"enemies":"Giant Head","floor":40,"turns":1},{"damage":0,"enemies":"Nemesis","floor":42,"turns":1},{"damage":0,"enemies":"3 Darklings","floor":45,"turns":1},{"damage":0,"enemies":"Writhing Mass","floor":46,"turns":1},{"damage":0,"enemies":"Reptomancer","floor":47,"turns":1},{"damage":0,"enemies":"Spire Growth","floor":48,"turns":1},{"damage":0,"enemies":"Donu and Deca","floor":50,"turns":1}],"seed_played":"-7219234753305552814","potions_obtained":[{"floor":1,"key":"Fire Potion"},{"floor":4,"key":"LiquidBronze"},{"floor":6,"key":"SteroidPotion"},{"floor":13,"key":"PowerPotion"},{"floor":19,"key":"PowerPotion"},{"floor":46,"key":"PowerPotion"}],"is_trial":false,"path_per_floor":["M","?","M","M","$","E","R","E","T","E","?","R","E","M","R","B",null,"M","?","?","M","M","E","R","E","T","E","M","E","R","M","R","B",null,"M","$","?","M","$","E","R","E","T","R","M","M","E","M","R","B",null],"character_chosen":"THE_SILENT","items_purchased":["Flash of Steel","Lee\u0027s Waffle"],"campfire_rested":0,"item_purchase_floors":[5,39],"current_hp_per_floor":[70,65,65,65,65,65,65,65,65,65,70,70,70,70,70,70,82,82,82,82,82,82,82,82,82,82,82,82,82,82,82,82,82,82,82,82,82,74,89,89,89,89,89,89,89,89,99,99,99,99],"gold":600,"neow_bonus":"","is_prod":false,"is_daily":true,"chose_seed":false,"campfire_upgraded":9,"win_rate":0,"timestamp":1549607854,"path_taken":["M","?","M","M","$","E","R","E","T","E","?","R","E","M","R","BOSS","M","?","?","M","M","E","R","E","T","E","M","E","R","?","R","BOSS","M","$","?","M","?","E","R","E","T","R","M","M","E","M","R","BOSS"],"build_version":"2019-01-23","purchased_purges":0,"victory":true,"max_hp_per_floor":[70,77,77,77,77,77,77,77,77,77,82,82,82,82,82,82,82,82,82,82,82,82,82,82,82,82,82,82,82,82,82,82,82,82,82,82,82,82,89,89,89,89,89,89,89,89,99,99,99,99],"card_choices":[{"not_picked":["Bane","Dodge and Roll","Prepared"],"picked":"SKIP","floor":1},{"not_picked":["PiercingWail","Acrobatics","Flying Knee"],"picked":"SKIP","floor":3},{"not_picked":["Poisoned Stab","Dagger Spray","Blade Dance"],"picked":"SKIP","floor":4},{"not_picked":["Grand Finale","Bullet Time"],"picked":"Master of Strategy","floor":6},{"not_picked":["Violence","Venomology","After Image"],"picked":"SKIP","floor":8},{"not_picked":["Die Die Die","Apotheosis"],"picked":"Panache","floor":10},{"not_picked":["Transmutation","Chrysalis","The Bomb"],"picked":"SKIP","floor":13},{"not_picked":["Bane","Deadly Poison","Slice"],"picked":"SKIP","floor":14},{"not_picked":["Dash","PanicButton","Dagger Spray"],"picked":"SKIP","floor":14},{"not_picked":["Deflect+1","Dagger Throw","Reflex"],"picked":"SKIP","floor":18},{"not_picked":["PiercingWail","Blur+1","Deadly Poison"],"picked":"SKIP","floor":18},{"not_picked":["Deadly Poison","Dodge and Roll"],"picked":"A Thousand Cuts","floor":19},{"not_picked":["Expertise+1","Dodge and Roll","Sucker Punch"],"picked":"SKIP","floor":21},{"not_picked":["Madness+1","Quick Slash+1","Flying Knee"],"picked":"SKIP","floor":21},{"not_picked":["Expertise+1","Dodge and Roll","Sucker Punch"],"picked":"SKIP","floor":21},{"not_picked":["Madness+1","Quick Slash+1","Flying Knee"],"picked":"SKIP","floor":21},{"not_picked":["Quick Slash","Dagger Spray","Mind Blast"],"picked":"SKIP","floor":22},{"not_picked":["Panacea+1","Purity","Crippling Poison+1"],"picked":"SKIP","floor":22},{"not_picked":["Quick Slash","Dagger Spray","Mind Blast"],"picked":"SKIP","floor":22},{"not_picked":["Panacea+1","Purity","Crippling Poison+1"],"picked":"SKIP","floor":22},{"not_picked":["Grand Finale","Chrysalis","Magnetism"],"picked":"SKIP","floor":23},{"not_picked":["Venomology","Envenom","Master of Strategy"],"picked":"SKIP","floor":25},{"not_picked":["Venomology","Master of Strategy","Bullet Time"],"picked":"SKIP","floor":27},{"not_picked":["Blade Dance","Acrobatics+1","Dagger Spray+1"],"picked":"SKIP","floor":28},{"not_picked":["Eviscerate","Slice+1","PiercingWail+1"],"picked":"SKIP","floor":28},{"not_picked":["Secret Weapon","Wraith Form v2+1","Unload"],"picked":"SKIP","floor":29},{"not_picked":["Setup","Prepared","All Out Attack"],"picked":"SKIP","floor":31},{"not_picked":["Forethought+1","Bane+1","Footwork+1"],"picked":"SKIP","floor":31},{"not_picked":["Acrobatics","Panacea+1","Concentrate"],"picked":"SKIP","floor":35},{"not_picked":["Dagger Spray","Crippling Poison","Outmaneuver+1"],"picked":"SKIP","floor":35},{"not_picked":["Sucker Punch+1","Infinite Blades+1","Blur"],"picked":"SKIP","floor":38},{"not_picked":["Flying Knee+1","Dagger Spray","Deflect"],"picked":"SKIP","floor":38},{"not_picked":["Night Terror","Envenom+1","Malaise"],"picked":"SKIP","floor":40},{"not_picked":["Sadistic Nature+1","Burst","Secret Technique"],"picked":"SKIP","floor":42},{"not_picked":["Blur","Quick Slash","Distraction+1"],"picked":"SKIP","floor":45},{"not_picked":["Deflect+1","Forethought","Flying Knee"],"picked":"SKIP","floor":45},{"not_picked":["Crippling Poison","Acrobatics+1","Bandage Up"],"picked":"SKIP","floor":46},{"not_picked":["Acrobatics+1","Blade Dance","PiercingWail+1"],"picked":"SKIP","floor":46},{"not_picked":["Doppelganger","Burst"],"picked":"A Thousand Cuts+1","floor":47},{"not_picked":["Blind","Dodge and Roll","Flying Knee"],"picked":"SKIP","floor":48},{"not_picked":["Cloak And Dagger","Accuracy+1","Blur"],"picked":"SKIP","floor":48}],"player_experience":84831,"relics_obtained":[{"floor":6,"key":"Prayer Wheel"},{"floor":8,"key":"Tiny Chest"},{"floor":9,"key":"Happy Flower"},{"floor":10,"key":"Du-Vu Doll"},{"floor":13,"key":"Tingsha"},{"floor":19,"key":"Red Mask"},{"floor":23,"key":"Mercury Hourglass"},{"floor":25,"key":"Blood Vial"},{"floor":26,"key":"Frozen Egg 2"},{"floor":27,"key":"Lantern"},{"floor":40,"key":"Incense Burner"},{"floor":42,"key":"Darkstone Periapt"},{"floor":43,"key":"Paper Crane"},{"floor":47,"key":"Pear"}],"event_choices":[{"damage_healed":0,"gold_gain":0,"player_choice":"Success","damage_taken":12,"relics_obtained":["Strawberry"],"max_hp_gain":0,"max_hp_loss":0,"event_name":"Scrap Ooze","floor":2,"gold_loss":0},{"damage_healed":0,"gold_gain":0,"player_choice":"Donut","damage_taken":0,"max_hp_gain":5,"max_hp_loss":0,"event_name":"Big Fish","floor":11,"gold_loss":0},{"damage_healed":0,"gold_gain":0,"player_choice":"Fought Bandits","damage_taken":0,"max_hp_gain":0,"max_hp_loss":0,"event_name":"Masked Bandits","floor":19,"gold_loss":0},{"cards_removed":["Quick Slash"],"damage_healed":5,"gold_gain":0,"player_choice":"Offered Common","damage_taken":0,"max_hp_gain":0,"max_hp_loss":0,"event_name":"Bonfire Elementals","floor":20,"gold_loss":0},{"cards_removed":["Quick Slash"],"damage_healed":5,"gold_gain":0,"player_choice":"Offered Special","damage_taken":0,"max_hp_gain":0,"max_hp_loss":0,"event_name":"Bonfire Elementals","floor":20,"gold_loss":0},{"damage_healed":0,"gold_gain":0,"player_choice":"Copied","damage_taken":0,"max_hp_gain":0,"max_hp_loss":0,"event_name":"Duplicator","floor":37,"gold_loss":0,"cards_obtained":["Flash of Steel"]}],"is_beta":false,"boss_relics":[{"not_picked":["Cursed Key","Sozu"],"picked":"Empty Cage"},{"not_picked":["Eternal Feather","Astrolabe"],"picked":"WristBlade"}],"items_purged_floors":[],"is_endless":false,"potions_floor_spawned":[1,4,6,13,19,22,23,28,29,31,45,46,48],"ascension_level":0}