{"gold_per_floor":[109,109,125,125,140,140,175,175,198,198,218,65,65,65,65,158,158,181,27,27,27,40,84,99,99,99,112,151,26,47,65,65,65],"floor_reached":33,"playtime":3116,"items_purged":["Strike_R","Strike_R","Strike_R+1"],"score":653,"play_id":"8a5f9643-9dcb-4733-b1ba-c6b03a475280","local_time":"20190731185800","is_ascension_mode":true,"campfire_choices":[{"data":"Flex","floor":6.0,"key":"SMITH"},{"data":"Flex","floor":10.0,"key":"SMITH"},{"data":"Sword Boomerang","floor":15.0,"key":"SMITH"},{"data":"Flex","floor":25.0,"key":"SMITH"},{"floor":32.0,"key":"REST"}],"neow_cost":"NONE","seed_source_timestamp":0,"circlet_count":0,"master_deck":["AscendersBane","Strike_R+1","Defend_R","Defend_R","Defend_R","Defend_R","Bash","Flex+1","Flex+1","Twin Strike","Sword Boomerang+1","Heavy Blade+1","Flex+1","Whirlwind"],"special_seed":0,"relics":["Burning Blood","Meat on the Bone","Bronze Scales","Golden Idol","Bag of Marbles","Busted Crown","Red Skull","Bottled Lightning","Boot"],"potions_floor_usage":[33,33],"damage_taken":[{"damage":21.0,"enemies":"Jaw Worm","floor":1.0,"turns":5.0},{"damage":8.0,"enemies":"Small Slimes","floor":3.0,"turns":3.0},{"damage":0.0,"enemies":"2 Louse","floor":5.0,"turns":3.0},{"damage":35.0,"enemies":"Lagavulin","floor":7.0,"turns":5.0},{"damage":0.0,"enemies":"Looter","floor":11.0,"turns":1.0},{"damage":54.0,"enemies":"The Guardian","floor":16.0,"turns":8.0},{"damage":25.0,"enemies":"Spheric Guardian","floor":18.0,"turns":4.0},{"damage":6.0,"enemies":"2 Thieves","floor":22.0,"turns":2.0},{"damage":39.0,"enemies":"Book of Stabbing","floor":23.0,"turns":4.0},{"damage":29.0,"enemies":"Shelled Parasite and Fungi","floor":24.0,"turns":3.0},{"damage":0.0,"enemies":"3 Cultists","floor":27.0,"turns":2.0},{"damage":0.0,"enemies":"Slavers","floor":28.0,"turns":1.0},{"damage":24.0,"enemies":"Cultist and Chosen","floor":30.0,"turns":4.0},{"damage":25.0,"enemies":"Centurion and Healer","floor":31.0,"turns":3.0},{"damage":53,"enemies":"Champ","floor":33,"turns":6}],"seed_played":"-1043652583228927980","potions_obtained":[{"floor":1.0,"key":"GamblersBrew"},{"floor":3.0,"key":"SteroidPotion"},{"floor":23.0,"key":"Block Potion"},{"floor":27.0,"key":"Swift Potion"},{"floor":30.0,"key":"SpeedPotion"},{"floor":31.0,"key":"LiquidBronze"}],"is_trial":false,"path_per_floor":["M","?","M","T","M","R","E","?","T","R","M","$","?","?","R","B",null,"M","$","?","?","M","E","M","R","T","M","E","$","M","M","R","B"],"character_chosen":"IRONCLAD","items_purchased":["Sword Boomerang","Heavy Blade","Flex"],"campfire_rested":1,"item_purchase_floors":[12,12,19],"current_hp_per_floor":[53,30,28,28,46,46,29,29,29,29,47,47,68,68,68,32,59,52,52,52,52,52,31,20,20,20,38,44,44,38,31,51,0],"gold":65,"neow_bonus":"THREE_CARDS","is_prod":false,"is_daily":false,"chose_seed":false,"campfire_upgraded":4,"win_rate":0,"timestamp":1564624680,"path_taken":["M","?","M","?","?","R","E","?","T","R","M","$","?","?","R","BOSS","M","$","?","?","M","E","M","R","T","M","E","$","?","M","R","BOSS"],"build_version":"2019-07-17","purchased_purges":3,"victory":false,"max_hp_per_floor":[75,75,75,75,75,75,75,68,68,68,68,68,68,68,68,68,68,68,68,68,68,68,68,68,68,68,68,68,68,68,68,68,68],"card_choices":[{"not_picked":["Shrug It Off","Hemokinesis"],"picked":"Flex","floor":0.0},{"not_picked":["Sever Soul","Perfected Strike","Burning Pact"],"picked":"SKIP","floor":1.0},{"not_picked":["True Grit","Fire Breathing","Clothesline"],"picked":"SKIP","floor":3.0},{"not_picked":["Body Slam","Evolve","Combust"],"picked":"SKIP","floor":5.0},{"not_picked":["Exhume","Flame Barrier"],"picked":"Flex","floor":7.0},{"not_picked":["Corruption","Thunderclap"],"picked":"Twin Strike","floor":11.0},{"not_picked":["Pommel Strike"],"picked":"SKIP","floor":18.0},{"not_picked":["Iron Wave"],"picked":"SKIP","floor":22.0},{"not_picked":[],"picked":"Whirlwind","floor":23.0},{"not_picked":["Iron Wave"],"picked":"SKIP","floor":24.0},{"not_picked":["Sever Soul"],"picked":"SKIP","floor":27.0},{"not_picked":["Twin Strike"],"picked":"SKIP","floor":28.0},{"not_picked":["Heavy Blade"],"picked":"SKIP","floor":30.0},{"not_picked":["Anger"],"picked":"SKIP","floor":31.0}],"player_experience":483317,"relics_obtained":[{"floor":4.0,"key":"Meat on the Bone"},{"floor":7.0,"key":"Bronze Scales"},{"floor":9.0,"key":"Bag of Marbles"},{"floor":23.0,"key":"Red Skull"},{"floor":26.0,"key":"Bottled Lightning"},{"floor":28.0,"key":"Boot"}],"event_choices":[{"damage_healed":0.0,"max_hp_gain":0.0,"max_hp_loss":0.0,"gold_gain":0.0,"event_name":"Shining Light","player_choice":"Entered Light","floor":2.0,"gold_loss":0.0,"damage_taken":23.0,"cards_upgraded":["Strike_R","Strike_R"]},{"damage_healed":0.0,"max_hp_gain":0.0,"max_hp_loss":7.0,"gold_gain":0.0,"event_name":"Golden Idol","player_choice":"Lose Max HP","floor":8.0,"gold_loss":0.0,"damage_taken":0.0,"relics_obtained":["Golden Idol"]},{"damage_healed":22.0,"max_hp_gain":0.0,"max_hp_loss":0.0,"gold_gain":0.0,"event_name":"Big Fish","player_choice":"Banana","floor":13.0,"gold_loss":0.0,"damage_taken":0.0},{"damage_healed":0.0,"max_hp_gain":0.0,"max_hp_loss":0.0,"gold_gain":0.0,"event_name":"Living Wall","player_choice":"Grow","floor":14.0,"gold_loss":0.0,"damage_taken":0.0,"cards_upgraded":["Heavy Blade"]},{"damage_healed":0.0,"max_hp_gain":0.0,"max_hp_loss":0.0,"gold_gain":0.0,"event_name":"Vampires","player_choice":"Ignored","floor":20.0,"gold_loss":0.0,"damage_taken":0.0},{"cards_removed":["Strike_R"],"damage_healed":0.0,"max_hp_gain":0.0,"max_hp_loss":0.0,"gold_gain":0.0,"event_name":"Wheel of Change","player_choice":"Card Removal","floor":21.0,"gold_loss":0.0,"damage_taken":0.0}],"is_beta":false,"boss_relics":[{"not_picked":["Mark of Pain","Eternal Feather"],"picked":"Busted Crown"}],"items_purged_floors":[12,19,29],"is_endless":false,"potions_floor_spawned":[1,3,23,27,30,31],"killed_by":"Champ","ascension_level":19}