{"gold_per_floor":[113,113,38,51,51,51,151,163,163,182,182,216,233,233,233,334,334,353,353,353,253,253,253,263,263,289,301,176,91,91,104,104,208,208,223,73,91,110,110,110,123,138,138,153,126,126,142,168,168,168],"floor_reached":51,"playtime":2183,"items_purged":["Strike_R","Strike_R","Defend_R","Defend_R"],"score":796,"play_id":"01cceeb5-b039-49c8-8205-10163d349540","local_time":"20190211162649","is_ascension_mode":true,"campfire_choices":[{"data":"Inflame","floor":6,"key":"SMITH"},{"data":"Anger","floor":11,"key":"SMITH"},{"floor":15,"key":"REST"},{"data":"Double Tap","floor":23,"key":"SMITH"},{"data":"Bash","floor":25,"key":"SMITH"},{"floor":32,"key":"REST"},{"data":"Dual Wield","floor":40,"key":"SMITH"},{"floor":49,"key":"REST"}],"neow_cost":"NONE","seed_source_timestamp":198310971686700,"circlet_count":0,"master_deck":["Bash+1","Anger+1","Inflame+1","Battle Trance","Dual Wield+1","Double Tap+1","Cleave","Necronomicurse","Battle Trance","Offering","Dropkick","Thunderclap+1","Rage+1","Fiend Fire","Whirlwind+1","Rage+1","Body Slam+1","Flex+1"],"relics":["Burning Blood","Art of War","Gremlin Horn","Question Card","Lizard Tail","Necronomicon","Orichalcum","Toxic Egg 2","Sozu","Regal Pillow","Sundial","Boot"],"potions_floor_usage":[16,16,16,33,33],"damage_taken":[{"damage":0,"enemies":"2 Louse","floor":1,"turns":3},{"damage":1,"enemies":"Cultist","floor":4,"turns":3},{"damage":12,"enemies":"Jaw Worm","floor":8,"turns":3},{"damage":0,"enemies":"Large Slime","floor":10,"turns":3},{"damage":35,"enemies":"3 Sentries","floor":12,"turns":5},{"damage":4,"enemies":"2 Fungi Beasts","floor":13,"turns":3},{"damage":60,"enemies":"Hexaghost","floor":16,"turns":5},{"damage":22,"enemies":"Spheric Guardian","floor":18,"turns":4},{"damage":12,"enemies":"Chosen","floor":24,"turns":3},{"damage":18,"enemies":"Snake Plant","floor":27,"turns":3},{"damage":0,"enemies":"Snecko","floor":31,"turns":2},{"damage":21,"enemies":"Collector","floor":33,"turns":5},{"damage":20,"enemies":"3 Darklings","floor":35,"turns":3},{"damage":0,"enemies":"3 Shapes","floor":37,"turns":1},{"damage":18,"enemies":"Spire Growth","floor":38,"turns":3},{"damage":6,"enemies":"Transient","floor":41,"turns":5},{"damage":66,"enemies":"4 Shapes","floor":42,"turns":2},{"damage":12,"enemies":"Spire Growth","floor":44,"turns":3},{"damage":0,"enemies":"3 Darklings","floor":47,"turns":2},{"damage":11,"enemies":"Awakened One","floor":50,"turns":4}],"seed_played":"2252389735205591166","potions_obtained":[{"floor":1,"key":"SkillPotion"},{"floor":8,"key":"Poison Potion"},{"floor":12,"key":"SkillPotion"},{"floor":27,"key":"Energy Potion"},{"floor":31,"key":"Block Potion"}],"is_trial":false,"path_per_floor":["M","?","$","M","$","R","?","M","T","M","R","E","M","T","R","B",null,"M","?","?","$","?","R","M","R","T","M","$","?","?","M","R","B",null,"M","$","M","M","?","R","M","M","T","M","$","T","M","T","R","B",null],"character_chosen":"IRONCLAD","items_purchased":["Flex+1"],"campfire_rested":3,"item_purchase_floors":[45],"current_hp_per_floor":[80,80,80,80,80,80,80,74,74,80,80,51,53,53,77,23,80,64,64,48,48,48,48,42,42,42,30,30,30,30,36,60,45,80,66,66,72,60,60,60,60,42,42,36,36,36,42,42,80,75],"gold":168,"neow_bonus":"TRANSFORM_CARD","is_prod":false,"is_daily":false,"chose_seed":false,"campfire_upgraded":5,"win_rate":0,"timestamp":1549931209,"path_taken":["M","?","$","M","$","R","?","M","T","?","R","E","M","?","R","BOSS","M","?","?","$","?","R","M","R","T","M","$","?","?","M","R","BOSS","M","$","M","?","?","R","M","M","T","M","$","?","M","?","R","BOSS"],"build_version":"2019-01-23","purchased_purges":4,"victory":true,"max_hp_per_floor":[80,80,80,80,80,80,80,80,80,80,80,80,80,80,80,80,80,80,80,80,80,80,80,80,80,80,80,80,80,80,80,80,80,80,80,80,80,80,80,80,80,80,80,80,80,80,80,80,80,80],"card_choices":[{"not_picked":["Ghostly Armor","Clothesline"],"picked":"Inflame","floor":1},{"not_picked":["Body Slam","Shrug It Off","Armaments"],"picked":"SKIP","floor":4},{"not_picked":["Bloodletting","Second Wind"],"picked":"Battle Trance","floor":8},{"not_picked":["Infernal Blade","Evolve","Shockwave"],"picked":"SKIP","floor":10},{"not_picked":["Sword Boomerang","Headbutt","Anger"],"picked":"SKIP","floor":12},{"not_picked":["Twin Strike","Rampage"],"picked":"Dual Wield","floor":13},{"not_picked":["Brutality","Bludgeon","Offering"],"picked":"Double Tap","floor":16},{"not_picked":["Reckless Charge","Seeing Red","Evolve"],"picked":"Cleave","floor":18},{"not_picked":["Wild Strike+1","Spot Weakness","Evolve"],"picked":"Dropkick","floor":24},{"not_picked":["Heavy Blade","Shrug It Off","Double Tap"],"picked":"Thunderclap","floor":27},{"not_picked":["Evolve+1","Sword Boomerang+1","Twin Strike+1"],"picked":"Rage+1","floor":31},{"not_picked":["Offering+1","Dark Embrace","Brutality"],"picked":"Fiend Fire","floor":33},{"not_picked":["Clothesline","Clash","Hemokinesis","Corruption+1"],"picked":"SKIP","floor":35},{"not_picked":["Carnage","Sever Soul+1","Havoc+1","Anger+1"],"picked":"SKIP","floor":37},{"not_picked":["Rampage","Havoc+1","Feed"],"picked":"Whirlwind+1","floor":38},{"not_picked":["Flex+1","True Grit+1","Anger+1"],"picked":"Body Slam+1","floor":41},{"not_picked":["True Grit+1","Thunderclap+1","Perfected Strike+1","Clothesline"],"picked":"SKIP","floor":42},{"not_picked":["Havoc+1","Metallicize","Fire Breathing","Shrug It Off+1"],"picked":"SKIP","floor":44},{"not_picked":["Sever Soul+1","Thunderclap","Uppercut","Searing Blow"],"picked":"SKIP","floor":47}],"player_experience":144775,"relics_obtained":[{"floor":9,"key":"Art of War"},{"floor":12,"key":"Gremlin Horn"},{"floor":14,"key":"Question Card"},{"floor":20,"key":"Necronomicon"},{"floor":26,"key":"Orichalcum"},{"floor":43,"key":"Regal Pillow"},{"floor":46,"key":"Sundial"},{"floor":48,"key":"Boot"}],"event_choices":[{"cards_removed":["Strike_R"],"damage_healed":0,"gold_gain":0,"player_choice":"Forget","damage_taken":0,"max_hp_gain":0,"max_hp_loss":0,"event_name":"Living Wall","floor":2,"gold_loss":0},{"damage_healed":0,"gold_gain":100,"player_choice":"Pray","damage_taken":0,"max_hp_gain":0,"max_hp_loss":0,"event_name":"Golden Shrine","floor":7,"gold_loss":0},{"cards_removed":["Strike_R"],"damage_healed":0,"gold_gain":0,"player_choice":"Elegance","damage_taken":0,"max_hp_gain":0,"max_hp_loss":0,"event_name":"Back to Basics","floor":19,"gold_loss":0},{"damage_healed":0,"gold_gain":0,"player_choice":"Obtained Book","damage_taken":16,"max_hp_gain":0,"max_hp_loss":0,"event_name":"Cursed Tome","floor":20,"gold_loss":0},{"damage_healed":0,"gold_gain":0,"cards_transformed":["Defend_R","Defend_R"],"player_choice":"Became Test Subject","damage_taken":0,"max_hp_gain":0,"max_hp_loss":0,"event_name":"Drug Dealer","floor":22,"gold_loss":0,"cards_obtained":["Battle Trance","Offering"]},{"damage_healed":0,"gold_gain":0,"player_choice":"Obtained Relic","damage_taken":0,"relics_obtained":["Toxic Egg 2"],"max_hp_gain":0,"max_hp_loss":0,"event_name":"Addict","floor":29,"gold_loss":85},{"damage_healed":0,"gold_gain":0,"player_choice":"Forge","damage_taken":0,"max_hp_gain":0,"max_hp_loss":0,"event_name":"Accursed Blacksmith","floor":30,"gold_loss":0,"cards_upgraded":["Thunderclap"]},{"damage_healed":0,"gold_gain":0,"player_choice":"Copied","damage_taken":0,"max_hp_gain":0,"max_hp_loss":0,"event_name":"Duplicator","floor":39,"gold_loss":0,"cards_obtained":["Rage"]}],"is_beta":false,"boss_relics":[{"not_picked":["Eternal Feather","Orrery"],"picked":"Lizard Tail"},{"not_picked":["Empty Cage","Runic Pyramid"],"picked":"Sozu"}],"items_purged_floors":[3,21,28,36],"is_endless":false,"potions_floor_spawned":[1,8,12,13,27,31,37,41,42,47],"ascension_level":4}