{"gold_per_floor":[115,127,107,107,127,127,137,154,154,166,176,196,196,32,32,130,130,145,145,145,161,161,172,28,28,75,95,95,110,120,136,136,233,233,246,16,30,0,13,13,28,28,55,55,33,33,51,51,51,51],"floor_reached":50,"playtime":3903,"items_purged":["Strike_R"],"score":442,"play_id":"b3c18f7a-63bb-48d6-8844-4981612399eb","local_time":"20180718165430","is_ascension_mode":false,"campfire_choices":[{"data":"Fire Breathing","floor":6,"key":"SMITH"},{"data":"Armaments","floor":13,"key":"SMITH"},{"data":"Spot Weakness","floor":15,"key":"SMITH"},{"floor":25,"key":"REST"},{"floor":28,"key":"REST"},{"floor":32,"key":"REST"},{"floor":40,"key":"REST"},{"floor":42,"key":"REST"},{"data":"Barricade","floor":44,"key":"SMITH"},{"data":"Double Tap","floor":46,"key":"SMITH"},{"floor":49,"key":"REST"}],"neow_cost":"NONE","seed_source_timestamp":671058414132328,"circlet_count":0,"master_deck":["Strike_R","Strike_R","Strike_R","Defend_R","Defend_R","Defend_R","Defend_R","Bash","Thunderclap","Iron Wave","Fire Breathing+1","Cleave","Infernal Blade","Clothesline","Demon Form","Seeing Red","Armaments+1","Spot Weakness+1","Dramatic Entrance","Barricade+1","Clash","Warcry+1","Whirlwind","Metallicize","Immolate","Rage+1","Double Tap+1","Shrug It Off","Enlightenment","Heavy Blade","Whirlwind","Warcry"],"relics":["Burning Blood","Champion Belt","Question Card","Velvet Choker","Kunai","Lantern","Busted Crown","Red Mask","Anchor"],"potions_floor_usage":[12,18,20,39,39,50,50,50],"damage_taken":[{"damage":0,"enemies":"Small Slimes","floor":1,"turns":3},{"damage":5,"enemies":"Cultist","floor":2,"turns":4},{"damage":1,"enemies":"2 Louse","floor":5,"turns":3},{"damage":8,"enemies":"Blue Slaver","floor":7,"turns":4},{"damage":8,"enemies":"Red Slaver","floor":8,"turns":3},{"damage":0,"enemies":"Exordium Wildlife","floor":10,"turns":2},{"damage":5,"enemies":"Looter","floor":11,"turns":3},{"damage":7,"enemies":"Exordium Thugs","floor":12,"turns":4},{"damage":55,"enemies":"The Guardian","floor":16,"turns":13},{"damage":38,"enemies":"Spheric Guardian","floor":18,"turns":6},{"damage":0,"enemies":"2 Thieves","floor":20,"turns":1},{"damage":22,"enemies":"Chosen and Byrds","floor":21,"turns":6},{"damage":11,"enemies":"Snecko","floor":23,"turns":5},{"damage":2,"enemies":"Cultist and Chosen","floor":27,"turns":4},{"damage":20,"enemies":"3 Cultists","floor":29,"turns":5},{"damage":20,"enemies":"Snake Plant","floor":30,"turns":4},{"damage":4,"enemies":"Chosen and Byrds","floor":31,"turns":8},{"damage":20,"enemies":"Champ","floor":33,"turns":10},{"damage":0,"enemies":"3 Shapes","floor":35,"turns":2},{"damage":24,"enemies":"Flame Bruiser 1 Orb","floor":37,"turns":7},{"damage":33,"enemies":"Sphere and 2 Shapes","floor":39,"turns":5},{"damage":11,"enemies":"4 Shapes","floor":41,"turns":5},{"damage":20,"enemies":"3 Darklings","floor":47,"turns":5},{"damage":81,"enemies":"Donu and Deca","floor":50,"turns":9}],"seed_played":"1289178717439298104","potions_obtained":[{"floor":3,"key":"AttackPotion"},{"floor":7,"key":"SmokeBomb"},{"floor":8,"key":"FearPotion"},{"floor":12,"key":"Fire Potion"},{"floor":18,"key":"PowerPotion"},{"floor":27,"key":"GamblersBrew"},{"floor":30,"key":"Fire Potion"},{"floor":39,"key":"Block Potion"},{"floor":47,"key":"Weak Potion"}],"is_trial":false,"path_per_floor":["M","M","?","?","M","R","M","M","T","M","M","M","R","$","R","B",null,"M","?","M","M","?","M","$","R","T","M","R","M","M","M","R","B",null,"M","$","M","?","M","R","M","R","T","R","$","R","M","?","R"],"character_chosen":"IRONCLAD","items_purchased":["Spot Weakness","Dramatic Entrance","Whirlwind","Enlightenment","Heavy Blade","Warcry"],"campfire_rested":6,"item_purchase_floors":[14,14,24,36,36,45],"current_hp_per_floor":[80,80,80,73,78,78,76,74,74,80,80,79,79,79,79,31,80,48,48,54,38,38,33,33,57,57,62,80,66,52,54,78,64,80,80,80,62,62,35,59,54,78,78,78,78,78,64,64,80,0],"gold":51,"neow_bonus":"TRANSFORM_CARD","is_prod":false,"is_daily":false,"chose_seed":false,"campfire_upgraded":5,"win_rate":0,"timestamp":1531929270,"path_taken":["M","M","?","?","?","R","M","M","T","M","M","M","R","$","R","BOSS","M","?","M","M","?","M","$","R","T","M","R","M","M","M","R","BOSS","M","$","M","?","?","R","M","R","T","R","$","R","M","?","R","BOSS"],"build_version":"2018-07-12","purchased_purges":1,"victory":false,"max_hp_per_floor":[80,80,80,80,80,80,80,80,80,80,80,80,80,80,80,80,80,80,80,80,80,80,80,80,80,80,80,80,80,80,80,80,80,80,80,80,80,80,80,80,80,80,80,80,80,80,80,80,80,80],"card_choices":[{"not_picked":["Headbutt","Intimidate"],"picked":"Iron Wave","floor":1},{"not_picked":["Twin Strike","Sentinel"],"picked":"Fire Breathing","floor":2},{"not_picked":["Clothesline","Sword Boomerang"],"picked":"Cleave","floor":5},{"not_picked":["Perfected Strike","Combust"],"picked":"Infernal Blade","floor":7},{"not_picked":["Corruption","Reckless Charge"],"picked":"Clothesline","floor":8},{"not_picked":["Iron Wave","Clash","Flex"],"picked":"Demon Form","floor":10},{"not_picked":["Wild Strike","Clothesline","Intimidate"],"picked":"Seeing Red","floor":11},{"not_picked":["Flex","Twin Strike","Thunderclap"],"picked":"Armaments","floor":12},{"not_picked":["Juggernaut","Impervious","Fiend Fire"],"picked":"Barricade","floor":16},{"not_picked":["Headbutt","Searing Blow","Iron Wave"],"picked":"Clash","floor":18},{"not_picked":["Hemokinesis+1","Sword Boomerang","Havoc","Entrench"],"picked":"SKIP","floor":21},{"not_picked":["Thunderclap+1","Twin Strike","Iron Wave"],"picked":"Warcry+1","floor":23},{"not_picked":["Entrench","Warcry","Clash"],"picked":"Metallicize","floor":27},{"not_picked":["Twin Strike","Reckless Charge","Sword Boomerang+1"],"picked":"Immolate","floor":29},{"not_picked":["Pommel Strike","Headbutt+1","Thunderclap","True Grit"],"picked":"SKIP","floor":30},{"not_picked":["Headbutt+1","Cleave","Seeing Red"],"picked":"Rage+1","floor":31},{"not_picked":["Berserk","Feed","Fiend Fire"],"picked":"Double Tap","floor":33},{"not_picked":["Clothesline+1"],"picked":"Shrug It Off","floor":35},{"not_picked":["Searing Blow"],"picked":"Whirlwind","floor":37},{"not_picked":["Whirlwind+1","Bloodletting+1"],"picked":"SKIP","floor":39},{"not_picked":["Iron Wave","Burning Pact"],"picked":"SKIP","floor":41},{"not_picked":["Dropkick","Armaments+1"],"picked":"SKIP","floor":47}],"player_experience":392083,"relics_obtained":[{"floor":9,"key":"Question Card"},{"floor":26,"key":"Lantern"},{"floor":43,"key":"Anchor"}],"event_choices":[{"event_name":"The Woman in Blue","player_choice":"Bought 1 Potion","floor":3,"damage_taken":0},{"event_name":"Scrap Ooze","player_choice":"success","floor":4,"damage_taken":7},{"event_name":"The Mausoleum","player_choice":"Yes","floor":19,"damage_taken":0},{"event_name":"Back to Basics","player_choice":"Elegance","floor":22,"damage_taken":0},{"event_name":"Tomb of Lord Red Mask","player_choice":"Paid","floor":38,"damage_taken":0},{"event_name":"Mysterious Sphere","player_choice":"Ignore","floor":48,"damage_taken":0}],"boss_relics":[{"not_picked":["Black Star","White Beast Statue"],"picked":"Velvet Choker"},{"not_picked":["Fusion Hammer","Eternal Feather"],"picked":"Busted Crown"}],"items_purged_floors":[24],"is_endless":false,"potions_floor_spawned":[7,8,11,12,18,27,30,31,39,47],"killed_by":"Donu and Deca","ascension_level":0}