{"gold_per_floor":[117,117,82,257,182,182,36,36,85,99,118,118,92,125,125,251,251,276,191,4,28,52,52,66,104,129,129,129,129,129,144,144,265,265,283,207,221,221,246,246,21,46,123,456,456],"floor_reached":45,"playtime":1574,"items_purged":["Doubt"],"score":738,"play_id":"ba65e266-392d-4b2c-a528-1c4c372ac2bd","local_time":"20190607070905","is_ascension_mode":true,"campfire_choices":[{"data":"Deadly Poison","floor":6.0,"key":"SMITH"},{"data":"Crippling Poison","floor":8.0,"key":"SMITH"},{"floor":15.0,"key":"REST"},{"floor":23.0,"key":"REST"},{"data":"Caltrops","floor":27.0,"key":"SMITH"},{"floor":32.0,"key":"REST"},{"floor":40,"key":"REST"}],"neow_cost":"NONE","seed_source_timestamp":0,"circlet_count":0,"master_deck":["Defend_G","Defend_G","Defend_G","Defend_G","Defend_G","Strike_G","Strike_G","Strike_G","Strike_G","Strike_G","Survivor","Neutralize","Deadly Poison+1","Injury","Crippling Poison+1","Caltrops+1","Deadly Poison","Dash","Die Die Die","Dagger Spray+1","Leg Sweep","Parasite","Writhe","Corpse Explosion","Caltrops","Decay","Leg Sweep","Normality"],"special_seed":0,"relics":["Snecko Eye","Vajra","Bottled Tornado","Cursed Key","Oddly Smooth Stone","Regal Pillow","Pen Nib","Boot","Du-Vu Doll","Busted Crown","Lantern","Strawberry","Toxic Egg 2"],"potions_floor_usage":[45,45],"damage_taken":[{"damage":3.0,"enemies":"Jaw Worm","floor":1.0,"turns":4.0},{"damage":0.0,"enemies":"Small Slimes","floor":10.0,"turns":3.0},{"damage":1.0,"enemies":"2 Louse","floor":11.0,"turns":2.0},{"damage":36.0,"enemies":"3 Sentries","floor":14.0,"turns":7.0},{"damage":41.0,"enemies":"Slime Boss","floor":16.0,"turns":10.0},{"damage":0.0,"enemies":"3 Byrds","floor":18.0,"turns":2.0},{"damage":18.0,"enemies":"2 Thieves","floor":21.0,"turns":3.0},{"damage":0.0,"enemies":"Snake Plant","floor":22.0,"turns":3.0},{"damage":7.0,"enemies":"Centurion and Healer","floor":24.0,"turns":7.0},{"damage":0.0,"enemies":"Gremlin Leader","floor":25.0,"turns":4.0},{"damage":13.0,"enemies":"Cultist and Chosen","floor":31.0,"turns":4.0},{"damage":50.0,"enemies":"Automaton","floor":33.0,"turns":10.0},{"damage":11,"enemies":"3 Shapes","floor":35,"turns":2},{"damage":4,"enemies":"Orb Walker","floor":37,"turns":3},{"damage":38,"enemies":"Transient","floor":39,"turns":5},{"damage":18,"enemies":"3 Darklings","floor":42,"turns":4},{"damage":35,"enemies":"Spire Growth","floor":45,"turns":4}],"seed_played":"-7603933924064371946","potions_obtained":[{"floor":11.0,"key":"SkillPotion"},{"floor":14.0,"key":"GamblersBrew"},{"floor":18.0,"key":"Block Potion"},{"floor":21.0,"key":"PowerPotion"},{"floor":24.0,"key":"LiquidBronze"},{"floor":37,"key":"Dexterity Potion"},{"floor":42,"key":"Energy Potion"}],"is_trial":false,"path_per_floor":["M","?","?","?","$","R","$","R","T","M","M","?","$","E","R","B",null,"M","?","$","M","M","R","M","E","T","R","?","$","?","M","R","B",null,"M","$","M","T","M","R","$","M","T","?","M"],"character_chosen":"THE_SILENT","items_purchased":["Crippling Poison","Caltrops","Deadly Poison","Leg Sweep","Regal Pillow","Caltrops","Strawberry","Leg Sweep"],"campfire_rested":4,"item_purchase_floors":[7,7,13,20,20,36,41,41],"current_hp_per_floor":[60,60,70,70,70,70,70,70,70,70,69,69,69,33,54,13,56,56,56,56,38,38,70,63,63,63,63,63,63,63,50,70,20,58,47,47,43,43,5,41,48,30,30,30,0],"gold":456,"neow_bonus":"BOSS_RELIC","is_prod":false,"is_daily":false,"chose_seed":false,"campfire_upgraded":3,"win_rate":0,"timestamp":1559905745,"path_taken":["M","?","?","?","$","R","?","R","T","M","M","?","$","E","R","BOSS","M","?","$","M","M","R","M","E","T","R","?","$","?","?","R","BOSS","M","$","?","?","M","R","$","M","T","?","M"],"build_version":"2019-01-23","purchased_purges":1,"victory":false,"max_hp_per_floor":[70,70,70,70,70,70,70,70,70,70,70,70,70,70,70,70,70,70,70,70,70,70,70,70,70,70,70,70,70,70,70,70,70,70,70,70,70,70,70,70,77,77,77,77,77],"card_choices":[{"not_picked":["Catalyst","Terror"],"picked":"Deadly Poison","floor":1.0},{"not_picked":["Outmaneuver","Quick Slash","Doppelganger"],"picked":"SKIP","floor":10.0},{"not_picked":["Quick Slash","Eviscerate","Outmaneuver"],"picked":"SKIP","floor":11.0},{"not_picked":["Endless Agony","Predator"],"picked":"Dash","floor":14.0},{"not_picked":["Doppelganger","Adrenaline"],"picked":"Die Die Die","floor":16.0},{"not_picked":["Prepared","Endless Agony"],"picked":"Dagger Spray+1","floor":18.0},{"not_picked":["Outmaneuver","Flying Knee","Distraction"],"picked":"SKIP","floor":21.0},{"not_picked":["Dagger Throw+1","Slice","PiercingWail+1"],"picked":"SKIP","floor":22.0},{"not_picked":["Dodge and Roll+1","PiercingWail","Adrenaline"],"picked":"SKIP","floor":24.0},{"not_picked":["Cloak And Dagger","Backstab","Sucker Punch"],"picked":"SKIP","floor":25.0},{"not_picked":["Deflect","Dagger Spray","Quick Slash"],"picked":"SKIP","floor":31.0},{"not_picked":["Malaise","A Thousand Cuts"],"picked":"Corpse Explosion","floor":33.0},{"not_picked":["Dagger Spray+1"],"picked":"SKIP","floor":35},{"not_picked":["Slice+1"],"picked":"SKIP","floor":37},{"not_picked":["Outmaneuver+1"],"picked":"SKIP","floor":39},{"not_picked":["Heel Hook"],"picked":"SKIP","floor":42}],"player_experience":398166,"relics_obtained":[{"floor":9.0,"key":"Vajra"},{"floor":14.0,"key":"Bottled Tornado"},{"floor":25.0,"key":"Pen Nib"},{"floor":26.0,"key":"Boot"},{"floor":38,"key":"Lantern"},{"floor":43,"key":"Toxic Egg 2"}],"event_choices":[{"damage_healed":0.0,"max_hp_gain":0.0,"max_hp_loss":0.0,"gold_gain":0.0,"event_name":"Golden Idol","player_choice":"Take Wound","floor":2.0,"gold_loss":0.0,"damage_taken":0.0,"relics_obtained":["Golden Idol"],"cards_obtained":["Injury"]},{"damage_healed":17.0,"max_hp_gain":0.0,"max_hp_loss":0.0,"gold_gain":0.0,"event_name":"The Cleric","player_choice":"Healed","floor":3.0,"gold_loss":35.0,"damage_taken":0.0},{"damage_healed":0.0,"max_hp_gain":0.0,"max_hp_loss":0.0,"gold_gain":175.0,"event_name":"Liars Game","player_choice":"AGREE","floor":4.0,"gold_loss":0.0,"damage_taken":0.0,"cards_obtained":["Doubt"]},{"damage_healed":0.0,"max_hp_gain":0.0,"max_hp_loss":0.0,"gold_gain":0.0,"event_name":"Scrap Ooze","player_choice":"Fled","floor":12.0,"gold_loss":0.0,"damage_taken":0.0},{"damage_healed":0.0,"max_hp_gain":0.0,"max_hp_loss":0.0,"gold_gain":0.0,"event_name":"Addict","player_choice":"Obtained Relic","floor":19.0,"gold_loss":85.0,"damage_taken":0.0,"relics_obtained":["Oddly Smooth Stone"]},{"damage_healed":0.0,"max_hp_gain":0.0,"max_hp_loss":0.0,"gold_gain":0.0,"event_name":"Ghosts","player_choice":"Ignored","floor":28.0,"gold_loss":0.0,"damage_taken":0.0},{"damage_healed":0.0,"max_hp_gain":0.0,"max_hp_loss":0.0,"gold_gain":0.0,"event_name":"The Mausoleum","player_choice":"Opened","floor":30.0,"gold_loss":0.0,"damage_taken":0.0,"relics_obtained":["Du-Vu Doll"],"cards_obtained":["Writhe"]},{"damage_healed":0,"gold_gain":333,"player_choice":"Gave Idol","damage_taken":0,"max_hp_gain":0,"max_hp_loss":0,"event_name":"The Moai Head","floor":44,"relics_lost":["Golden Idol"],"gold_loss":0}],"is_beta":false,"boss_relics":[{"not_picked":["Runic Dome","Fusion Hammer"],"picked":"Cursed Key"},{"not_picked":["Calling Bell","Astrolabe"],"picked":"Busted Crown"}],"items_purged_floors":[5],"is_endless":false,"potions_floor_spawned":[11,14,18,21,24,37,42],"killed_by":"Spire Growth","ascension_level":7}