{"gold_per_floor":[109,122,133,41,11,46,46,59,59,24,37,50,62,27,27,132,132,150,150,166,166],"floor_reached":21,"playtime":2027,"items_purged":[],"score":265,"play_id":"a820ae5d-ca9a-49a3-90b1-3b0b89f9e4af","local_time":"20181109191152","is_ascension_mode":true,"campfire_choices":[{"floor":7,"key":"REST"},{"floor":15,"key":"REST"}],"neow_cost":"NONE","seed_source_timestamp":1819947777505357,"circlet_count":0,"master_deck":["Defend_G","Defend_G","Defend_G","Defend_G","Defend_G","Strike_G","Strike_G","Strike_G","Strike_G","Strike_G","Survivor","Neutralize","Adrenaline","PiercingWail","Calculated Gamble","Dagger Spray","Footwork","Cloak And Dagger","All Out Attack","Malaise","Blade Dance","Deflect","Leg Sweep","Noxious Fumes","Skewer","Die Die Die","Masterful Stab","Prepared"],"relics":["Ring of the Snake","Meat on the Bone","Bottled Lightning","Black Star"],"potions_floor_usage":[6,12,16],"damage_taken":[{"damage":0,"enemies":"2 Louse","floor":1,"turns":4},{"damage":4,"enemies":"Jaw Worm","floor":2,"turns":7},{"damage":1,"enemies":"Cultist","floor":3,"turns":5},{"damage":1,"enemies":"Looter","floor":5,"turns":4},{"damage":24,"enemies":"Lagavulin","floor":6,"turns":11},{"damage":16,"enemies":"Exordium Thugs","floor":8,"turns":7},{"damage":5,"enemies":"2 Fungi Beasts","floor":11,"turns":3},{"damage":9,"enemies":"Gremlin Gang","floor":12,"turns":4},{"damage":0,"enemies":"Blue Slaver","floor":13,"turns":6},{"damage":23,"enemies":"Hexaghost","floor":16,"turns":13},{"damage":33,"enemies":"Shell Parasite","floor":18,"turns":10},{"damage":23,"enemies":"Chosen","floor":20,"turns":10},{"damage":0,"enemies":"Centurion and Healer","floor":21,"turns":1}],"seed_played":"-5849999256361735231","potions_obtained":[{"floor":1,"key":"SkillPotion"},{"floor":6,"key":"AttackPotion"},{"floor":11,"key":"FearPotion"},{"floor":12,"key":"GamblersBrew"},{"floor":16,"key":"Weak Potion"},{"floor":18,"key":"Fire Potion"}],"is_trial":false,"path_per_floor":["M","M","M","$","M","E","R","M","T","?","M","M","M","$","R","B",null,"M","?","M","M"],"character_chosen":"THE_SILENT","items_purchased":["Footwork","Cloak And Dagger","Skewer"],"campfire_rested":2,"item_purchase_floors":[4,4,14],"current_hp_per_floor":[63,59,58,58,57,33,54,38,38,55,50,41,41,41,62,39,62,41,34,23,23],"gold":166,"neow_bonus":"ONE_RANDOM_RARE_CARD","is_prod":false,"is_daily":false,"chose_seed":false,"campfire_upgraded":0,"win_rate":0,"timestamp":1541790712,"path_taken":["M","M","M","$","M","E","R","M","T","?","M","M","M","$","R","BOSS","M","?","?","M"],"build_version":"2018-11-08","purchased_purges":0,"victory":false,"max_hp_per_floor":[70,70,70,70,70,70,70,70,70,70,70,70,70,70,70,70,70,70,70,70,70],"card_choices":[{"not_picked":["Concentrate","Outmaneuver"],"picked":"PiercingWail","floor":1},{"not_picked":["Infinite Blades","Tactician"],"picked":"Calculated Gamble","floor":2},{"not_picked":["Bane","Endless Agony"],"picked":"Dagger Spray","floor":3},{"not_picked":["Setup","Sucker Punch"],"picked":"All Out Attack","floor":5},{"not_picked":["Poisoned Stab","Caltrops"],"picked":"Malaise","floor":6},{"not_picked":["Choke","Outmaneuver"],"picked":"Blade Dance","floor":8},{"not_picked":["Endless Agony","Cloak And Dagger"],"picked":"Deflect","floor":11},{"not_picked":["Prepared","Blade Dance"],"picked":"Leg Sweep","floor":12},{"not_picked":["Catalyst","Acrobatics"],"picked":"Noxious Fumes","floor":13},{"not_picked":["Malaise","Doppelganger"],"picked":"Die Die Die","floor":16},{"not_picked":["Dagger Throw","Quick Slash"],"picked":"Masterful Stab","floor":18},{"not_picked":["All Out Attack","Dagger Spray+1"],"picked":"Prepared","floor":20}],"player_experience":798576,"relics_obtained":[{"floor":6,"key":"Meat on the Bone"},{"floor":9,"key":"Bottled Lightning"}],"event_choices":[{"damage_healed":17,"gold_gain":0,"player_choice":"Healed","damage_taken":0,"max_hp_gain":0,"max_hp_loss":0,"event_name":"The Cleric","floor":10,"gold_loss":35},{"damage_healed":0,"gold_gain":0,"player_choice":"","damage_taken":7,"max_hp_gain":0,"max_hp_loss":0,"event_name":"Knowing Skull","floor":19,"potions_obtained":[],"gold_loss":0,"cards_obtained":[]}],"is_beta":false,"boss_relics":[{"not_picked":["Ectoplasm","Ring of the Serpent"],"picked":"Black Star"}],"items_purged_floors":[],"is_endless":false,"potions_floor_spawned":[1,6,11,12,16,18],"killed_by":"Centurion and Healer","ascension_level":9}