{"gold_per_floor":[115,115,133,58,69,69,35,62,62,62,62,62,117,17,17,112,112,130,150,249,349,363,363,376,376,376,376,393,393,406,251,251,251],"floor_reached":33,"playtime":1370,"items_purged":["Strike_G","Strike_G"],"score":340,"play_id":"c9dd1b22-9079-4f65-8914-4b643c208f61","local_time":"20190523170451","is_ascension_mode":true,"campfire_choices":[{"data":"Storm of Steel","floor":6.0,"key":"SMITH"},{"floor":12.0,"key":"REST"},{"data":"Neutralize","floor":15.0,"key":"SMITH"},{"data":"Backstab","floor":23,"key":"SMITH"},{"floor":25,"key":"REST"},{"floor":27,"key":"REST"},{"floor":29,"key":"REST"},{"floor":32,"key":"REST"}],"neow_cost":"NONE","seed_source_timestamp":0,"circlet_count":0,"master_deck":["Defend_G","Defend_G","Defend_G","Defend_G","Defend_G","Strike_G","Strike_G","Survivor","Neutralize+1","Storm of Steel+1","Dagger Spray","All Out Attack","Backstab","Well Laid Plans","Backstab+1","Bullet Time","Backstab","Backstab+1","Backstab","Accuracy"],"special_seed":0,"relics":["Ring of the Serpent","Odd Mushroom","Dead Branch","Dream Catcher","Gremlin Horn","Anchor"],"potions_floor_usage":[19,22,33,33],"damage_taken":[{"damage":12.0,"enemies":"Jaw Worm","floor":1.0,"turns":8.0},{"damage":0.0,"enemies":"Cultist","floor":3.0,"turns":5.0},{"damage":3.0,"enemies":"2 Louse","floor":5.0,"turns":3.0},{"damage":13.0,"enemies":"The Mushroom Lair","floor":8.0,"turns":3.0},{"damage":23.0,"enemies":"Hexaghost","floor":16.0,"turns":9.0},{"damage":10,"enemies":"Chosen","floor":18,"turns":5},{"damage":0,"enemies":"3 Byrds","floor":19,"turns":3},{"damage":0,"enemies":"Snecko","floor":22,"turns":2},{"damage":48,"enemies":"Snake Plant","floor":24,"turns":3},{"damage":18,"enemies":"Chosen and Byrds","floor":28,"turns":5},{"damage":0,"enemies":"Cultist and Chosen","floor":30,"turns":4},{"damage":70,"enemies":"Collector","floor":33,"turns":7}],"seed_played":"-5602888348605725718","potions_obtained":[{"floor":1.0,"key":"LiquidBronze"},{"floor":8.0,"key":"FearPotion"},{"floor":16.0,"key":"Weak Potion"},{"floor":19,"key":"FearPotion"}],"is_trial":false,"path_per_floor":["M","?","M","$","M","R","$","?","T","?","$","R","?","$","R","B",null,"M","M","?","?","M","R","M","R","T","R","M","R","M","$","R","B"],"character_chosen":"THE_SILENT","items_purchased":["Well Laid Plans","Anchor"],"campfire_rested":5,"item_purchase_floors":[7,31],"current_hp_per_floor":[51,51,51,51,48,48,48,35,35,35,35,56,56,56,56,33,61,51,51,51,51,51,51,3,24,24,45,27,48,48,48,69,0],"gold":251,"neow_bonus":"ONE_RANDOM_RARE_CARD","is_prod":false,"is_daily":false,"chose_seed":false,"campfire_upgraded":3,"win_rate":0,"timestamp":1558656291,"path_taken":["M","?","?","?","M","R","$","?","T","?","$","R","?","$","R","BOSS","M","M","?","?","M","R","?","R","T","R","M","R","M","$","R","BOSS"],"build_version":"2019-01-23","purchased_purges":2,"victory":false,"max_hp_per_floor":[70,70,70,70,70,70,70,70,70,70,70,70,70,70,70,70,70,70,70,70,70,70,70,70,70,70,70,70,70,70,70,70,70],"card_choices":[{"not_picked":["Setup","Eviscerate"],"picked":"Dagger Spray","floor":1.0},{"not_picked":["Tactician","Predator"],"picked":"All Out Attack","floor":3.0},{"not_picked":["Blur","Dodge and Roll"],"picked":"Backstab","floor":5.0},{"not_picked":["Quick Slash","Flying Knee"],"picked":"Backstab","floor":12.0},{"not_picked":["Tools of the Trade","Glass Knife"],"picked":"Bullet Time","floor":16.0},{"not_picked":["Bane","Dagger Throw"],"picked":"Backstab","floor":18},{"not_picked":["Dodge and Roll","Sucker Punch","Underhanded Strike"],"picked":"SKIP","floor":19},{"not_picked":["Noxious Fumes","Skewer","Poisoned Stab+1"],"picked":"SKIP","floor":22},{"not_picked":["PiercingWail","Skewer","Wraith Form v2"],"picked":"SKIP","floor":24},{"not_picked":["Eviscerate+1","Blur"],"picked":"Backstab+1","floor":28},{"not_picked":["Dagger Throw","Dagger Spray"],"picked":"Backstab","floor":29},{"not_picked":["Deadly Poison","Catalyst","Acrobatics"],"picked":"SKIP","floor":30},{"not_picked":["Cloak And Dagger","Well Laid Plans"],"picked":"Accuracy","floor":32}],"player_experience":406280,"relics_obtained":[{"floor":8.0,"key":"Odd Mushroom"},{"floor":9.0,"key":"Dead Branch"},{"floor":26,"key":"Gremlin Horn"}],"event_choices":[{"cards_removed":["Strike_G"],"damage_healed":0.0,"max_hp_gain":0.0,"max_hp_loss":0.0,"gold_gain":0.0,"event_name":"Wheel of Change","player_choice":"Card Removal","floor":2.0,"gold_loss":0.0,"damage_taken":0.0},{"damage_healed":0.0,"max_hp_gain":0.0,"max_hp_loss":0.0,"gold_gain":0.0,"event_name":"Mushrooms","player_choice":"Fought Mushrooms","floor":8.0,"gold_loss":0.0,"damage_taken":0.0},{"damage_healed":0.0,"max_hp_gain":0.0,"max_hp_loss":0.0,"gold_gain":0.0,"event_name":"Dead Adventurer","player_choice":"Searched \u00272\u0027 times","floor":10.0,"gold_loss":0.0,"damage_taken":0.0,"relics_obtained":["Dream Catcher"]},{"damage_healed":0.0,"max_hp_gain":0.0,"max_hp_loss":0.0,"gold_gain":55.0,"event_name":"Golden Wing","player_choice":"Gained Gold","floor":13.0,"gold_loss":0.0,"damage_taken":0.0},{"damage_healed":0,"gold_gain":99,"player_choice":"Stole From Cult","damage_taken":0,"max_hp_gain":0,"max_hp_loss":0,"event_name":"Nest","floor":20,"gold_loss":0},{"damage_healed":0,"gold_gain":100,"player_choice":"Pray","damage_taken":0,"max_hp_gain":0,"max_hp_loss":0,"event_name":"Golden Shrine","floor":21,"gold_loss":0}],"is_beta":false,"boss_relics":[{"not_picked":["Tiny House","HoveringKite"],"picked":"Ring of the Serpent"}],"items_purged_floors":[4,14],"is_endless":false,"potions_floor_spawned":[1,8,16,18,19],"killed_by":"Collector","ascension_level":7}