{"path_per_floor":["M","?","?","$","?","R","$","R","T","$","E","R","M","T","R","B",null,"M","$","?","M","$","R","E","R","T","?","M","$","M","?","R","B",null,"M","$","M","?","?","E","R","M","T","?","M","?","?","$","R"],"character_chosen":"IRONCLAD","items_purchased":["True Grit","Metallicize","Body Slam","Carnage"],"gold_per_floor":[113,113,113,68,68,68,30,30,54,2,31,31,47,47,47,146,146,166,91,91,72,38,38,67,67,67,67,80,80,96,11,11,108,108,128,28,42,42,0,34,34,50,101,101,117,117,117,117,117,117],"floor_reached":50,"campfire_rested":2,"playtime":3564,"current_hp_per_floor":[88,88,88,88,88,88,88,88,88,88,79,79,85,85,85,72,88,81,81,61,53,53,53,45,45,45,45,57,57,61,61,61,12,61,61,61,61,61,61,30,48,34,40,40,36,36,36,36,56,0],"items_purged":["Strike_R","Writhe"],"gold":117,"score":530,"play_id":"76876c71-0d94-4e52-a681-9be89e60d841","local_time":"20180520201227","is_prod":false,"is_daily":false,"chose_seed":false,"is_ascension_mode":false,"campfire_upgraded":6,"timestamp":1526843547,"campfire_choices":[{"data":"True Grit","floor":6,"key":"SMITH"},{"data":"Metallicize","floor":8,"key":"SMITH"},{"data":"Body Slam","floor":12,"key":"SMITH"},{"data":"Cleave","floor":15,"key":"SMITH"},{"data":"Demon Form","floor":23,"key":"SMITH"},{"data":"Iron Wave","floor":25,"key":"SMITH"},{"data":"1","floor":32,"key":"LIFT"},{"floor":41,"key":"REST"},{"floor":49,"key":"REST"}],"path_taken":["M","?","?","$","?","R","$","R","T","?","E","R","?","?","R","BOSS","M","$","?","?","$","R","E","R","T","?","M","?","M","?","R","BOSS","M","$","M","?","?","E","R","M","T","?","M","?","?","$","R","BOSS"],"build_version":"2018-05-17","seed_source_timestamp":71218405779346,"purchased_purges":2,"victory":false,"master_deck":["Defend_R","Defend_R","Defend_R+1","Bash","Iron Wave+1","True Grit+1","Metallicize+1","Body Slam+1","Cleave+1","Armaments+1","Demon Form+1","Shrug It Off","Bite","Bite","Bite","Bite","Bite","Pommel Strike","Carnage","Twin Strike+1","Clash+1","Metallicize+1"],"max_hp_per_floor":[88,88,88,88,88,88,88,88,88,88,88,88,88,88,88,88,88,88,88,61,61,61,61,61,61,61,61,61,61,61,61,61,61,61,61,61,61,61,61,61,61,61,67,67,69,69,69,69,69,69],"relics":["Burning Blood","Pen Nib","Bottled Tornado","War Paint","Cursed Key","Orichalcum","Girya","Darkstone Periapt","Velvet Choker","Red Mask","Juzu Bracelet","Singing Bowl"],"card_choices":[{"not_picked":["Clothesline","Heavy Blade"],"picked":"Iron Wave","floor":1},{"not_picked":["Rupture","Intimidate"],"picked":"Cleave","floor":11},{"not_picked":["Havoc","Evolve"],"picked":"Armaments","floor":13},{"not_picked":["Impervious","Dark Embrace"],"picked":"Demon Form","floor":16},{"not_picked":["Iron Wave","Clothesline"],"picked":"Shrug It Off","floor":18},{"not_picked":["Anger","Heavy Blade"],"picked":"Pommel Strike","floor":21},{"not_picked":["Iron Wave","Fiend Fire"],"picked":"Twin Strike+1","floor":24},{"not_picked":["Uppercut","Thunderclap","Pommel Strike"],"picked":"SKIP","floor":28},{"not_picked":["Twin Strike","Havoc","Rage"],"picked":"SKIP","floor":30},{"not_picked":["Metallicize+1","Headbutt"],"picked":"Clash+1","floor":35},{"not_picked":["Blood for Blood","Evolve+1","Pummel+1"],"picked":"SKIP","floor":37},{"not_picked":["Body Slam","Flex+1","Cleave+1"],"picked":"SKIP","floor":40},{"not_picked":["Pummel","Clash","Sever Soul"],"picked":"SKIP","floor":42},{"not_picked":["Iron Wave","Flex","Warcry"],"picked":"Singing Bowl","floor":45}],"player_experience":203276,"potions_floor_usage":[33,45,50],"damage_taken":[{"damage":5,"enemies":"Jaw Worm","floor":1,"turns":4},{"damage":15,"enemies":"3 Sentries","floor":11,"turns":12},{"damage":0,"enemies":"Small Slimes","floor":13,"turns":3},{"damage":19,"enemies":"Slime Boss","floor":16,"turns":16},{"damage":13,"enemies":"3 Byrds","floor":18,"turns":6},{"damage":14,"enemies":"2 Thieves","floor":21,"turns":4},{"damage":26,"enemies":"Gremlin Leader","floor":24,"turns":6},{"damage":6,"enemies":"Cultist and Chosen","floor":28,"turns":7},{"damage":4,"enemies":"3 Cultists","floor":30,"turns":5},{"damage":66,"enemies":"Collector","floor":33,"turns":8},{"damage":7,"enemies":"3 Shapes","floor":35,"turns":10},{"damage":3,"enemies":"Orb Walker","floor":37,"turns":3},{"damage":46,"enemies":"Giant Head","floor":40,"turns":8},{"damage":33,"enemies":"Maw","floor":42,"turns":6},{"damage":28,"enemies":"3 Darklings","floor":45,"turns":7},{"damage":82,"enemies":"Donu and Deca","floor":50,"turns":5}],"relics_obtained":[{"floor":9,"key":"Pen Nib"},{"floor":11,"key":"Bottled Tornado"},{"floor":14,"key":"War Paint"},{"floor":24,"key":"Orichalcum"},{"floor":26,"key":"Girya"},{"floor":40,"key":"Juzu Bracelet"},{"floor":43,"key":"Singing Bowl"}],"event_choices":[{"event_name":"Living Wall","player_choice":"Forget","floor":2,"damage_taken":0},{"event_name":"The Cleric","player_choice":"Leave","floor":3,"damage_taken":0},{"event_name":"The Lab","player_choice":"Got Potions","floor":5,"damage_taken":0},{"event_name":"Vampires","player_choice":"Became a vampire","floor":20,"damage_taken":0},{"event_name":"Back to Basics","player_choice":"Elegance","floor":27,"damage_taken":0},{"event_name":"Addict","player_choice":"Obtained Relic","floor":31,"damage_taken":0},{"event_name":"Duplicator","player_choice":"One dupe","floor":38,"damage_taken":0},{"event_name":"Tomb of Lord Red Mask","player_choice":"Paid","floor":39,"damage_taken":0},{"event_name":"Mysterious Sphere","player_choice":"Ignore","floor":44,"damage_taken":0},{"event_name":"Fountain of Cleansing","player_choice":"Removed Curse","floor":46,"damage_taken":0},{"event_name":"The Woman in Blue","player_choice":"Bought 0 Potions","floor":47,"damage_taken":0}],"boss_relics":[{"not_picked":["Black Star","Lizard Tail"],"picked":"Cursed Key"},{"not_picked":["Runic Cube","Calling Bell"],"picked":"Velvet Choker"}],"potions_floor_spawned":[11,16,21,28,35,42],"seed_played":"-132885874592859052","killed_by":"Donu and Deca","ascension_level":0,"potions_obtained":[{"floor":5,"key":"Strength Potion"},{"floor":5,"key":"SteroidPotion"},{"floor":5,"key":"SmokeBomb"},{"floor":11,"key":"BloodPotion"},{"floor":35,"key":"GamblersBrew"}],"is_trial":false}