{"gold_per_floor":[118,138,155,172,172,206,206,219,219,219,235,235,260,260,260,364,364,383,399,449,467,392,392,426,119,143,153,153,28,40,40,40,40],"floor_reached":33,"playtime":2650,"items_purged":["Strike_R","Strike_R","Power Through+1"],"score":302,"play_id":"977f1834-c525-4fc3-a94f-5f4a416af135","local_time":"20190207022943","is_ascension_mode":false,"campfire_choices":[{"data":"Armaments","floor":7,"key":"SMITH"},{"data":"Pommel Strike","floor":10,"key":"SMITH"},{"data":"Infernal Blade","floor":12,"key":"SMITH"},{"data":"Inflame","floor":15,"key":"SMITH"},{"data":"Rampage","floor":23,"key":"SMITH"},{"data":"Juggernaut","floor":28,"key":"SMITH"},{"floor":32,"key":"REST"}],"neow_cost":"NONE","seed_source_timestamp":12044232610410,"circlet_count":0,"master_deck":["Defend_R","Defend_R","Defend_R","Bash","Infernal Blade+1","Pommel Strike","Armaments+1","Rampage+1","Pommel Strike+1","Seeing Red","Searing Blow","Inflame+1","Juggernaut+1","Evolve+1","Havoc+1","Flex+1"],"relics":["Burning Blood","Omamori","Singing Bowl","Mummified Hand","Self Forming Clay","Astrolabe","Pear","TheAbacus","Anchor"],"potions_floor_usage":[13,16,19,24,24],"damage_taken":[{"damage":1,"enemies":"Cultist","floor":1,"turns":3},{"damage":0,"enemies":"2 Louse","floor":2,"turns":4},{"damage":0,"enemies":"Small Slimes","floor":3,"turns":1},{"damage":2,"enemies":"Blue Slaver","floor":4,"turns":2},{"damage":10,"enemies":"Gremlin Nob","floor":6,"turns":4},{"damage":7,"enemies":"2 Fungi Beasts","floor":8,"turns":4},{"damage":0,"enemies":"Exordium Wildlife","floor":11,"turns":3},{"damage":31,"enemies":"Lagavulin","floor":13,"turns":7},{"damage":8,"enemies":"Slime Boss","floor":16,"turns":7},{"damage":7,"enemies":"Shell Parasite","floor":18,"turns":4},{"damage":18,"enemies":"2 Thieves","floor":19,"turns":3},{"damage":15,"enemies":"Chosen and Byrds","floor":21,"turns":5},{"damage":72,"enemies":"Gremlin Leader","floor":24,"turns":5},{"damage":13,"enemies":"3 Cultists","floor":27,"turns":5},{"damage":15,"enemies":"Snake Plant","floor":30,"turns":4},{"damage":43,"enemies":"Collector","floor":33,"turns":5}],"seed_played":"3873993245347995703","potions_obtained":[{"floor":2,"key":"FairyPotion"},{"floor":4,"key":"Dexterity Potion"},{"floor":8,"key":"PowerPotion"},{"floor":16,"key":"BloodPotion"},{"floor":18,"key":"SkillPotion"},{"floor":21,"key":"Poison Potion"}],"is_trial":false,"path_per_floor":["M","M","M","M","?","E","R","M","T","R","M","R","E","?","R","B",null,"M","M","?","M","$","R","E","$","T","M","R","$","M","?","R","B"],"character_chosen":"IRONCLAD","items_purchased":["TheAbacus"],"campfire_rested":1,"item_purchase_floors":[25],"current_hp_per_floor":[80,80,80,80,62,58,58,57,57,57,63,63,38,38,38,36,80,81,71,71,64,64,64,26,26,26,19,19,19,12,12,42,0],"gold":40,"neow_bonus":"TRANSFORM_CARD","is_prod":false,"is_daily":false,"chose_seed":false,"campfire_upgraded":6,"win_rate":0.0,"timestamp":1549535383,"path_taken":["M","M","M","?","?","E","R","M","T","R","M","R","E","?","R","BOSS","M","M","?","M","$","R","E","$","T","?","R","$","M","?","R","BOSS"],"build_version":"2019-01-23","purchased_purges":3,"victory":false,"max_hp_per_floor":[80,80,80,80,80,80,80,80,80,80,80,80,80,80,80,80,80,82,84,84,86,86,86,98,98,98,98,98,98,100,100,100,100],"card_choices":[{"not_picked":["Body Slam","Cleave","Sword Boomerang"],"picked":"SKIP","floor":1},{"not_picked":["Clothesline","Entrench"],"picked":"Pommel Strike","floor":2},{"not_picked":["Sword Boomerang","Perfected Strike"],"picked":"Armaments","floor":3},{"not_picked":["Armaments","Combust"],"picked":"Rampage","floor":4},{"not_picked":["Burning Pact","Clothesline"],"picked":"Pommel Strike","floor":6},{"not_picked":["Intimidate","Reckless Charge"],"picked":"Seeing Red","floor":8},{"not_picked":["Heavy Blade","Bloodletting"],"picked":"Searing Blow","floor":11},{"not_picked":["Havoc","Flame Barrier"],"picked":"Inflame","floor":13},{"not_picked":["Bludgeon","Feed"],"picked":"Juggernaut","floor":16},{"not_picked":["Cleave","Feel No Pain","Clothesline"],"picked":"Singing Bowl","floor":18},{"not_picked":["Clothesline","Cleave","Iron Wave"],"picked":"Singing Bowl","floor":19},{"not_picked":["Rage+1","Clash","Wild Strike"],"picked":"Singing Bowl","floor":21},{"not_picked":["Body Slam","Pommel Strike","Clash"],"picked":"Singing Bowl","floor":24},{"not_picked":["Flame Barrier","Havoc"],"picked":"Flex+1","floor":27},{"not_picked":["True Grit","Clothesline","Berserk"],"picked":"Singing Bowl","floor":30}],"player_experience":61235,"relics_obtained":[{"floor":6,"key":"Singing Bowl"},{"floor":9,"key":"Mummified Hand"},{"floor":13,"key":"Self Forming Clay"},{"floor":24,"key":"Pear"},{"floor":26,"key":"Anchor"}],"event_choices":[{"damage_healed":0,"gold_gain":0,"player_choice":"Success","damage_taken":18,"relics_obtained":["Omamori"],"max_hp_gain":0,"max_hp_loss":0,"event_name":"Scrap Ooze","floor":5,"gold_loss":0},{"damage_healed":0,"gold_gain":0,"player_choice":"Ignored","damage_taken":0,"max_hp_gain":0,"max_hp_loss":0,"event_name":"Liars Game","floor":14,"gold_loss":0},{"damage_healed":0,"gold_gain":100,"player_choice":"Bet on Murderer","damage_taken":0,"max_hp_gain":0,"max_hp_loss":0,"event_name":"The Joust","floor":20,"gold_loss":50},{"damage_healed":0,"gold_gain":0,"player_choice":"Ignored","damage_taken":0,"max_hp_gain":0,"max_hp_loss":0,"event_name":"Vampires","floor":31,"gold_loss":0}],"is_beta":false,"boss_relics":[{"not_picked":["Lizard Tail","Runic Pyramid"],"picked":"Astrolabe"}],"items_purged_floors":[22,25,29],"is_endless":false,"potions_floor_spawned":[2,4,8,11,16,18,21],"killed_by":"Collector","ascension_level":0}