{"gold_per_floor":[112,37,37,112,112,112,137,153,183,183,207,207,107,107,107,207,207,225,225,225,225,62,62,75,87,113,139,165,176,176,189,189,285,285,297,297,297,317,337,337,371,371,420,420,432,432,450,469,469,469],"floor_reached":51,"playtime":2014,"items_purged":["Strike_R","Defend_R","Sever Soul"],"score":939,"play_id":"d90fc610-4ef2-417b-bb2f-5d1482ed4cdd","local_time":"20190302104644","is_ascension_mode":true,"campfire_choices":[{"data":"Bash","floor":6.0,"key":"SMITH"},{"data":"Thunderclap","floor":10.0,"key":"SMITH"},{"data":"Reaper","floor":12.0,"key":"SMITH"},{"floor":15.0,"key":"REST"},{"data":"Whirlwind","floor":23.0,"key":"SMITH"},{"data":"Sword Boomerang","floor":30.0,"key":"SMITH"},{"data":"Limit Break","floor":32.0,"key":"SMITH"},{"data":"Inflame","floor":40.0,"key":"SMITH"},{"floor":42.0,"key":"REST"},{"floor":49.0,"key":"REST"}],"neow_cost":"NONE","seed_source_timestamp":0,"circlet_count":0,"master_deck":["Bash+1","Pommel Strike+1","Reaper+1","Thunderclap+1","Limit Break+1","Flex+1","Anger+1","Inflame+1","Ghostly Armor","Whirlwind+1","Pummel","Sword Boomerang+1","Whirlwind+1","Flex+1"],"special_seed":0,"relics":["Burning Blood","NeowsBlessing","Orichalcum","Tiny Chest","Odd Mushroom","Astrolabe","Blood Vial","Torii","Red Mask","Empty Cage","Calipers","Bronze Scales"],"potions_floor_usage":[],"damage_taken":[{"damage":0.0,"enemies":"2 Louse","floor":1.0,"turns":1.0},{"damage":0.0,"enemies":"Lagavulin","floor":7.0,"turns":1.0},{"damage":0.0,"enemies":"Small Slimes","floor":8.0,"turns":1.0},{"damage":33.0,"enemies":"The Mushroom Lair","floor":11.0,"turns":5.0},{"damage":41.0,"enemies":"The Guardian","floor":16.0,"turns":13.0},{"damage":7.0,"enemies":"Spheric Guardian","floor":18.0,"turns":3.0},{"damage":0.0,"enemies":"3 Byrds","floor":24.0,"turns":3.0},{"damage":21.0,"enemies":"Sentry and Sphere","floor":25.0,"turns":4.0},{"damage":2.0,"enemies":"Gremlin Leader","floor":27.0,"turns":4.0},{"damage":6.0,"enemies":"Masked Bandits","floor":28.0,"turns":2.0},{"damage":2.0,"enemies":"3 Cultists","floor":29.0,"turns":3.0},{"damage":26.0,"enemies":"Snake Plant","floor":31.0,"turns":3.0},{"damage":26.0,"enemies":"Automaton","floor":33.0,"turns":6.0},{"damage":25.0,"enemies":"3 Shapes","floor":35.0,"turns":3.0},{"damage":7.0,"enemies":"Orb Walker","floor":38.0,"turns":3.0},{"damage":25.0,"enemies":"Spire Growth","floor":39.0,"turns":4.0},{"damage":54.0,"enemies":"Reptomancer","floor":41.0,"turns":5.0},{"damage":12.0,"enemies":"Sphere and 2 Shapes","floor":45.0,"turns":2.0},{"damage":59.0,"enemies":"4 Shapes","floor":47.0,"turns":3.0},{"damage":11.0,"enemies":"Transient","floor":48.0,"turns":5.0},{"damage":88,"enemies":"Donu and Deca","floor":50,"turns":5}],"seed_played":"-3044044024607618585","potions_obtained":[{"floor":1.0,"key":"Strength Potion"},{"floor":7.0,"key":"AttackPotion"},{"floor":18.0,"key":"SkillPotion"},{"floor":24.0,"key":"EssenceOfSteel"},{"floor":28.0,"key":"GamblersBrew"},{"floor":31.0,"key":"Poison Potion"},{"floor":41.0,"key":"Swift Potion"},{"floor":45.0,"key":"BloodPotion"}],"is_trial":false,"path_per_floor":["M","$","?","?","?","R","E","M","T","R","?","R","$","?","R","B",null,"M","?","?","?","$","R","M","M","T","E","?","M","R","M","R","B",null,"M","$","?","M","M","R","E","R","T","$","M","?","M","M","R","B",null],"character_chosen":"IRONCLAD","items_purchased":["Whirlwind"],"campfire_rested":3,"item_purchase_floors":[22],"current_hp_per_floor":[80,80,80,69,53,53,59,67,67,67,52,52,52,52,76,46,72,76,76,76,76,76,76,80,65,65,71,73,79,79,60,60,42,71,54,54,54,55,51,51,14,38,38,38,49,49,35,40,64,10],"gold":469,"neow_bonus":"THREE_ENEMY_KILL","is_prod":false,"is_daily":false,"chose_seed":false,"campfire_upgraded":7,"win_rate":0,"timestamp":1551552404,"path_taken":["M","$","?","?","?","R","E","M","T","R","?","R","?","?","R","BOSS","M","?","?","?","?","R","M","M","T","E","?","M","R","M","R","BOSS","M","$","?","M","?","R","E","R","T","?","M","?","M","M","R","BOSS"],"build_version":"2019-01-23","purchased_purges":3,"victory":true,"max_hp_per_floor":[80,80,80,80,80,80,80,80,80,80,80,80,80,80,80,80,80,80,80,80,80,80,80,80,80,80,80,80,80,80,80,80,80,80,80,80,80,80,80,80,80,80,80,80,80,80,80,80,80,80],"card_choices":[{"not_picked":["Inflame","Clash"],"picked":"Pommel Strike","floor":1.0},{"not_picked":["Wild Strike","Feel No Pain"],"picked":"Reaper","floor":7.0},{"not_picked":["Clash","Sword Boomerang"],"picked":"Thunderclap","floor":8.0},{"not_picked":["Exhume","Immolate"],"picked":"Limit Break","floor":16.0},{"not_picked":["Warcry","True Grit","Disarm"],"picked":"SKIP","floor":18.0},{"not_picked":["Body Slam","Clothesline+1"],"picked":"Pummel","floor":24.0},{"not_picked":["Twin Strike","Battle Trance","Thunderclap+1"],"picked":"SKIP","floor":25.0},{"not_picked":["Bludgeon","Clash"],"picked":"Sword Boomerang","floor":27.0},{"not_picked":["Flame Barrier","Dual Wield","Clothesline"],"picked":"SKIP","floor":29.0},{"not_picked":["Cleave","Thunderclap+1"],"picked":"Seeing Red+1","floor":31.0},{"not_picked":["Dropkick","Rupture","Entrench"],"picked":"SKIP","floor":35.0},{"not_picked":["Anger","Thunderclap","Sever Soul+1"],"picked":"SKIP","floor":38.0},{"not_picked":["Cleave","Sentinel","Pommel Strike"],"picked":"SKIP","floor":39.0},{"not_picked":["Intimidate+1","Barricade","Burning Pact"],"picked":"SKIP","floor":41.0},{"not_picked":["True Grit+1","Carnage","Hemokinesis+1"],"picked":"SKIP","floor":45.0},{"not_picked":["Rampage","Cleave+1","Rage"],"picked":"SKIP","floor":47.0},{"not_picked":["Pommel Strike+1","Spot Weakness"],"picked":"Flex+1","floor":48.0}],"player_experience":228811,"relics_obtained":[{"floor":7.0,"key":"Orichalcum"},{"floor":9.0,"key":"Tiny Chest"},{"floor":11.0,"key":"Odd Mushroom"},{"floor":26.0,"key":"Blood Vial"},{"floor":27.0,"key":"Torii"},{"floor":28.0,"key":"Red Mask"},{"floor":41.0,"key":"Calipers"},{"floor":43.0,"key":"Bronze Scales"}],"event_choices":[{"damage_healed":0.0,"max_hp_gain":0.0,"max_hp_loss":0.0,"gold_gain":0.0,"event_name":"Liars Game","player_choice":"Ignored","floor":3.0,"gold_loss":0.0,"damage_taken":0.0},{"damage_healed":0.0,"max_hp_gain":0.0,"max_hp_loss":0.0,"gold_gain":75.0,"event_name":"World of Goop","player_choice":"Gather Gold","floor":4.0,"gold_loss":0.0,"damage_taken":11.0},{"damage_healed":0.0,"max_hp_gain":0.0,"max_hp_loss":0.0,"gold_gain":0.0,"event_name":"Shining Light","player_choice":"Entered Light","floor":5.0,"gold_loss":0.0,"damage_taken":16.0,"cards_upgraded":["Pommel Strike","Defend_R"]},{"damage_healed":0.0,"max_hp_gain":0.0,"max_hp_loss":0.0,"gold_gain":0.0,"event_name":"Mushrooms","player_choice":"Fought Mushrooms","floor":11.0,"gold_loss":0.0,"damage_taken":0.0},{"cards_removed":["Strike_R"],"damage_healed":0.0,"max_hp_gain":0.0,"max_hp_loss":0.0,"gold_gain":0.0,"event_name":"Living Wall","player_choice":"Forget","floor":14.0,"gold_loss":0.0,"damage_taken":0.0},{"damage_healed":0.0,"max_hp_gain":0.0,"max_hp_loss":0.0,"gold_gain":0.0,"event_name":"The Mausoleum","player_choice":"Ignored","floor":19.0,"gold_loss":0.0,"damage_taken":0.0},{"damage_healed":0.0,"max_hp_gain":0.0,"max_hp_loss":0.0,"gold_gain":0.0,"event_name":"The Library","player_choice":"Read","floor":20.0,"gold_loss":0.0,"damage_taken":0.0,"cards_obtained":["Inflame"]},{"damage_healed":0.0,"max_hp_gain":0.0,"max_hp_loss":0.0,"gold_gain":0.0,"cards_transformed":["Strike_R","Strike_R"],"event_name":"Drug Dealer","player_choice":"Became Test Subject","floor":21.0,"gold_loss":0.0,"damage_taken":0.0,"cards_obtained":["Sever Soul","Ghostly Armor"]},{"damage_healed":0.0,"max_hp_gain":0.0,"max_hp_loss":0.0,"gold_gain":0.0,"event_name":"Masked Bandits","player_choice":"Fought Bandits","floor":28.0,"gold_loss":0.0,"damage_taken":0.0},{"damage_healed":0.0,"max_hp_gain":0.0,"max_hp_loss":0.0,"gold_gain":0.0,"event_name":"Duplicator","player_choice":"Copied","floor":37.0,"gold_loss":0.0,"damage_taken":0.0,"cards_obtained":["Whirlwind"]},{"cards_removed":["Seeing Red"],"damage_healed":0.0,"max_hp_gain":0.0,"max_hp_loss":0.0,"gold_gain":0.0,"event_name":"Falling","player_choice":"Removed Skill","floor":46.0,"gold_loss":0.0,"damage_taken":0.0}],"is_beta":false,"boss_relics":[{"not_picked":["Ectoplasm","Lizard Tail"],"picked":"Astrolabe"},{"not_picked":["Snecko Eye","Runic Dome"],"picked":"Empty Cage"}],"items_purged_floors":[2,13,22],"is_endless":false,"potions_floor_spawned":[1,7,18,24,28,31,41,45],"ascension_level":5}