{"gold_per_floor":[112,128,128,27,27,27,102,102,175,193,205,217,217,236,236,236],"floor_reached":16,"playtime":363,"items_purged":["Defend_R"],"score":124,"play_id":"5fc21725-3a08-4bd8-9c73-e799ec050d9f","local_time":"20190304155619","is_ascension_mode":true,"campfire_choices":[{"data":"Rage","floor":6,"key":"SMITH"},{"data":"Thunderclap","floor":8,"key":"SMITH"},{"data":"Sword Boomerang","floor":13,"key":"SMITH"},{"floor":15,"key":"REST"}],"neow_cost":"NONE","seed_source_timestamp":156176083445700,"circlet_count":0,"master_deck":["Strike_R","Strike_R","Strike_R","Defend_R","Defend_R","Defend_R","Bash","Rage+1","Thunderclap+1","Sword Boomerang+1","Iron Wave"],"relics":["Burning Blood","Mummified Hand"],"potions_floor_usage":[16],"damage_taken":[{"damage":13,"enemies":"Jaw Worm","floor":1,"turns":3},{"damage":1,"enemies":"Small Slimes","floor":2,"turns":5},{"damage":0,"enemies":"2 Louse","floor":10,"turns":2},{"damage":16,"enemies":"Lots of Slimes","floor":11,"turns":4},{"damage":4,"enemies":"2 Fungi Beasts","floor":12,"turns":3},{"damage":4,"enemies":"Red Slaver","floor":14,"turns":3},{"damage":84,"enemies":"Hexaghost","floor":16,"turns":10}],"seed_played":"3418370769686492345","potions_obtained":[{"floor":1,"key":"Dexterity Potion"},{"floor":10,"key":"FairyPotion"}],"is_trial":false,"path_per_floor":["M","M","?","$","?","R","?","R","T","M","M","M","R","M","R","B"],"character_chosen":"IRONCLAD","items_purchased":["Sword Boomerang"],"campfire_rested":1,"item_purchase_floors":[4],"current_hp_per_floor":[65,70,63,63,63,63,52,52,52,58,48,50,50,52,76,0],"gold":236,"neow_bonus":"TRANSFORM_CARD","is_prod":false,"is_daily":false,"chose_seed":false,"campfire_upgraded":3,"win_rate":0,"timestamp":1551743779,"path_taken":["M","M","?","$","?","R","?","R","T","M","M","M","R","M","R","BOSS"],"build_version":"2019-01-23","purchased_purges":1,"victory":false,"max_hp_per_floor":[80,80,80,80,80,80,80,80,80,80,80,80,80,80,80,80],"card_choices":[{"not_picked":["Sever Soul","Clash","Ghostly Armor"],"picked":"SKIP","floor":1},{"not_picked":["Seeing Red","Iron Wave"],"picked":"Thunderclap","floor":2},{"not_picked":["Perfected Strike","Headbutt","Dual Wield"],"picked":"SKIP","floor":10},{"not_picked":["Perfected Strike","Armaments","Clash"],"picked":"SKIP","floor":11},{"not_picked":["Limit Break","Pommel Strike"],"picked":"Iron Wave","floor":12},{"not_picked":["Warcry","Headbutt","Shockwave"],"picked":"SKIP","floor":14}],"player_experience":267359,"relics_obtained":[{"floor":9,"key":"Mummified Hand"}],"event_choices":[{"cards_removed":["Strike_R"],"damage_healed":0,"gold_gain":0,"player_choice":"Card Removal","damage_taken":7,"max_hp_gain":0,"max_hp_loss":0,"event_name":"Golden Wing","floor":3,"gold_loss":0},{"damage_healed":0,"gold_gain":0,"player_choice":"Ignored","damage_taken":0,"max_hp_gain":0,"max_hp_loss":0,"event_name":"Liars Game","floor":5,"gold_loss":0},{"damage_healed":0,"gold_gain":75,"player_choice":"Gather Gold","damage_taken":11,"max_hp_gain":0,"max_hp_loss":0,"event_name":"World of Goop","floor":7,"gold_loss":0}],"is_beta":false,"boss_relics":[],"items_purged_floors":[4],"is_endless":false,"potions_floor_spawned":[1,10],"killed_by":"Hexaghost","ascension_level":7}