{"gold_per_floor":[118,133,58,58,58,86,86,86,86,103,3,14,44,57,57,57],"floor_reached":16,"playtime":610,"items_purged":["Strike_R","Defend_R"],"score":130,"play_id":"7c66e6ad-36e9-4583-968a-e9b70335e4e5","local_time":"20190303221156","is_ascension_mode":true,"campfire_choices":[{"data":"Rage","floor":8,"key":"SMITH"},{"floor":15,"key":"REST"}],"neow_cost":"NONE","seed_source_timestamp":92064425358400,"circlet_count":0,"master_deck":["Strike_R","Strike_R","Strike_R","Defend_R","Defend_R","Defend_R","Bash","Body Slam+1","Rage+1","Dropkick","Rage","Body Slam"],"relics":["Burning Blood","Boot","Kunai","Tiny Chest"],"potions_floor_usage":[16,16],"damage_taken":[{"damage":1,"enemies":"2 Louse","floor":1,"turns":4},{"damage":0,"enemies":"Small Slimes","floor":2,"turns":3},{"damage":54,"enemies":"Lagavulin","floor":6,"turns":10},{"damage":0,"enemies":"Cultist","floor":10,"turns":3},{"damage":0,"enemies":"2 Fungi Beasts","floor":12,"turns":3},{"damage":3,"enemies":"Blue Slaver","floor":14,"turns":3},{"damage":74,"enemies":"Slime Boss","floor":16,"turns":13}],"seed_played":"3618287330422819013","potions_obtained":[{"floor":1,"key":"EssenceOfSteel"},{"floor":12,"key":"Block Potion"}],"is_trial":false,"path_per_floor":["M","M","$","?","?","E","?","R","T","M","$","M","?","M","R","B"],"character_chosen":"IRONCLAD","items_purchased":[],"campfire_rested":1,"item_purchase_floors":[],"current_hp_per_floor":[77,80,80,73,78,30,30,30,30,36,36,42,42,45,70,0],"gold":57,"neow_bonus":"THREE_CARDS","is_prod":false,"is_daily":false,"chose_seed":false,"campfire_upgraded":1,"win_rate":0,"timestamp":1551679916,"path_taken":["M","M","$","?","?","E","?","R","T","?","$","M","?","M","R","BOSS"],"build_version":"2019-01-23","purchased_purges":2,"victory":false,"max_hp_per_floor":[80,80,80,80,85,85,85,85,85,85,85,85,85,85,85,85],"card_choices":[{"not_picked":["Cleave","Perfected Strike"],"picked":"Body Slam","floor":0},{"not_picked":["Anger","Cleave"],"picked":"Rage","floor":1},{"not_picked":["Pummel","Combust","Infernal Blade"],"picked":"SKIP","floor":2},{"not_picked":["Feel No Pain","Blood for Blood","Headbutt"],"picked":"SKIP","floor":6},{"not_picked":["True Grit","Whirlwind"],"picked":"Dropkick","floor":10},{"not_picked":["Bloodletting","Dropkick"],"picked":"Rage","floor":12},{"not_picked":["Heavy Blade","Havoc"],"picked":"Body Slam","floor":14}],"player_experience":252919,"relics_obtained":[{"floor":6,"key":"Boot"},{"floor":9,"key":"Kunai"}],"event_choices":[{"cards_removed":["Strike_R"],"damage_healed":0,"gold_gain":0,"player_choice":"Card Removal","damage_taken":7,"max_hp_gain":0,"max_hp_loss":0,"event_name":"Golden Wing","floor":4,"gold_loss":0},{"damage_healed":0,"gold_gain":0,"player_choice":"Donut","damage_taken":0,"max_hp_gain":5,"max_hp_loss":0,"event_name":"Big Fish","floor":5,"gold_loss":0},{"damage_healed":0,"gold_gain":0,"player_choice":"Forge","damage_taken":0,"max_hp_gain":0,"max_hp_loss":0,"event_name":"Accursed Blacksmith","floor":7,"gold_loss":0,"cards_upgraded":["Body Slam"]},{"damage_healed":0,"gold_gain":0,"player_choice":"Searched \u00271\u0027 times","damage_taken":0,"relics_obtained":["Tiny Chest"],"max_hp_gain":0,"max_hp_loss":0,"event_name":"Dead Adventurer","floor":13,"gold_loss":0}],"is_beta":false,"boss_relics":[],"items_purged_floors":[3,11],"is_endless":false,"potions_floor_spawned":[1,12],"killed_by":"Slime Boss","ascension_level":6}