{"gold_per_floor":[119,119,97,108,119,119,119,5,5,5,25,45,45,61,61,156,156,156,0,0,0,0,0,0,0,0,0,0,0,0,0,0,0,0,0,0,0,0,0,0,0,0,0,0,0,0,0,0,0,0],"floor_reached":51,"playtime":15540,"items_purged":["Parasite"],"score":638,"play_id":"b417a190-c90d-4fcd-a614-678482bf3cfe","local_time":"20190714022049","is_ascension_mode":false,"campfire_choices":[{"data":"Sweeping Beam","floor":6.0,"key":"SMITH"},{"data":"Static Discharge","floor":10.0,"key":"SMITH"},{"data":"BootSequence","floor":13.0,"key":"SMITH"},{"data":"Lockon","floor":15.0,"key":"SMITH"},{"floor":23.0,"key":"REST"},{"floor":30.0,"key":"REST"},{"floor":32.0,"key":"REST"},{"floor":40.0,"key":"REST"},{"floor":45,"key":"REST"},{"floor":49,"key":"REST"}],"neow_cost":"NONE","seed_source_timestamp":0,"circlet_count":0,"master_deck":["Strike_B","Strike_B","Strike_B","Defend_B","Defend_B","Defend_B","Defend_B","Zap","Dualcast","Sweeping Beam+1","Go for the Eyes","BootSequence+1","Lockon+1","Aggregate+1","Leap+1","Hologram+1","Seek+1","Fusion+1","Doom and Gloom","Jack Of All Trades+1","Melter+1","Glacier+1","Steam+1","Glacier+1","Hologram+1","Coolheaded+1","Fission+1","Leap+1","Creative AI","Coolheaded+1","Streamline","Fusion+1","Master of Strategy+1","Coolheaded+1","Tempest+1","Beam Cell+1"],"special_seed":0,"relics":["Cracked Core","Toxic Egg 2","Ectoplasm","SsserpentHead","Letter Opener","Question Card","Nuclear Battery","Unceasing Top","Ancient Tea Set"],"potions_floor_usage":[44,47,50,50],"damage_taken":[{"damage":1.0,"enemies":"Cultist","floor":1.0,"turns":3.0},{"damage":0.0,"enemies":"2 Louse","floor":4.0,"turns":3.0},{"damage":8.0,"enemies":"Jaw Worm","floor":5.0,"turns":3.0},{"damage":0.0,"enemies":"Red Slaver","floor":11.0,"turns":2.0},{"damage":2.0,"enemies":"Blue Slaver","floor":12.0,"turns":3.0},{"damage":0.0,"enemies":"2 Fungi Beasts","floor":14.0,"turns":3.0},{"damage":28.0,"enemies":"The Guardian","floor":16.0,"turns":9.0},{"damage":3.0,"enemies":"3 Byrds","floor":18.0,"turns":5.0},{"damage":22.0,"enemies":"Chosen","floor":20.0,"turns":4.0},{"damage":0.0,"enemies":"Sentry and Sphere","floor":22.0,"turns":2.0},{"damage":10.0,"enemies":"Slavers","floor":24.0,"turns":4.0},{"damage":1.0,"enemies":"Snake Plant","floor":25.0,"turns":4.0},{"damage":6.0,"enemies":"Snecko","floor":27.0,"turns":5.0},{"damage":0.0,"enemies":"Centurion and Healer","floor":28.0,"turns":5.0},{"damage":27.0,"enemies":"Cultist and Chosen","floor":29.0,"turns":6.0},{"damage":1.0,"enemies":"3 Cultists","floor":31.0,"turns":5.0},{"damage":45.0,"enemies":"Champ","floor":33.0,"turns":16.0},{"damage":2.0,"enemies":"3 Darklings","floor":35.0,"turns":6.0},{"damage":8.0,"enemies":"Orb Walker","floor":37.0,"turns":3.0},{"damage":25.0,"enemies":"2 Orb Walkers","floor":38.0,"turns":7.0},{"damage":13,"enemies":"3 Darklings","floor":42,"turns":4},{"damage":29,"enemies":"Maw","floor":44,"turns":11},{"damage":16,"enemies":"Transient","floor":47,"turns":5},{"damage":57,"enemies":"Time Eater","floor":50,"turns":17}],"seed_played":"-1174596825690627987","potions_obtained":[{"floor":5.0,"key":"FearPotion"},{"floor":11.0,"key":"Explosive Potion"},{"floor":18.0,"key":"Fire Potion"},{"floor":22.0,"key":"Weak Potion"},{"floor":27.0,"key":"EssenceOfSteel"},{"floor":28.0,"key":"Strength Potion"},{"floor":33.0,"key":"Energy Potion"},{"floor":37.0,"key":"SteroidPotion"},{"floor":42,"key":"EntropicBrew"}],"is_trial":false,"path_per_floor":["M","?","$","M","M","R","?","$","T","R","M","M","R","M","R","B",null,"M","$","M","?","M","R","E","M","T","M","M","M","R","M","R","B",null,"M","?","M","?","?","R","?","M","T","M","R","$","M","$","R","B",null],"character_chosen":"DEFECT","items_purchased":["Sweeping Beam","Lockon","Doom and Gloom","Jack Of All Trades+1"],"campfire_rested":6,"item_purchase_floors":[3,8,19,19],"current_hp_per_floor":[81,81,81,81,73,73,82,79,79,79,79,77,77,77,77,49,79,76,76,54,54,54,77,67,66,66,60,60,33,56,55,78,33,79,77,75,67,42,42,64,64,51,51,22,44,44,28,28,50,8],"gold":0,"neow_bonus":"TEN_PERCENT_HP_BONUS","is_prod":false,"is_daily":false,"chose_seed":false,"campfire_upgraded":4,"win_rate":0.0,"timestamp":1563085249,"path_taken":["M","?","$","?","M","R","?","$","T","R","M","M","R","M","R","BOSS","M","$","M","?","M","R","E","M","T","?","M","M","R","M","R","BOSS","M","?","M","?","?","R","?","?","T","M","R","$","M","?","R","BOSS"],"build_version":"2019-07-05","purchased_purges":1,"victory":true,"max_hp_per_floor":[82,82,82,82,82,82,82,79,79,79,79,79,79,79,79,79,79,79,79,79,79,79,79,79,79,79,79,79,79,79,79,79,79,79,79,75,75,75,75,75,75,75,75,75,75,75,75,75,75,75],"card_choices":[{"not_picked":["Streamline","Cold Snap"],"picked":"Static Discharge","floor":1.0},{"not_picked":["Consume","Redo"],"picked":"Go for the Eyes","floor":4.0},{"not_picked":["Steam","Compile Driver"],"picked":"BootSequence","floor":5.0},{"not_picked":["Compile Driver","Barrage"],"picked":"Aggregate+1","floor":11.0},{"not_picked":["Go for the Eyes","Aggregate+1"],"picked":"Leap+1","floor":12.0},{"not_picked":["Rip and Tear","Multi-Cast+1"],"picked":"Hologram+1","floor":14.0},{"not_picked":["All For One","Reboot+1"],"picked":"Seek+1","floor":16.0},{"not_picked":["Ball Lightning+1","Aggregate+1"],"picked":"Fusion+1","floor":18.0},{"not_picked":["Redo+1","Streamline"],"picked":"Melter+1","floor":20.0},{"not_picked":["Hologram+1","Conserve Battery+1"],"picked":"Glacier+1","floor":22.0},{"not_picked":["Gash+1","White Noise+1"],"picked":"Steam+1","floor":24.0},{"not_picked":["Darkness+1","Melter+1"],"picked":"Glacier+1","floor":25.0},{"not_picked":["Sweeping Beam","Rip and Tear+1","Ball Lightning"],"picked":"Hologram+1","floor":27.0},{"not_picked":["Conserve Battery+1","Redo+1","Streamline"],"picked":"Coolheaded+1","floor":28.0},{"not_picked":["Coolheaded+1","Steam+1","Heatsinks"],"picked":"Fission+1","floor":29.0},{"not_picked":["Gash+1","Fusion+1","White Noise+1"],"picked":"Leap+1","floor":31.0},{"not_picked":["Buffer","Fission+1","All For One"],"picked":"Creative AI","floor":33.0},{"not_picked":["White Noise+1","Double Energy+1","Hologram+1"],"picked":"Coolheaded+1","floor":35.0},{"not_picked":["Cold Snap","Beam Cell","Stack+1"],"picked":"Streamline","floor":37.0},{"not_picked":["Scrape+1","Beam Cell+1","Cold Snap+1"],"picked":"Fusion+1","floor":38.0},{"not_picked":["Impatience+1","Dramatic Entrance","Enlightenment+1"],"picked":"Master of Strategy+1","floor":39.0},{"not_picked":["Steam Power+1","Stack+1","Go for the Eyes+1"],"picked":"Coolheaded+1","floor":42},{"not_picked":["Self Repair","Compile Driver","Hologram+1"],"picked":"Tempest+1","floor":44},{"not_picked":["Gash+1","Hologram+1","Storm+1"],"picked":"Beam Cell+1","floor":47}],"player_experience":39829,"relics_obtained":[{"floor":9.0,"key":"Toxic Egg 2"},{"floor":24.0,"key":"Letter Opener"},{"floor":26.0,"key":"Question Card"},{"floor":38.0,"key":"Unceasing Top"},{"floor":43,"key":"Ancient Tea Set"}],"event_choices":[{"cards_removed":["Strike_B"],"damage_healed":0.0,"max_hp_gain":0.0,"max_hp_loss":0.0,"gold_gain":0.0,"event_name":"Purifier","player_choice":"Purged","floor":2.0,"gold_loss":0.0,"damage_taken":0.0},{"damage_healed":20.0,"max_hp_gain":0.0,"max_hp_loss":0.0,"gold_gain":0.0,"event_name":"Mushrooms","player_choice":"Healed and dodged fight","floor":7.0,"gold_loss":0.0,"damage_taken":0.0,"cards_obtained":["Parasite"]},{"damage_healed":0.0,"max_hp_gain":0.0,"max_hp_loss":0.0,"gold_gain":0.0,"event_name":"FaceTrader","player_choice":"Trade","floor":21.0,"gold_loss":0.0,"damage_taken":0.0,"relics_obtained":["SsserpentHead"]},{"damage_healed":0.0,"max_hp_gain":0.0,"max_hp_loss":4.0,"gold_gain":0.0,"event_name":"Winding Halls","player_choice":"Max HP","floor":36.0,"gold_loss":0.0,"damage_taken":0.0},{"damage_healed":0.0,"max_hp_gain":0.0,"max_hp_loss":0.0,"gold_gain":0.0,"event_name":"Mysterious Sphere","player_choice":"Fight","floor":38.0,"gold_loss":0.0,"damage_taken":0.0},{"damage_healed":0.0,"max_hp_gain":0.0,"max_hp_loss":0.0,"gold_gain":0.0,"event_name":"SensoryStone","player_choice":"Memory 1","floor":39.0,"gold_loss":0.0,"damage_taken":0.0},{"cards_removed":["Static Discharge"],"damage_healed":0.0,"max_hp_gain":0.0,"max_hp_loss":0.0,"gold_gain":0.0,"event_name":"Falling","player_choice":"Removed Power","floor":41.0,"gold_loss":0.0,"damage_taken":0.0}],"is_beta":false,"boss_relics":[{"not_picked":["Snecko Eye","Empty Cage"],"picked":"Ectoplasm"},{"not_picked":["Orrery","Coffee Dripper"],"picked":"Nuclear Battery"}],"items_purged_floors":[8],"is_endless":false,"potions_floor_spawned":[5,11,18,22,27,28,33,37,42],"ascension_level":0}