{"gold_per_floor":[115,47,122,140,90,122,147,72,72,83,83,83,93,93,93,188,188,206,196,96,113,125,125,158,33,33,33,53,53,53],"floor_reached":30,"playtime":2523,"items_purged":["Strike_G","Strike_G","Strike_G"],"score":260,"play_id":"2c62c3b9-b8af-4429-8736-de4e93e07456","local_time":"20190210153606","is_ascension_mode":true,"campfire_choices":[{"floor":11,"key":"REST"},{"floor":15,"key":"REST"},{"floor":23,"key":"REST"},{"floor":27,"key":"REST"},{"floor":29,"key":"REST"}],"neow_cost":"NONE","seed_source_timestamp":108528911950100,"circlet_count":0,"master_deck":["Defend_G","Defend_G","Defend_G","Defend_G","Defend_G","Strike_G","Survivor","Neutralize","Deadly Poison","Envenom","Backstab","Noxious Fumes","Deflect","Bane","Bouncing Flask","Concentrate","Bane","Slice"],"relics":["Ring of the Snake","Bag of Preparation","Anchor","Odd Mushroom","PreservedInsect","FaceOfCleric","Philosopher\u0027s Stone","Paper Crane","Dream Catcher"],"potions_floor_usage":[1,13,13,19,24,24,30],"damage_taken":[{"damage":7,"enemies":"2 Louse","floor":1,"turns":4},{"damage":0,"enemies":"Cultist","floor":4,"turns":4},{"damage":28,"enemies":"Gremlin Nob","floor":6,"turns":4},{"damage":21,"enemies":"The Mushroom Lair","floor":7,"turns":5},{"damage":1,"enemies":"Jaw Worm","floor":10,"turns":4},{"damage":10,"enemies":"Gremlin Gang","floor":13,"turns":5},{"damage":28,"enemies":"The Guardian","floor":16,"turns":9},{"damage":0,"enemies":"Chosen","floor":18,"turns":4},{"damage":14,"enemies":"2 Thieves","floor":19,"turns":4},{"damage":29,"enemies":"Sentry and Sphere","floor":21,"turns":5},{"damage":18,"enemies":"Snake Plant","floor":22,"turns":4},{"damage":55,"enemies":"Gremlin Leader","floor":24,"turns":4},{"damage":27,"enemies":"3 Cultists","floor":28,"turns":5},{"damage":32,"enemies":"Sentry and Sphere","floor":30,"turns":5}],"seed_played":"6498088372841948937","potions_obtained":[{"floor":1,"key":"Fruit Juice"},{"floor":6,"key":"EssenceOfSteel"},{"floor":12,"key":"FairyPotion"},{"floor":12,"key":"Regen Potion"},{"floor":16,"key":"Poison Potion"},{"floor":19,"key":"AttackPotion"},{"floor":21,"key":"SkillPotion"},{"floor":24,"key":"Dexterity Potion"}],"is_trial":false,"path_per_floor":["M","$","?","M","?","E","?","$","T","M","R","?","M","?","R","B",null,"M","M","$","M","M","R","E","$","T","R","M","R","M"],"character_chosen":"THE_SILENT","items_purchased":["Envenom"],"campfire_rested":5,"item_purchase_floors":[2],"current_hp_per_floor":[68,68,57,57,57,29,8,8,8,7,29,29,34,34,56,29,76,77,64,64,36,19,43,9,9,9,33,7,31,0],"gold":53,"neow_bonus":"RANDOM_COMMON_RELIC","is_prod":false,"is_daily":false,"chose_seed":false,"campfire_upgraded":0,"win_rate":0,"timestamp":1549841766,"path_taken":["M","$","?","M","?","E","?","$","T","M","R","?","?","?","R","BOSS","M","M","$","M","?","R","E","$","T","R","M","R","M"],"build_version":"2019-01-23","purchased_purges":3,"victory":false,"max_hp_per_floor":[75,75,75,75,75,75,75,75,75,75,75,75,75,75,75,76,76,77,78,78,79,80,80,81,81,81,81,82,82,82],"card_choices":[{"not_picked":["Distraction","Riddle With Holes"],"picked":"Deadly Poison","floor":1},{"not_picked":["Backflip","Prepared"],"picked":"Backstab","floor":4},{"not_picked":["Envenom","Flying Knee"],"picked":"Noxious Fumes","floor":6},{"not_picked":["Slice","Sucker Punch"],"picked":"Deflect","floor":7},{"not_picked":["Deadly Poison","Slice"],"picked":"Bane","floor":10},{"not_picked":["Caltrops","Acrobatics"],"picked":"Bouncing Flask","floor":13},{"not_picked":["Endless Agony+1","Blade Dance"],"picked":"Concentrate","floor":18},{"not_picked":["Blur","Riddle With Holes"],"picked":"Bane","floor":19},{"not_picked":["Endless Agony","Flying Knee","Escape Plan"],"picked":"SKIP","floor":21},{"not_picked":["Cloak And Dagger","Dagger Spray"],"picked":"Slice","floor":22},{"not_picked":["Leg Sweep+1","Bane","Grand Finale"],"picked":"SKIP","floor":24},{"not_picked":["Accuracy","Flechettes","Quick Slash+1"],"picked":"SKIP","floor":28}],"player_experience":112694,"relics_obtained":[{"floor":6,"key":"Anchor"},{"floor":7,"key":"Odd Mushroom"},{"floor":9,"key":"PreservedInsect"},{"floor":24,"key":"Paper Crane"},{"floor":26,"key":"Dream Catcher"}],"event_choices":[{"damage_healed":0,"gold_gain":75,"player_choice":"Gather Gold","damage_taken":11,"max_hp_gain":0,"max_hp_loss":0,"event_name":"World of Goop","floor":3,"gold_loss":0},{"cards_removed":["Strike_G"],"damage_healed":0,"gold_gain":0,"player_choice":"Card Removal","damage_taken":0,"max_hp_gain":0,"max_hp_loss":0,"event_name":"The Cleric","floor":5,"gold_loss":50},{"damage_healed":0,"gold_gain":0,"player_choice":"Fought Mushrooms","damage_taken":0,"max_hp_gain":0,"max_hp_loss":0,"event_name":"Mushrooms","floor":7,"gold_loss":0},{"damage_healed":0,"gold_gain":0,"player_choice":"Got Potions","damage_taken":0,"max_hp_gain":0,"max_hp_loss":0,"event_name":"Lab","floor":12,"gold_loss":0},{"damage_healed":0,"gold_gain":0,"player_choice":"Trade","damage_taken":0,"relics_obtained":["FaceOfCleric"],"max_hp_gain":0,"max_hp_loss":0,"event_name":"FaceTrader","floor":14,"gold_loss":0}],"is_beta":false,"boss_relics":[{"not_picked":["Busted Crown","Cursed Key"],"picked":"Philosopher\u0027s Stone"}],"items_purged_floors":[8,20,25],"is_endless":false,"potions_floor_spawned":[1,6,16,19,21,24],"killed_by":"Sentry and Sphere","ascension_level":1}