{"gold_per_floor":[118,8,8,26,43,74,74,58,58,58,58,83,83,103,103,204,204,219,219,269,280,299,299,311,311,337,369,369],"floor_reached":28,"playtime":1274,"items_purged":[],"score":335,"play_id":"bcfcec1c-beef-4176-a630-0629b464ca56","local_time":"20190613192009","is_ascension_mode":true,"campfire_choices":[{"floor":7,"key":"REST"},{"floor":10,"key":"REST"},{"floor":15,"key":"REST"},{"floor":23,"key":"REST"},{"data":"Envenom","floor":25,"key":"SMITH"}],"neow_cost":"NONE","seed_source_timestamp":561639367627833,"circlet_count":0,"master_deck":["Defend_G","Defend_G","Defend_G","Defend_G","Defend_G","Strike_G","Strike_G","Strike_G","Strike_G","Survivor","Neutralize","Poisoned Stab","Leg Sweep+1","Footwork","Dagger Spray","Quick Slash","Sucker Punch","Envenom+1","Sucker Punch","Sucker Punch","Noxious Fumes","Decay","Envenom"],"relics":["Eternal Feather","Blood Vial","Paper Crane","Matryoshka","Cursed Key","Vajra","Orichalcum","Juzu Bracelet","Shuriken"],"potions_floor_usage":[16,22,22,27,28],"damage_taken":[{"damage":7,"enemies":"Jaw Worm","floor":1,"turns":5},{"damage":3,"enemies":"Cultist","floor":4,"turns":5},{"damage":0,"enemies":"2 Louse","floor":5,"turns":4},{"damage":47,"enemies":"Gremlin Nob","floor":6,"turns":6},{"damage":16,"enemies":"Exordium Thugs","floor":8,"turns":6},{"damage":28,"enemies":"3 Sentries","floor":12,"turns":10},{"damage":9,"enemies":"3 Louse","floor":14,"turns":3},{"damage":37,"enemies":"Hexaghost","floor":16,"turns":13},{"damage":9,"enemies":"Spheric Guardian","floor":18,"turns":8},{"damage":6,"enemies":"Chosen","floor":21,"turns":5},{"damage":7,"enemies":"Snecko","floor":22,"turns":7},{"damage":14,"enemies":"Snake Plant","floor":24,"turns":7},{"damage":56,"enemies":"Gremlin Leader","floor":27,"turns":9},{"damage":17,"enemies":"Centurion and Healer","floor":28,"turns":6}],"seed_played":"529846112822065325","potions_obtained":[{"floor":12,"key":"PowerPotion"},{"floor":14,"key":"SkillPotion"},{"floor":16,"key":"PowerPotion"},{"floor":18,"key":"Fire Potion"},{"floor":27,"key":"Weak Potion"}],"is_trial":false,"path_per_floor":["M","$","?","M","M","E","R","M","T","R","?","E","?","M","R","B",null,"M","?","?","M","M","R","M","R","T","E","M"],"character_chosen":"THE_SILENT","items_purchased":["Leg Sweep","Footwork"],"campfire_rested":4,"item_purchase_floors":[2,2],"current_hp_per_floor":[56,56,56,53,53,6,36,22,22,52,52,26,26,19,49,14,56,49,49,49,45,40,70,56,68,68,14,0],"gold":369,"neow_bonus":"BOSS_RELIC","is_prod":false,"is_daily":false,"chose_seed":false,"campfire_upgraded":1,"win_rate":0,"timestamp":1560468009,"path_taken":["M","$","?","M","M","E","R","M","T","R","?","E","?","M","R","BOSS","M","?","?","?","M","R","M","R","T","E","M"],"build_version":"2019-01-23","purchased_purges":0,"victory":false,"max_hp_per_floor":[70,70,70,70,70,70,70,70,70,70,70,70,70,70,70,70,70,70,70,70,70,70,70,70,70,70,70,70],"card_choices":[{"not_picked":["Outmaneuver","Underhanded Strike"],"picked":"Poisoned Stab","floor":1},{"not_picked":["Heel Hook","Endless Agony"],"picked":"Dagger Spray","floor":4},{"not_picked":["Acrobatics","Calculated Gamble"],"picked":"Quick Slash","floor":5},{"not_picked":["Concentrate","Endless Agony","Dodge and Roll"],"picked":"SKIP","floor":6},{"not_picked":["Deflect","Distraction","PiercingWail"],"picked":"SKIP","floor":8},{"not_picked":["Acrobatics","PiercingWail"],"picked":"Sucker Punch","floor":12},{"not_picked":["Blade Dance","Masterful Stab","Slice"],"picked":"SKIP","floor":14},{"not_picked":["Tools of the Trade","Storm of Steel"],"picked":"Envenom","floor":16},{"not_picked":["Outmaneuver","Choke"],"picked":"Sucker Punch","floor":18},{"not_picked":["Flying Knee","Acrobatics+1"],"picked":"Sucker Punch","floor":21},{"not_picked":["Cloak And Dagger+1","Outmaneuver"],"picked":"Noxious Fumes","floor":22},{"not_picked":["Tactician","Dodge and Roll","Distraction"],"picked":"SKIP","floor":24},{"not_picked":["Setup","Slice+1"],"picked":"Envenom","floor":27}],"player_experience":443429,"relics_obtained":[{"floor":6,"key":"Blood Vial"},{"floor":9,"key":"Paper Crane"},{"floor":12,"key":"Matryoshka"},{"floor":26,"key":"Orichalcum"},{"floor":26,"key":"Juzu Bracelet"},{"floor":27,"key":"Shuriken"}],"event_choices":[{"damage_healed":0,"gold_gain":0,"player_choice":"Grow","damage_taken":0,"max_hp_gain":0,"max_hp_loss":0,"event_name":"Living Wall","floor":3,"gold_loss":0,"cards_upgraded":["Leg Sweep"]},{"damage_healed":0,"gold_gain":0,"player_choice":"Ignored","damage_taken":0,"max_hp_gain":0,"max_hp_loss":0,"event_name":"Shining Light","floor":11,"gold_loss":0},{"cards_removed":["Strike_G"],"damage_healed":0,"gold_gain":0,"player_choice":"Purged","damage_taken":0,"max_hp_gain":0,"max_hp_loss":0,"event_name":"Purifier","floor":13,"gold_loss":0},{"damage_healed":0,"gold_gain":0,"player_choice":"Opened","damage_taken":0,"relics_obtained":["Vajra"],"max_hp_gain":0,"max_hp_loss":0,"event_name":"The Mausoleum","floor":19,"gold_loss":0},{"damage_healed":0,"gold_gain":100,"player_choice":"Bet on Murderer","damage_taken":0,"max_hp_gain":0,"max_hp_loss":0,"event_name":"The Joust","floor":20,"gold_loss":50}],"is_beta":false,"boss_relics":[{"not_picked":["Fusion Hammer","Calling Bell"],"picked":"Cursed Key"}],"items_purged_floors":[],"is_endless":false,"potions_floor_spawned":[12,14,16,18,27],"killed_by":"Centurion and Healer","ascension_level":7}