{"gold_per_floor":[114,64,29,29,48,74,74,74,149,149,183,203,203,215,215,311,311,322,322,67,87,101,101,134,134,134,59,59,19,0,12,12,109,109,124,135,61,61,81,81,95,95,95,20,20,33,33,33,33,33],"floor_reached":51,"playtime":1784,"items_purged":["Shame"],"score":820,"play_id":"dbe1f70a-b763-4d6c-8d87-6edd4cabd908","local_time":"20190512173440","is_ascension_mode":true,"campfire_choices":[{"floor":7,"key":"REST"},{"floor":10,"key":"REST"},{"floor":13,"key":"REST"},{"data":"After Image","floor":15,"key":"SMITH"},{"data":"Noxious Fumes","floor":23,"key":"SMITH"},{"floor":28,"key":"REST"},{"data":"Leg Sweep","floor":32,"key":"SMITH"},{"data":"After Image","floor":40,"key":"SMITH"},{"data":"Caltrops","floor":42,"key":"SMITH"},{"floor":49,"key":"REST"}],"neow_cost":"NONE","seed_source_timestamp":467031813604115,"circlet_count":0,"master_deck":["Defend_G","Defend_G","Defend_G","Defend_G","Defend_G","Strike_G","Strike_G","Survivor","Neutralize","Crippling Poison+1","After Image+1","Cloak And Dagger","Adrenaline","Dagger Spray","Poisoned Stab","Noxious Fumes+1","Caltrops+1","Leg Sweep+1","After Image+1","Footwork","Caltrops+1","Quick Slash","Clumsy","Catalyst"],"relics":["Runic Dome","Ninja Scroll","Blood Vial","Pear","Oddly Smooth Stone","Cursed Key","Singing Bowl","Art of War","WingedGreaves","Philosopher\u0027s Stone","Pocketwatch"],"potions_floor_usage":[6,18,24,33,35,50],"damage_taken":[{"damage":2,"enemies":"Small Slimes","floor":1,"turns":5},{"damage":4,"enemies":"Jaw Worm","floor":5,"turns":6},{"damage":36,"enemies":"Gremlin Nob","floor":6,"turns":5},{"damage":19,"enemies":"Lagavulin","floor":11,"turns":8},{"damage":0,"enemies":"2 Louse","floor":12,"turns":2},{"damage":0,"enemies":"Blue Slaver","floor":14,"turns":4},{"damage":14,"enemies":"The Guardian","floor":16,"turns":19},{"damage":0,"enemies":"3 Byrds","floor":18,"turns":4},{"damage":3,"enemies":"2 Thieves","floor":21,"turns":4},{"damage":2,"enemies":"Centurion and Healer","floor":22,"turns":11},{"damage":10,"enemies":"Book of Stabbing","floor":24,"turns":7},{"damage":14,"enemies":"Cultist and Chosen","floor":31,"turns":6},{"damage":62,"enemies":"Collector","floor":33,"turns":11},{"damage":2,"enemies":"3 Shapes","floor":35,"turns":4},{"damage":8,"enemies":"3 Darklings","floor":36,"turns":5},{"damage":17,"enemies":"Transient","floor":39,"turns":5},{"damage":2,"enemies":"Writhing Mass","floor":41,"turns":6},{"damage":19,"enemies":"4 Shapes","floor":46,"turns":6},{"damage":70,"enemies":"Awakened One","floor":50,"turns":18}],"seed_played":"-6264978943062437062","potions_obtained":[{"floor":5,"key":"Strength Potion"},{"floor":14,"key":"Regen Potion"},{"floor":16,"key":"LiquidBronze"},{"floor":18,"key":"Weak Potion"},{"floor":33,"key":"AttackPotion"},{"floor":35,"key":"Energy Potion"},{"floor":41,"key":"SteroidPotion"}],"is_trial":false,"path_per_floor":["M","?","$","?","M","E","R","?","T","R","E","M","R","M","R","B",null,"M","?","$","M","M","R","E","?","T","?","R","$","?","M","R","B",null,"M","M","$","?","M","R","M","R","T","$","?","M","$","?","R","B",null],"character_chosen":"THE_SILENT","items_purchased":["Crippling Poison","Singing Bowl","Caltrops","Footwork"],"campfire_rested":5,"item_purchase_floors":[3,20,29,37],"current_hp_per_floor":[68,68,68,61,57,21,42,30,40,64,47,49,73,75,75,63,80,80,80,80,77,77,77,71,55,55,55,81,81,81,69,69,24,87,87,83,83,83,68,68,68,68,68,68,70,53,53,53,80,12],"gold":33,"neow_bonus":"BOSS_RELIC","is_prod":false,"is_daily":false,"chose_seed":false,"campfire_upgraded":5,"win_rate":0,"timestamp":1557696880,"path_taken":["M","?","$","?","M","E","R","?","T","R","E","M","R","?","R","BOSS","M","?","$","M","M","R","E","?","T","?","R","$","?","M","R","BOSS","M","M","$","?","?","R","M","R","T","?","?","M","$","?","R","BOSS"],"build_version":"2019-01-23","purchased_purges":1,"victory":true,"max_hp_per_floor":[70,70,70,70,70,70,70,70,80,80,80,80,80,80,80,80,80,80,80,80,80,80,80,82,87,87,87,87,87,87,87,87,87,87,89,91,91,91,91,91,91,91,91,91,93,93,93,93,93,93],"card_choices":[{"not_picked":["Outmaneuver","Blur","Dodge and Roll"],"picked":"SKIP","floor":1},{"not_picked":["Outmaneuver","Finisher"],"picked":"Poisoned Stab","floor":5},{"not_picked":["Masterful Stab","Skewer","Sucker Punch"],"picked":"SKIP","floor":6},{"not_picked":["Quick Slash","Deadly Poison"],"picked":"After Image","floor":11},{"not_picked":["Deflect","Bouncing Flask","Predator"],"picked":"SKIP","floor":12},{"not_picked":["Sucker Punch","Choke"],"picked":"Cloak And Dagger","floor":14},{"not_picked":["Tools of the Trade","Night Terror"],"picked":"Adrenaline","floor":16},{"not_picked":["Underhanded Strike","Outmaneuver"],"picked":"Dagger Spray","floor":18},{"not_picked":["Concentrate","Cloak And Dagger"],"picked":"Poisoned Stab","floor":21},{"not_picked":["Crippling Poison+1","Caltrops"],"picked":"Noxious Fumes","floor":22},{"not_picked":["Prepared","Blade Dance+1","Phantasmal Killer"],"picked":"Singing Bowl","floor":24},{"not_picked":["Blade Dance","Prepared+1"],"picked":"Leg Sweep","floor":31},{"not_picked":["Corpse Explosion","A Thousand Cuts"],"picked":"After Image","floor":33},{"not_picked":["Underhanded Strike+1","Dodge and Roll+1","Slice"],"picked":"Singing Bowl","floor":35},{"not_picked":["Backflip","Poisoned Stab","PiercingWail+1"],"picked":"Singing Bowl","floor":36},{"not_picked":["Sucker Punch","Dagger Throw"],"picked":"Caltrops+1","floor":39},{"not_picked":["Calculated Gamble","Well Laid Plans+1"],"picked":"Quick Slash","floor":41},{"not_picked":["Violence","Swift Strike","Impatience"],"picked":"Singing Bowl","floor":45},{"not_picked":["Crippling Poison+1","Cloak And Dagger"],"picked":"Catalyst","floor":46}],"player_experience":334866,"relics_obtained":[{"floor":6,"key":"Ninja Scroll"},{"floor":9,"key":"Pear"},{"floor":11,"key":"Oddly Smooth Stone"},{"floor":24,"key":"Art of War"},{"floor":26,"key":"WingedGreaves"},{"floor":43,"key":"Pocketwatch"}],"event_choices":[{"cards_removed":["Strike_G"],"damage_healed":0,"gold_gain":0,"player_choice":"Card Removal","damage_taken":0,"max_hp_gain":0,"max_hp_loss":0,"event_name":"The Cleric","floor":2,"gold_loss":50},{"cards_removed":["Strike_G"],"damage_healed":0,"gold_gain":0,"player_choice":"Card Removal","damage_taken":7,"max_hp_gain":0,"max_hp_loss":0,"event_name":"Golden Wing","floor":4,"gold_loss":0},{"damage_healed":0,"gold_gain":0,"player_choice":"Success","damage_taken":12,"relics_obtained":["Blood Vial"],"max_hp_gain":0,"max_hp_loss":0,"event_name":"Scrap Ooze","floor":8,"gold_loss":0},{"damage_healed":0,"gold_gain":0,"player_choice":"Ignored","damage_taken":0,"max_hp_gain":0,"max_hp_loss":0,"event_name":"Ghosts","floor":19,"gold_loss":0},{"damage_healed":0,"gold_gain":0,"player_choice":"Shed Blood","damage_taken":21,"max_hp_gain":5,"max_hp_loss":0,"event_name":"Forgotten Altar","floor":25,"gold_loss":0},{"cards_removed":["Strike_G"],"damage_healed":0,"gold_gain":0,"player_choice":"Gave Gold","damage_taken":0,"max_hp_gain":0,"max_hp_loss":0,"event_name":"Beggar","floor":27,"gold_loss":75},{"damage_healed":0,"gold_gain":0,"player_choice":"Paid Fearfully","damage_taken":0,"max_hp_gain":0,"max_hp_loss":0,"event_name":"Masked Bandits","floor":30,"gold_loss":19},{"damage_healed":0,"gold_gain":0,"player_choice":"Upgraded","damage_taken":0,"max_hp_gain":0,"max_hp_loss":0,"event_name":"Upgrade Shrine","floor":38,"gold_loss":0,"cards_upgraded":["Crippling Poison"]},{"damage_healed":0,"gold_gain":0,"player_choice":"Memory 1","damage_taken":0,"max_hp_gain":0,"max_hp_loss":0,"event_name":"SensoryStone","floor":45,"gold_loss":0},{"cards_removed":["Poisoned Stab"],"damage_healed":0,"gold_gain":0,"player_choice":"Removed Attack","damage_taken":0,"max_hp_gain":0,"max_hp_loss":0,"event_name":"Falling","floor":48,"gold_loss":0}],"is_beta":false,"boss_relics":[{"not_picked":["Tiny House","Ectoplasm"],"picked":"Cursed Key"},{"not_picked":["Eternal Feather","Calling Bell"],"picked":"Philosopher\u0027s Stone"}],"items_purged_floors":[44],"is_endless":false,"potions_floor_spawned":[5,14,16,18,33,35,41],"ascension_level":4}