{"gold_per_floor":[112,135,222,248,535,547,484,484,484,503,428,457,24,40,40,40],"floor_reached":16,"playtime":839,"items_purged":["Regret","Strike_R"],"score":186,"play_id":"f2e81b59-ab13-4de9-88b9-19845c0e1839","local_time":"20190604002538","is_ascension_mode":true,"campfire_choices":[{"data":"Body Slam","floor":6.0,"key":"SMITH"},{"data":"Shrug It Off","floor":8.0,"key":"SMITH"},{"data":"Bash","floor":15.0,"key":"SMITH"}],"neow_cost":"NONE","seed_source_timestamp":0,"circlet_count":0,"master_deck":["AscendersBane","Strike_R","Strike_R","Strike_R","Defend_R","Defend_R","Defend_R","Defend_R","Bash+1","Shrug It Off+1","Body Slam+1"],"special_seed":0,"relics":["Burning Blood","NeowsBlessing","MawBank","Potion Belt","Bag of Marbles","StoneCalendar"],"potions_floor_usage":[16],"damage_taken":[{"damage":0.0,"enemies":"Cultist","floor":1.0,"turns":1.0},{"damage":0.0,"enemies":"2 Louse","floor":4.0,"turns":1.0},{"damage":0.0,"enemies":"Jaw Worm","floor":10.0,"turns":1.0},{"damage":20.0,"enemies":"3 Sentries","floor":12.0,"turns":13.0},{"damage":11.0,"enemies":"Gremlin Gang","floor":14.0,"turns":7.0},{"damage":57,"enemies":"Hexaghost","floor":16,"turns":10}],"seed_played":"1475362317130149316","potions_obtained":[{"floor":4.0,"key":"Strength Potion"},{"floor":12.0,"key":"PowerPotion"}],"is_trial":false,"path_per_floor":["M","T","?","M","?","R","$","R","T","M","?","E","$","M","R","B"],"character_chosen":"IRONCLAD","items_purchased":["StoneCalendar"],"campfire_rested":0,"item_purchase_floors":[13],"current_hp_per_floor":[74,74,63,69,69,69,69,69,69,75,75,61,61,56,56,0],"gold":40,"neow_bonus":"THREE_ENEMY_KILL","is_prod":false,"is_daily":false,"chose_seed":false,"campfire_upgraded":3,"win_rate":0,"timestamp":1559633138,"path_taken":["M","?","?","M","?","R","$","R","T","?","?","E","?","M","R","BOSS"],"build_version":"2019-01-23","purchased_purges":2,"victory":false,"max_hp_per_floor":[75,75,75,75,75,75,75,75,75,75,75,75,75,75,75,75],"card_choices":[{"not_picked":["Cleave","Dropkick"],"picked":"Shrug It Off","floor":1.0},{"not_picked":["Sword Boomerang","Twin Strike"],"picked":"Body Slam","floor":4.0},{"not_picked":["Thunderclap","Havoc","Corruption"],"picked":"SKIP","floor":10.0},{"not_picked":["Corruption","Clash","Shockwave"],"picked":"SKIP","floor":12.0},{"not_picked":["Twin Strike","Sentinel","Hemokinesis"],"picked":"SKIP","floor":14.0}],"player_experience":430483,"relics_obtained":[{"floor":2.0,"key":"MawBank"},{"floor":9.0,"key":"Potion Belt"},{"floor":12.0,"key":"Bag of Marbles"}],"event_choices":[{"damage_healed":0.0,"max_hp_gain":0.0,"max_hp_loss":0.0,"gold_gain":75.0,"event_name":"World of Goop","player_choice":"Gather Gold","floor":3.0,"gold_loss":0.0,"damage_taken":11.0},{"damage_healed":0.0,"max_hp_gain":0.0,"max_hp_loss":0.0,"gold_gain":275.0,"event_name":"Golden Shrine","player_choice":"Desecrate","floor":5.0,"gold_loss":0.0,"damage_taken":0.0,"cards_obtained":["Regret"]},{"cards_removed":["Strike_R"],"damage_healed":0.0,"max_hp_gain":0.0,"max_hp_loss":0.0,"gold_gain":0.0,"event_name":"The Cleric","player_choice":"Card Removal","floor":11.0,"gold_loss":75.0,"damage_taken":0.0}],"is_beta":false,"boss_relics":[],"items_purged_floors":[7,13],"is_endless":false,"potions_floor_spawned":[4,12],"killed_by":"Hexaghost","ascension_level":18}