{"gold_per_floor":[110,56,68,68,68,68,68,68,121,136,136,151,177,197,197,301,301,313,326,346,346,271,285,285,303,303,303,319,329,329,349,349,349],"floor_reached":33,"playtime":3015,"items_purged":["Defend_R"],"score":406,"play_id":"6bd8c484-b6ba-418e-be40-b543d4541eef","local_time":"20190428011147","is_ascension_mode":true,"campfire_choices":[{"data":"Battle Trance","floor":6.0,"key":"SMITH"},{"data":"Clash","floor":8.0,"key":"SMITH"},{"data":"Battle Trance","floor":11.0,"key":"SMITH"},{"data":"Rage","floor":15.0,"key":"SMITH"},{"floor":24.0,"key":"REST"},{"floor":27.0,"key":"REST"},{"floor":30.0,"key":"REST"},{"floor":32,"key":"REST"}],"neow_cost":"NONE","seed_source_timestamp":0,"circlet_count":0,"master_deck":["Strike_R","Strike_R","Strike_R","Strike_R","Defend_R","Defend_R","Defend_R","Bash","Clash+1","Clash","Battle Trance+1","Battle Trance+1","Rage+1"],"special_seed":0,"relics":["Burning Blood","NeowsBlessing","Omamori","StoneCalendar","White Beast Statue","GremlinMask","Mercury Hourglass"],"potions_floor_usage":[33,33],"damage_taken":[{"damage":0.0,"enemies":"Small Slimes","floor":1.0,"turns":1.0},{"damage":0.0,"enemies":"Cultist","floor":3.0,"turns":1.0},{"damage":0.0,"enemies":"2 Louse","floor":10.0,"turns":1.0},{"damage":3.0,"enemies":"Blue Slaver","floor":12.0,"turns":4.0},{"damage":7.0,"enemies":"Gremlin Nob","floor":13.0,"turns":3.0},{"damage":0.0,"enemies":"2 Fungi Beasts","floor":14.0,"turns":3.0},{"damage":0.0,"enemies":"Slime Boss","floor":16.0,"turns":7.0},{"damage":26.0,"enemies":"3 Byrds","floor":18.0,"turns":7.0},{"damage":42.0,"enemies":"Chosen","floor":19.0,"turns":7.0},{"damage":7.0,"enemies":"Centurion and Healer","floor":20.0,"turns":5.0},{"damage":22.0,"enemies":"Shelled Parasite and Fungi","floor":23.0,"turns":7.0},{"damage":43.0,"enemies":"Snecko","floor":25.0,"turns":6.0},{"damage":29.0,"enemies":"Sentry and Sphere","floor":28.0,"turns":6.0},{"damage":5.0,"enemies":"Centurion and Healer","floor":29.0,"turns":5.0},{"damage":21,"enemies":"Chosen and Byrds","floor":31,"turns":7},{"damage":68,"enemies":"Automaton","floor":33,"turns":8}],"seed_played":"-2563396863332661407","potions_obtained":[{"floor":1.0,"key":"SteroidPotion"},{"floor":10.0,"key":"BloodPotion"},{"floor":13.0,"key":"SkillPotion"},{"floor":18.0,"key":"BloodPotion"},{"floor":19.0,"key":"FearPotion"},{"floor":20.0,"key":"EssenceOfSteel"},{"floor":23.0,"key":"BloodPotion"},{"floor":25.0,"key":"Dexterity Potion"},{"floor":28.0,"key":"Energy Potion"},{"floor":29.0,"key":"Swift Potion"}],"is_trial":false,"path_per_floor":["M","$","M","?","$","R","?","R","T","M","R","M","E","M","R","B",null,"M","M","M","?","$","M","R","M","T","R","M","M","R","M","R","B"],"character_chosen":"IRONCLAD","items_purchased":["Clash"],"campfire_rested":4,"item_purchase_floors":[2],"current_hp_per_floor":[78,78,80,73,73,73,73,73,73,79,79,80,79,80,80,80,80,60,40,39,39,39,23,47,18,18,42,19,20,44,29,53,0],"gold":349,"neow_bonus":"THREE_ENEMY_KILL","is_prod":false,"is_daily":false,"chose_seed":false,"campfire_upgraded":4,"win_rate":0,"timestamp":1556439107,"path_taken":["M","$","M","?","$","R","?","R","T","M","R","?","E","M","R","BOSS","M","M","?","?","$","M","R","M","T","R","M","M","R","?","R","BOSS"],"build_version":"2019-01-23","purchased_purges":1,"victory":false,"max_hp_per_floor":[80,80,80,80,80,80,80,80,80,80,80,80,80,80,80,80,80,80,80,80,80,80,80,80,80,80,80,80,80,80,80,80,80],"card_choices":[{"not_picked":["Rupture","Havoc"],"picked":"Clash","floor":1.0},{"not_picked":["Perfected Strike","Armaments"],"picked":"Battle Trance","floor":3.0},{"not_picked":["Feed","Rage"],"picked":"Battle Trance","floor":10.0},{"not_picked":["Pommel Strike","Corruption","Searing Blow"],"picked":"SKIP","floor":12.0},{"not_picked":["Sword Boomerang","Impervious"],"picked":"Rage","floor":13.0},{"not_picked":["Havoc","Wild Strike","Evolve"],"picked":"SKIP","floor":14.0},{"not_picked":["Disarm+1","Cleave","Wild Strike+1"],"picked":"SKIP","floor":18.0},{"not_picked":["Burning Pact+1","Metallicize","Anger+1"],"picked":"SKIP","floor":19.0},{"not_picked":["Iron Wave+1","Flame Barrier","Immolate"],"picked":"SKIP","floor":20.0},{"not_picked":["Thunderclap","Evolve","Sword Boomerang+1"],"picked":"SKIP","floor":23.0},{"not_picked":["Rage","Rupture","Heavy Blade"],"picked":"SKIP","floor":25.0},{"not_picked":["Havoc","True Grit","Dual Wield"],"picked":"SKIP","floor":28.0},{"not_picked":["Clothesline+1","Rampage+1","Intimidate"],"picked":"SKIP","floor":29.0},{"not_picked":["Iron Wave","Anger+1","Pummel"],"picked":"SKIP","floor":31}],"player_experience":316470,"relics_obtained":[{"floor":9.0,"key":"Omamori"},{"floor":13.0,"key":"StoneCalendar"},{"floor":26.0,"key":"Mercury Hourglass"}],"event_choices":[{"cards_removed":["Strike_R"],"damage_healed":0.0,"max_hp_gain":0.0,"max_hp_loss":0.0,"gold_gain":0.0,"event_name":"Golden Wing","player_choice":"Card Removal","floor":4.0,"gold_loss":0.0,"damage_taken":7.0},{"damage_healed":0.0,"max_hp_gain":0.0,"max_hp_loss":0.0,"gold_gain":0.0,"event_name":"WeMeetAgain","player_choice":"Ignored","floor":7.0,"gold_loss":0.0,"damage_taken":0.0},{"damage_healed":0.0,"max_hp_gain":0.0,"max_hp_loss":0.0,"gold_gain":0.0,"event_name":"FaceTrader","player_choice":"Trade","floor":21.0,"gold_loss":0.0,"damage_taken":0.0,"relics_obtained":["GremlinMask"]}],"is_beta":false,"boss_relics":[{"not_picked":["Fusion Hammer","Runic Dome"],"picked":"White Beast Statue"}],"items_purged_floors":[22],"is_endless":false,"potions_floor_spawned":[1,10,13,18,19,20,23,25,28,29,31],"killed_by":"Automaton","ascension_level":7}