{"gold_per_floor":[119,44,44,62,73,399,399,73,73,73,141,16,45,62,62,62],"floor_reached":16,"playtime":2269,"items_purged":["Strike_B","Strike_B","Defend_B"],"score":108,"play_id":"8a5fa54f-9e9e-44bd-80f0-e64cb12137cc","local_time":"20190801042700","is_ascension_mode":false,"campfire_choices":[{"data":"Defragment","floor":7,"key":"SMITH"},{"data":"Loop","floor":10,"key":"SMITH"},{"floor":15,"key":"REST"}],"neow_cost":"NONE","seed_source_timestamp":48444965126191,"circlet_count":0,"master_deck":["Strike_B","Strike_B","Defend_B","Defend_B","Defend_B","Zap","Dualcast","Defragment+1","Capacitor","Leap","Loop+1","Sweeping Beam","Conserve Battery"],"relics":["Cracked Core","NeowsBlessing","NlothsMask","Old Coin","ClockworkSouvenir","Letter Opener","Du-Vu Doll"],"potions_floor_usage":[13,16],"damage_taken":[{"damage":0,"enemies":"Cultist","floor":1,"turns":1},{"damage":0,"enemies":"Jaw Worm","floor":4,"turns":1},{"damage":0,"enemies":"Small Slimes","floor":5,"turns":1},{"damage":30,"enemies":"Gremlin Nob","floor":6,"turns":4},{"damage":9,"enemies":"Lagavulin","floor":13,"turns":6},{"damage":2,"enemies":"Blue Slaver","floor":14,"turns":4},{"damage":57,"enemies":"Hexaghost","floor":16,"turns":9}],"seed_played":"5459126140583060175","potions_obtained":[{"floor":4,"key":"LiquidBronze"},{"floor":5,"key":"SpeedPotion"}],"is_trial":false,"path_per_floor":["M","$","?","M","M","E","R","$","T","R","T","$","E","M","R","B"],"character_chosen":"DEFECT","items_purchased":["Loop","ClockworkSouvenir"],"campfire_rested":1,"item_purchase_floors":[8,8],"current_hp_per_floor":[75,75,75,75,75,45,45,45,45,45,45,45,36,34,56,0],"gold":62,"neow_bonus":"THREE_ENEMY_KILL","is_prod":false,"is_daily":false,"chose_seed":false,"campfire_upgraded":2,"win_rate":0,"timestamp":1564648020,"path_taken":["M","$","?","?","M","E","R","$","T","R","?","$","E","M","R","BOSS"],"build_version":"2019-07-17","purchased_purges":3,"victory":false,"max_hp_per_floor":[75,75,75,75,75,75,75,75,75,75,75,75,75,75,75,75],"card_choices":[{"not_picked":["Gash","Coolheaded"],"picked":"Defragment","floor":1},{"not_picked":["Aggregate","Stack","Streamline"],"picked":"SKIP","floor":4},{"not_picked":["Streamline","Defragment"],"picked":"Capacitor","floor":5},{"not_picked":["Stack","White Noise"],"picked":"Leap","floor":6},{"not_picked":["All For One","Beam Cell"],"picked":"Sweeping Beam","floor":13},{"not_picked":["Rebound","Steam"],"picked":"Conserve Battery","floor":14}],"player_experience":316741,"relics_obtained":[{"floor":6,"key":"Old Coin"},{"floor":11,"key":"Letter Opener"},{"floor":13,"key":"Du-Vu Doll"}],"event_choices":[{"damage_healed":0,"gold_gain":0,"player_choice":"Trade","damage_taken":0,"relics_obtained":["NlothsMask"],"max_hp_gain":0,"max_hp_loss":0,"event_name":"FaceTrader","floor":3,"gold_loss":0}],"is_beta":false,"boss_relics":[],"items_purged_floors":[2,8,12],"is_endless":false,"potions_floor_spawned":[4,5],"killed_by":"Hexaghost","ascension_level":0}