{"gold_per_floor":[111,111,36,36,36,67,67,107,160,178,201,225,225,76,76,201,201,221,121,121,121,121,121,142,142,142,142],"floor_reached":27,"playtime":2415,"items_purged":["Strike_R","Strike_R"],"score":360,"play_id":"4189c444-5e8d-464e-92b7-9e5e91748dc1","local_time":"20190304003429","is_ascension_mode":true,"campfire_choices":[{"floor":15,"key":"REST"},{"data":"Body Slam","floor":23,"key":"SMITH"}],"neow_cost":"NONE","seed_source_timestamp":0,"circlet_count":0,"master_deck":["Strike_R","Defend_R+1","Defend_R+1","Defend_R","Defend_R+1","Bash","Dropkick","Pommel Strike+1","Whirlwind","Body Slam+1","Flex","Flex","Battle Trance"],"special_seed":0,"relics":["Burning Blood","NeowsBlessing","Thread and Needle","Golden Idol","StoneCalendar","Omamori","War Paint","Oddly Smooth Stone","Philosopher\u0027s Stone","Question Card","Nilry\u0027s Codex","Shovel"],"potions_floor_usage":[16],"damage_taken":[{"damage":0.0,"enemies":"Cultist","floor":1.0,"turns":1.0},{"damage":0.0,"enemies":"3 Sentries","floor":6.0,"turns":2.0},{"damage":0.0,"enemies":"Lagavulin","floor":8.0,"turns":1.0},{"damage":0.0,"enemies":"Small Slimes","floor":10.0,"turns":2.0},{"damage":0.0,"enemies":"Jaw Worm","floor":11.0,"turns":3.0},{"damage":6.0,"enemies":"Large Slime","floor":12.0,"turns":6.0},{"damage":62,"enemies":"Hexaghost","floor":16,"turns":8},{"damage":43,"enemies":"3 Byrds","floor":18,"turns":6},{"damage":3,"enemies":"Shell Parasite","floor":24,"turns":2},{"damage":21,"enemies":"Centurion and Healer","floor":27,"turns":1}],"seed_played":"-7399664596912318889","potions_obtained":[{"floor":6.0,"key":"GamblersBrew"},{"floor":8.0,"key":"Regen Potion"},{"floor":12.0,"key":"FearPotion"}],"is_trial":false,"path_per_floor":["M","?","$","?","$","E","?","E","T","M","M","M","?","$","R","B",null,"M","$","?","T","?","R","M","?","T","M"],"character_chosen":"IRONCLAD","items_purchased":["Oddly Smooth Stone"],"campfire_rested":1,"item_purchase_floors":[14],"current_hp_per_floor":[78,71,71,51,51,57,41,47,47,53,59,59,52,52,76,35,69,32,32,32,32,32,32,35,19,19,0],"gold":142,"neow_bonus":"THREE_ENEMY_KILL","is_prod":false,"is_daily":false,"chose_seed":false,"campfire_upgraded":1,"win_rate":0,"timestamp":1551688469,"path_taken":["M","?","$","?","$","E","?","E","T","M","?","M","?","$","R","BOSS","M","$","?","?","?","R","?","?","T","M"],"build_version":"2019-01-23","purchased_purges":2,"victory":false,"max_hp_per_floor":[80,80,80,80,80,80,80,80,80,80,80,80,80,80,80,80,80,80,80,80,80,80,80,80,80,80,80],"card_choices":[{"not_picked":["Clothesline","Warcry"],"picked":"Dropkick","floor":1.0},{"not_picked":["Second Wind","Blood for Blood"],"picked":"Pommel Strike","floor":6.0},{"not_picked":["Shrug It Off","Blood for Blood"],"picked":"Whirlwind","floor":8.0},{"not_picked":["Havoc","Anger"],"picked":"Body Slam","floor":10.0},{"not_picked":["Evolve","Havoc"],"picked":"Flex","floor":11.0},{"not_picked":["Dropkick","Heavy Blade"],"picked":"Flex","floor":12.0},{"not_picked":["Shrug It Off","Cleave"],"picked":"Battle Trance","floor":18},{"not_picked":["Cleave+1","Havoc","Ghostly Armor","Hemokinesis"],"picked":"SKIP","floor":24}],"player_experience":259240,"relics_obtained":[{"floor":6.0,"key":"StoneCalendar"},{"floor":8.0,"key":"Omamori"},{"floor":9.0,"key":"War Paint"},{"floor":21,"key":"Question Card"},{"floor":25,"key":"Nilry\u0027s Codex"},{"floor":26,"key":"Shovel"}],"event_choices":[{"damage_healed":0.0,"max_hp_gain":0.0,"max_hp_loss":0.0,"gold_gain":0.0,"event_name":"Scrap Ooze","player_choice":"Success","floor":2.0,"gold_loss":0.0,"damage_taken":7.0,"relics_obtained":["Thread and Needle"]},{"damage_healed":0.0,"max_hp_gain":0.0,"max_hp_loss":0.0,"gold_gain":0.0,"event_name":"Golden Idol","player_choice":"Take Damage","floor":4.0,"gold_loss":0.0,"damage_taken":20.0,"relics_obtained":["Golden Idol"]},{"damage_healed":0.0,"max_hp_gain":0.0,"max_hp_loss":0.0,"gold_gain":0.0,"event_name":"Shining Light","player_choice":"Entered Light","floor":7.0,"gold_loss":0.0,"damage_taken":16.0,"cards_upgraded":["Defend_R","Pommel Strike"]},{"cards_removed":["Strike_R"],"damage_healed":0,"gold_gain":0,"player_choice":"Card Removal","damage_taken":7,"max_hp_gain":0,"max_hp_loss":0,"event_name":"Golden Wing","floor":13,"gold_loss":0},{"cards_removed":["Strike_R"],"damage_healed":0,"gold_gain":0,"player_choice":"Elegance","damage_taken":0,"max_hp_gain":0,"max_hp_loss":0,"event_name":"Back to Basics","floor":20,"gold_loss":0},{"damage_healed":0,"gold_gain":0,"player_choice":"Ignored","damage_taken":0,"max_hp_gain":0,"max_hp_loss":0,"event_name":"Ghosts","floor":22,"gold_loss":0},{"damage_healed":0,"gold_gain":0,"player_choice":"Obtained Book","damage_taken":16,"max_hp_gain":0,"max_hp_loss":0,"event_name":"Cursed Tome","floor":25,"gold_loss":0}],"is_beta":false,"boss_relics":[{"not_picked":["Astrolabe","Pandora\u0027s Box"],"picked":"Philosopher\u0027s Stone"}],"items_purged_floors":[3,19],"is_endless":false,"potions_floor_spawned":[6,8,12],"killed_by":"Centurion and Healer","ascension_level":7}