{"gold_per_floor":[115,15,34,34,47,47,61,61,61,61,61,90,90,90,90,190,190,206,106,116,129,129,141,168,180],"floor_reached":25,"playtime":794,"items_purged":["Strike_R","Strike_R"],"score":231,"play_id":"65fff550-322e-4fe0-98aa-02c8ee9b5e2d","local_time":"20190210160510","is_ascension_mode":true,"campfire_choices":[{"data":"Flex","floor":6,"key":"SMITH"},{"data":"Pommel Strike","floor":8,"key":"SMITH"},{"data":"Spot Weakness","floor":10,"key":"SMITH"},{"floor":15,"key":"REST"},{"floor":23,"key":"REST"}],"neow_cost":"NONE","seed_source_timestamp":111999565824500,"circlet_count":0,"master_deck":["Strike_R","Strike_R","Defend_R","Defend_R","Defend_R","Defend_R","Bash+1","Flex+1","Pommel Strike+1","Spot Weakness+1","Demon Form","Twin Strike+1","Heavy Blade+1"],"relics":["Burning Blood","NeowsBlessing","Matryoshka","Omamori","Molten Egg 2","Sozu","MawBank"],"potions_floor_usage":[16,16],"damage_taken":[{"damage":2,"enemies":"Small Slimes","floor":1,"turns":2},{"damage":0,"enemies":"Cultist","floor":3,"turns":1},{"damage":0,"enemies":"2 Louse","floor":5,"turns":1},{"damage":11,"enemies":"Looter","floor":7,"turns":2},{"damage":73,"enemies":"Gremlin Nob","floor":12,"turns":5},{"damage":27,"enemies":"Hexaghost","floor":16,"turns":7},{"damage":52,"enemies":"2 Thieves","floor":18,"turns":4},{"damage":6,"enemies":"Spheric Guardian","floor":20,"turns":3},{"damage":27,"enemies":"Snecko","floor":21,"turns":4},{"damage":28,"enemies":"Cultist and Chosen","floor":24,"turns":5},{"damage":18,"enemies":"Shelled Parasite and Fungi","floor":25,"turns":1}],"seed_played":"-1686025393630183498","potions_obtained":[{"floor":5,"key":"GamblersBrew"},{"floor":7,"key":"AttackPotion"},{"floor":16,"key":"Weak Potion"}],"is_trial":false,"path_per_floor":["M","$","M","?","M","R","M","R","T","R","?","E","$","?","R","B",null,"M","$","M","M","?","R","M","M"],"character_chosen":"IRONCLAD","items_purchased":["Flex"],"campfire_rested":2,"item_purchase_floors":[2],"current_hp_per_floor":[80,80,80,80,80,80,75,75,75,75,75,8,8,8,32,11,80,34,34,34,13,13,37,15,0],"gold":180,"neow_bonus":"THREE_ENEMY_KILL","is_prod":false,"is_daily":false,"chose_seed":false,"campfire_upgraded":3,"win_rate":0,"timestamp":1549843510,"path_taken":["M","$","M","?","?","R","M","R","T","R","?","E","$","?","R","BOSS","M","$","?","M","?","R","M","M"],"build_version":"2019-01-23","purchased_purges":2,"victory":false,"max_hp_per_floor":[80,80,80,80,80,80,80,80,80,80,80,80,80,80,80,80,80,80,80,80,80,80,80,80,80],"card_choices":[{"not_picked":["True Grit","Power Through","Sword Boomerang"],"picked":"SKIP","floor":1},{"not_picked":["Hemokinesis","Burning Pact"],"picked":"Pommel Strike","floor":3},{"not_picked":["Sentinel","Perfected Strike","Heavy Blade"],"picked":"SKIP","floor":5},{"not_picked":["Warcry","Clash"],"picked":"Spot Weakness","floor":7},{"not_picked":["Rupture","Thunderclap","Havoc"],"picked":"SKIP","floor":12},{"not_picked":["Reaper+1","Feed+1"],"picked":"Demon Form","floor":16},{"not_picked":["Rupture","Blood for Blood+1"],"picked":"Twin Strike+1","floor":18},{"not_picked":["Searing Blow+1","Havoc"],"picked":"Heavy Blade+1","floor":20},{"not_picked":["Rupture+1","Shockwave","Shrug It Off"],"picked":"SKIP","floor":21},{"not_picked":["Hemokinesis+1","Warcry","Sever Soul+1"],"picked":"SKIP","floor":24}],"player_experience":116125,"relics_obtained":[{"floor":9,"key":"Matryoshka"},{"floor":12,"key":"Molten Egg 2"}],"event_choices":[{"cards_removed":["Strike_R"],"damage_healed":0,"gold_gain":0,"player_choice":"Purged","damage_taken":0,"max_hp_gain":0,"max_hp_loss":0,"event_name":"Purifier","floor":4,"gold_loss":0},{"damage_healed":0,"gold_gain":0,"player_choice":"Searched \u00271\u0027 times","damage_taken":0,"relics_obtained":["Omamori"],"max_hp_gain":0,"max_hp_loss":0,"event_name":"Dead Adventurer","floor":11,"gold_loss":0},{"damage_healed":0,"gold_gain":0,"player_choice":"Forge","damage_taken":0,"max_hp_gain":0,"max_hp_loss":0,"event_name":"Accursed Blacksmith","floor":14,"gold_loss":0,"cards_upgraded":["Bash"]},{"damage_healed":0,"gold_gain":0,"player_choice":"Gave Potion","damage_taken":0,"relics_obtained":["MawBank"],"max_hp_gain":0,"max_hp_loss":0,"event_name":"WeMeetAgain","floor":22,"gold_loss":0}],"is_beta":false,"boss_relics":[{"not_picked":["Runic Dome","Coffee Dripper"],"picked":"Sozu"}],"items_purged_floors":[2,19],"is_endless":false,"potions_floor_spawned":[5,7,16,18,24],"killed_by":"Shelled Parasite and Fungi","ascension_level":3}