{"gold_per_floor":[214,214,231,10,27,54,54,54,77,94,94,113,113,144,144,218,218,235,235,79,92,17,17,35,35,59,94,94,110,135,151,151,223,223,238,238,250,250],"floor_reached":38,"playtime":1252,"items_purged":["Strike_R"],"score":700,"play_id":"82d098bf-680d-4f74-879b-22dd6482a3f1","local_time":"20190504130150","is_ascension_mode":true,"campfire_choices":[{"data":"Carnage","floor":7.0,"key":"SMITH"},{"data":"Demon Form","floor":11.0,"key":"SMITH"},{"data":"Sword Boomerang","floor":13.0,"key":"SMITH"},{"data":"Thunderclap","floor":15.0,"key":"SMITH"},{"data":"Offering","floor":28.0,"key":"SMITH"},{"floor":32.0,"key":"REST"}],"neow_cost":"NONE","seed_source_timestamp":0,"circlet_count":0,"master_deck":["AscendersBane","Strike_R+1","Strike_R+1","Defend_R","Defend_R","Defend_R","Defend_R","Bash","Carnage+1","Thunderclap+1","Sword Boomerang+1","Demon Form+1","Offering+1","Heavy Blade+1","Sword Boomerang+1","Flex+1","Limit Break"],"special_seed":0,"relics":["Burning Blood","Bag of Preparation","Whetstone","Blood Vial","Matryoshka","Philosopher\u0027s Stone","Red Skull","Dodecahedron","Pen Nib","Mercury Hourglass","Paper Frog","Smiling Mask","Black Star"],"potions_floor_usage":[],"damage_taken":[{"damage":18.0,"enemies":"Jaw Worm","floor":1.0,"turns":4.0},{"damage":0.0,"enemies":"Cultist","floor":3.0,"turns":3.0},{"damage":1.0,"enemies":"2 Louse","floor":5.0,"turns":3.0},{"damage":23.0,"enemies":"Lagavulin","floor":6.0,"turns":4.0},{"damage":4.0,"enemies":"Red Slaver","floor":10.0,"turns":2.0},{"damage":8.0,"enemies":"Blue Slaver","floor":12.0,"turns":2.0},{"damage":26.0,"enemies":"Gremlin Nob","floor":14.0,"turns":4.0},{"damage":18.0,"enemies":"Hexaghost","floor":16.0,"turns":7.0},{"damage":21.0,"enemies":"Shell Parasite","floor":18.0,"turns":4.0},{"damage":6.0,"enemies":"Spheric Guardian","floor":21.0,"turns":2.0},{"damage":0.0,"enemies":"Slavers","floor":23.0,"turns":1.0},{"damage":10.0,"enemies":"Snecko","floor":24.0,"turns":3.0},{"damage":36.0,"enemies":"Book of Stabbing","floor":27.0,"turns":3.0},{"damage":6.0,"enemies":"Sentry and Sphere","floor":29.0,"turns":2.0},{"damage":6.0,"enemies":"Cultist and Chosen","floor":31.0,"turns":2.0},{"damage":35.0,"enemies":"Automaton","floor":33.0,"turns":5.0},{"damage":37.0,"enemies":"Orb Walker","floor":35.0,"turns":4.0},{"damage":0.0,"enemies":"3 Shapes","floor":37.0,"turns":3.0},{"damage":56,"enemies":"2 Orb Walkers","floor":38,"turns":2}],"seed_played":"8303677217941673458","potions_obtained":[{"floor":3.0,"key":"FearPotion"},{"floor":5.0,"key":"Block Potion"},{"floor":6.0,"key":"Fruit Juice"},{"floor":10.0,"key":"SmokeBomb"},{"floor":18.0,"key":"Weak Potion"},{"floor":24.0,"key":"PowerPotion"},{"floor":29.0,"key":"LiquidBronze"}],"is_trial":false,"path_per_floor":["M","?","M","$","M","E","R","$","T","M","R","M","R","E","R","B",null,"M","?","$","M","?","E","M","?","T","E","R","M","T","M","R","B",null,"M","?","M","?"],"character_chosen":"IRONCLAD","items_purchased":["Bag of Preparation","Red Skull"],"campfire_rested":1,"item_purchase_floors":[4,20],"current_hp_per_floor":[60,60,66,66,71,54,59,59,59,63,63,63,63,45,45,35,73,60,60,60,62,62,70,68,68,68,40,40,42,42,44,69,42,74,45,45,53,0],"gold":250,"neow_bonus":"HUNDRED_GOLD","is_prod":false,"is_daily":false,"chose_seed":false,"campfire_upgraded":5,"win_rate":0,"timestamp":1557000110,"path_taken":["M","?","M","$","?","E","R","$","T","M","R","M","R","E","R","BOSS","M","?","$","?","?","E","M","?","T","E","R","?","?","M","R","BOSS","M","?","M","?"],"build_version":"2019-01-23","purchased_purges":1,"victory":false,"max_hp_per_floor":[80,80,80,80,80,80,85,85,85,85,85,85,85,85,85,85,85,85,85,85,85,85,85,85,85,85,85,85,85,85,85,85,85,85,85,85,85,85],"card_choices":[{"not_picked":["Iron Wave","Anger"],"picked":"Carnage","floor":1.0},{"not_picked":["Bloodletting","Sword Boomerang"],"picked":"Thunderclap","floor":3.0},{"not_picked":["Second Wind","Searing Blow"],"picked":"Sword Boomerang","floor":5.0},{"not_picked":["Sever Soul","Inflame","Hemokinesis"],"picked":"SKIP","floor":6.0},{"not_picked":["Clash","Dropkick"],"picked":"Demon Form","floor":10.0},{"not_picked":["Headbutt","Iron Wave","Thunderclap"],"picked":"SKIP","floor":12.0},{"not_picked":["Havoc","Entrench","Cleave"],"picked":"SKIP","floor":14.0},{"not_picked":["Immolate","Impervious"],"picked":"Offering","floor":16.0},{"not_picked":["Carnage","Perfected Strike"],"picked":"Heavy Blade+1","floor":18.0},{"not_picked":["Pommel Strike","Hemokinesis","Body Slam"],"picked":"SKIP","floor":21.0},{"not_picked":["Pommel Strike","Hemokinesis","Body Slam"],"picked":"SKIP","floor":21.0},{"not_picked":["Metallicize+1","Reckless Charge","Bloodletting"],"picked":"SKIP","floor":24.0},{"not_picked":["Headbutt+1","Sword Boomerang","Offering"],"picked":"SKIP","floor":27.0},{"not_picked":["Entrench+1","Clash"],"picked":"Flex+1","floor":29.0},{"not_picked":["True Grit","Power Through","Combust"],"picked":"SKIP","floor":31.0},{"not_picked":["Impervious","Double Tap"],"picked":"Limit Break","floor":33.0},{"not_picked":["Cleave","Havoc","Headbutt+1"],"picked":"SKIP","floor":35.0},{"not_picked":["Heavy Blade","Evolve+1","Clash"],"picked":"SKIP","floor":37.0}],"player_experience":365592,"relics_obtained":[{"floor":6.0,"key":"Whetstone"},{"floor":9.0,"key":"Blood Vial"},{"floor":14.0,"key":"Matryoshka"},{"floor":26.0,"key":"Dodecahedron"},{"floor":26.0,"key":"Pen Nib"},{"floor":27.0,"key":"Mercury Hourglass"},{"floor":30.0,"key":"Paper Frog"},{"floor":30.0,"key":"Smiling Mask"}],"event_choices":[{"damage_healed":0.0,"max_hp_gain":0.0,"max_hp_loss":0.0,"gold_gain":0.0,"event_name":"WeMeetAgain","player_choice":"Ignored","floor":2.0,"gold_loss":0.0,"damage_taken":0.0},{"damage_healed":0.0,"max_hp_gain":0.0,"max_hp_loss":0.0,"gold_gain":0.0,"event_name":"Duplicator","player_choice":"Copied","floor":19.0,"gold_loss":0.0,"damage_taken":0.0,"cards_obtained":["Sword Boomerang"]},{"cards_removed":["Strike_R"],"damage_healed":0.0,"max_hp_gain":0.0,"max_hp_loss":0.0,"gold_gain":0.0,"event_name":"Beggar","player_choice":"Gave Gold","floor":22.0,"gold_loss":75.0,"damage_taken":0.0},{"cards_removed":["Strike_R"],"damage_healed":0.0,"max_hp_gain":0.0,"max_hp_loss":0.0,"gold_gain":0.0,"event_name":"Bonfire Elementals","player_choice":"Offered Basic","floor":25.0,"gold_loss":0.0,"damage_taken":0.0},{"damage_healed":0.0,"max_hp_gain":0.0,"max_hp_loss":0.0,"gold_gain":0.0,"event_name":"SensoryStone","player_choice":"Memory 1","floor":36.0,"gold_loss":0.0,"damage_taken":0.0},{"damage_healed":0,"gold_gain":0,"player_choice":"Fight","damage_taken":0,"max_hp_gain":0,"max_hp_loss":0,"event_name":"Mysterious Sphere","floor":38,"gold_loss":0}],"is_beta":false,"boss_relics":[{"not_picked":["Fusion Hammer","Ectoplasm"],"picked":"Philosopher\u0027s Stone"},{"not_picked":["Sozu","Black Blood"],"picked":"Black Star"}],"items_purged_floors":[4],"is_endless":false,"potions_floor_spawned":[3,5,6,10,18,24,29,31],"killed_by":"2 Orb Walkers","ascension_level":13}