{"path_per_floor":["M","?","?","M","$","?","R","M","T","M","?","M","R","M","R","B",null,"M","$","?","?","M","R","T","M","T","M","$"],"character_chosen":"THE_SILENT","items_purchased":["Bane","Flying Knee","Backstab"],"gold_per_floor":[111,61,61,71,45,45,45,60,60,72,100,114,114,132,132,236,236,255,77,77,77,57,57,130,150,175,190,90,90],"floor_reached":29,"campfire_rested":2,"playtime":3009,"current_hp_per_floor":[70,70,56,56,56,56,56,56,56,51,40,35,35,27,48,27,70,60,60,60,44,33,54,54,29,29,21,21,0],"items_purged":["Strike_G","Strike_G"],"gold":90,"score":215,"play_id":"3e4bad89-7768-431f-af4b-f77a97fdaeb3","local_time":"20180510122058","is_prod":false,"is_daily":false,"chose_seed":false,"is_ascension_mode":false,"campfire_upgraded":2,"timestamp":1525951258,"path_taken":["M","?","?","M","?","?","R","M","T","?","?","M","R","M","R","BOSS","M","$","?","?","M","R","?","M","T","?","?","M"],"build_version":"2018-05-03","seed_source_timestamp":69713415889467,"purchased_purges":2,"victory":false,"master_deck":["Defend_G","Defend_G","Defend_G+1","Defend_G","Defend_G","Strike_G","Strike_G","Survivor+1","Neutralize","Bane+1","Poisoned Stab+1","Bane","Deflect","Caltrops+1","Cloak And Dagger","Envenom","Flying Knee","Backstab","Sucker Punch","Dagger Throw","Deflect+1"],"max_hp_per_floor":[70,70,70,70,70,70,70,70,70,70,70,70,70,70,70,70,70,70,70,70,70,70,70,70,70,70,70,70,70],"relics":["Ring of the Snake","Centennial Puzzle","Odd Mushroom","Runic Pyramid","Nilry\u0027s Codex","Ornamental Fan","Vajra"],"card_choices":[{"not_picked":["Prepared","PiercingWail"],"picked":"Bane","floor":1},{"not_picked":["Masterful Stab","Blade Dance"],"picked":"Poisoned Stab","floor":4},{"not_picked":["Blade Dance","Acrobatics"],"picked":"Deflect","floor":8},{"not_picked":["Dagger Spray","A Thousand Cuts"],"picked":"Caltrops","floor":11},{"not_picked":["Accuracy","Slice"],"picked":"Cloak And Dagger","floor":12},{"not_picked":["Burst","Phantasmal Killer"],"picked":"Envenom","floor":16},{"not_picked":["Skewer","Cloak And Dagger"],"picked":"Sucker Punch","floor":22},{"not_picked":["Infinite Blades","Underhanded Strike"],"picked":"Dagger Throw","floor":25},{"not_picked":["Bane","Unload"],"picked":"Deflect","floor":27}],"player_experience":73872,"potions_floor_usage":[14,16,27,29,29],"damage_taken":[{"damage":0,"enemies":"Small Slimes","floor":1,"turns":3},{"damage":0,"enemies":"2 Louse","floor":4,"turns":3},{"damage":0,"enemies":"Jaw Worm","floor":8,"turns":2},{"damage":5,"enemies":"2 Fungi Beasts","floor":10,"turns":3},{"damage":11,"enemies":"The Mushroom Lair","floor":11,"turns":8},{"damage":5,"enemies":"Large Slime","floor":12,"turns":5},{"damage":8,"enemies":"Exordium Wildlife","floor":14,"turns":4},{"damage":21,"enemies":"Hexaghost","floor":16,"turns":9},{"damage":10,"enemies":"Shell Parasite","floor":18,"turns":5},{"damage":11,"enemies":"2 Thieves","floor":22,"turns":4},{"damage":25,"enemies":"3 Cultists","floor":25,"turns":6},{"damage":8,"enemies":"Snake Plant","floor":27,"turns":6},{"damage":23,"enemies":"Sentry and Sphere","floor":29,"turns":5}],"event_choices":[{"event_name":"The Cleric","player_choice":"Card Removal","floor":2,"damage_taken":0},{"event_name":"Shining Light","player_choice":"Entered Light","floor":3,"damage_taken":0},{"event_name":"The Lab","player_choice":"Got Potions","floor":6,"damage_taken":0},{"event_name":"Mushrooms","player_choice":"Fought Mushrooms","floor":11,"damage_taken":0},{"event_name":"The Mausoleum","player_choice":"No","floor":20,"damage_taken":0},{"event_name":"Cursed Tome","player_choice":"Obtained Book","floor":21,"damage_taken":0}],"boss_relics":[{"not_picked":["Ectoplasm","Black Star"],"picked":"Runic Pyramid"}],"potions_floor_spawned":[4,8,10,12,18,27],"seed_played":"2841312945231804994","killed_by":"Sentry and Sphere","ascension_level":0,"is_trial":false}