{"path_per_floor":["M","?","?","$","?","R","M","M","T","T","R","M","M","?","R","B",null,"M","?","?","T","M","?","?","?","T","R","M","$","?","M","R"],"character_chosen":"IRONCLAD","items_purchased":["Thunderclap","Sadistic Nature"],"gold_per_floor":[118,118,118,71,71,71,81,98,143,197,197,207,218,218,218,314,344,359,282,282,307,320,320,320,320,343,343,362,109,109,121,121,121],"floor_reached":33,"campfire_rested":0,"playtime":2786,"current_hp_per_floor":[82,82,82,82,82,82,88,88,88,88,88,88,82,82,82,24,93,67,67,65,65,48,48,48,48,48,48,53,53,37,65,65,0],"items_purged":["Havoc"],"gold":121,"score":258,"play_id":"5cafb4bf-7f22-4d37-ac6c-2671a5cb74df","local_time":"20180512152857","is_prod":false,"is_daily":false,"chose_seed":false,"is_ascension_mode":false,"campfire_upgraded":5,"timestamp":1526135337,"path_taken":["M","?","?","$","?","R","M","M","T","?","R","M","M","?","R","BOSS","M","?","?","?","M","?","?","?","T","R","M","$","?","M","R","BOSS"],"build_version":"2018-05-03","seed_source_timestamp":265383856733190,"purchased_purges":1,"victory":false,"master_deck":["Defend_R","Defend_R","Defend_R","Defend_R+1","Bash","Intimidate","Thunderclap+1","Iron Wave","Headbutt+1","Flex","Anger","Finesse+1","Berserk","Shrug It Off+1","Bite+1","Bite","Bite","Bite","Bite","Clash","Reaper","Sadistic Nature","Armaments+1"],"max_hp_per_floor":[88,88,88,88,88,88,88,88,88,88,88,88,88,88,88,88,93,93,93,65,65,65,65,65,65,65,65,65,65,65,65,65,65],"relics":["Burning Blood","Bag of Marbles","Juzu Bracelet","Tiny House","Bag of Preparation","Pen Nib","Orichalcum"],"card_choices":[{"not_picked":["Clothesline","Rupture"],"picked":"Intimidate","floor":1},{"not_picked":["Burning Pact","Dual Wield"],"picked":"Iron Wave","floor":7},{"not_picked":["Corruption","Warcry"],"picked":"Headbutt","floor":8},{"not_picked":["Body Slam","Headbutt"],"picked":"Flex","floor":12},{"not_picked":["Heavy Blade","Sever Soul"],"picked":"Anger","floor":13},{"not_picked":["Dark Embrace","Immolate"],"picked":"Berserk","floor":16},{"not_picked":["True Grit","Twin Strike"],"picked":"Shrug It Off","floor":18},{"not_picked":["Warcry","Headbutt"],"picked":"Reaper","floor":28},{"not_picked":["Anger","Warcry"],"picked":"Armaments","floor":31}],"player_experience":114999,"potions_floor_usage":[16,18,28,28,33],"damage_taken":[{"damage":12,"enemies":"Cultist","floor":1,"turns":5},{"damage":0,"enemies":"2 Louse","floor":7,"turns":3},{"damage":0,"enemies":"Small Slimes","floor":8,"turns":3},{"damage":5,"enemies":"Looter","floor":12,"turns":3},{"damage":12,"enemies":"Exordium Thugs","floor":13,"turns":5},{"damage":64,"enemies":"Hexaghost","floor":16,"turns":11},{"damage":32,"enemies":"2 Thieves","floor":18,"turns":5},{"damage":37,"enemies":"3 Byrds","floor":22,"turns":9},{"damage":11,"enemies":"Snake Plant","floor":28,"turns":4},{"damage":17,"enemies":"Centurion and Healer","floor":31,"turns":15},{"damage":96,"enemies":"Champ","floor":33,"turns":13}],"event_choices":[{"event_name":"Liars Game","player_choice":"disagreed","floor":2,"damage_taken":0},{"event_name":"The Woman in Blue","player_choice":"Bought 0 Potions","floor":3,"damage_taken":0},{"event_name":"Purifier","player_choice":"One Purge","floor":5,"damage_taken":0},{"event_name":"Match and Keep!","player_choice":"2 cards matched","floor":14,"damage_taken":0},{"event_name":"Drug Dealer","player_choice":"Got JAXXED","floor":19,"damage_taken":0},{"event_name":"Vampires","player_choice":"Became a vampire","floor":20,"damage_taken":0},{"event_name":"The Mausoleum","player_choice":"No","floor":23,"damage_taken":0},{"event_name":"Addict","player_choice":"Gave JAX","floor":24,"damage_taken":0},{"event_name":"The Library","player_choice":"Read","floor":25,"damage_taken":0},{"event_name":"Cursed Tome","player_choice":"Obtained Book","floor":30,"damage_taken":0}],"boss_relics":[{"not_picked":["Sozu","Snecko Eye"],"picked":"Tiny House"}],"potions_floor_spawned":[7,12,16,18],"seed_played":"3951295655964301235","killed_by":"Champ","ascension_level":0,"is_trial":false}