{"gold_per_floor":[114,114,114,45,120,120,120,140,140,157,13,25,25,42,42,140,140,158,158,58,70,70],"floor_reached":22,"playtime":1741,"items_purged":["Strike_G","Strike_G"],"score":191,"play_id":"2c107262-ca1a-44a2-8c1d-bdc4db816a73","local_time":"20190219021614","is_ascension_mode":true,"campfire_choices":[{"data":"Bouncing Flask","floor":6.0,"key":"SMITH"},{"floor":15.0,"key":"REST"}],"neow_cost":"NONE","seed_source_timestamp":0,"circlet_count":0,"master_deck":["Defend_G","Defend_G","Defend_G","Defend_G","Defend_G","Strike_G","Strike_G","Survivor","Neutralize","Footwork","Bouncing Flask+1","Deadly Poison","Backstab","Catalyst","Poisoned Stab","Burst"],"special_seed":0,"relics":["Ring of the Snake","Juzu Bracelet","FaceOfCleric","Velvet Choker"],"potions_floor_usage":[],"damage_taken":[{"damage":0.0,"enemies":"2 Louse","floor":1.0,"turns":2.0},{"damage":5.0,"enemies":"Small Slimes","floor":8.0,"turns":6.0},{"damage":0.0,"enemies":"Cultist","floor":10.0,"turns":3.0},{"damage":0.0,"enemies":"3 Louse","floor":12.0,"turns":2.0},{"damage":3.0,"enemies":"Lots of Slimes","floor":14.0,"turns":3.0},{"damage":16.0,"enemies":"The Guardian","floor":16.0,"turns":7.0},{"damage":7.0,"enemies":"3 Byrds","floor":18.0,"turns":4.0},{"damage":29,"enemies":"2 Thieves","floor":21,"turns":4},{"damage":14,"enemies":"Colosseum Slavers","floor":22,"turns":5},{"damage":27,"enemies":"Colosseum Nobs","floor":22,"turns":2}],"seed_played":"5902972214518431944","potions_obtained":[{"floor":7.0,"key":"Energy Potion"},{"floor":7.0,"key":"Energy Potion"},{"floor":7.0,"key":"Explosive Potion"},{"floor":8.0,"key":"Fire Potion"},{"floor":12.0,"key":"GamblersBrew"}],"is_trial":false,"path_per_floor":["M","$","?","$","?","R","?","M","T","M","$","M","?","M","R","B",null,"M","?","$","M","?"],"character_chosen":"THE_SILENT","items_purchased":["Bouncing Flask","Catalyst"],"campfire_rested":1,"item_purchase_floors":[4,11],"current_hp_per_floor":[70,70,63,63,52,52,52,47,47,47,47,47,47,45,66,51,72,66,66,66,38,0],"gold":70,"neow_bonus":"THREE_CARDS","is_prod":false,"is_daily":false,"chose_seed":false,"campfire_upgraded":1,"win_rate":0,"timestamp":1550571374,"path_taken":["M","$","?","$","?","R","?","?","T","M","$","M","?","M","R","BOSS","M","?","$","M","?"],"build_version":"2019-01-23","purchased_purges":2,"victory":false,"max_hp_per_floor":[70,70,70,70,70,70,70,70,70,70,70,70,70,71,71,72,72,73,73,73,74,75],"card_choices":[{"not_picked":["Flying Knee","Sucker Punch"],"picked":"Footwork","floor":0.0},{"not_picked":["PiercingWail","Dodge and Roll","Flying Knee"],"picked":"SKIP","floor":1.0},{"not_picked":["Dagger Throw","Backflip"],"picked":"Deadly Poison","floor":8.0},{"not_picked":["Sucker Punch","Dagger Throw"],"picked":"Backstab","floor":10.0},{"not_picked":["Blade Dance","Expertise","Riddle With Holes"],"picked":"SKIP","floor":12.0},{"not_picked":["Well Laid Plans","Blade Dance"],"picked":"Poisoned Stab","floor":14.0},{"not_picked":["A Thousand Cuts","Night Terror"],"picked":"Burst","floor":16.0},{"not_picked":["Heel Hook","Reflex","Dagger Spray"],"picked":"SKIP","floor":18.0},{"not_picked":["Finisher","Sucker Punch","Distraction"],"picked":"SKIP","floor":21}],"player_experience":202781,"relics_obtained":[{"floor":9.0,"key":"Juzu Bracelet"}],"event_choices":[{"cards_removed":["Strike_G"],"damage_healed":0.0,"max_hp_gain":0.0,"max_hp_loss":0.0,"gold_gain":0.0,"event_name":"Golden Wing","player_choice":"Card Removal","floor":3.0,"gold_loss":0.0,"damage_taken":7.0},{"damage_healed":0.0,"max_hp_gain":0.0,"max_hp_loss":0.0,"gold_gain":75.0,"event_name":"World of Goop","player_choice":"Gather Gold","floor":5.0,"gold_loss":0.0,"damage_taken":11.0},{"damage_healed":0.0,"max_hp_gain":0.0,"max_hp_loss":0.0,"gold_gain":0.0,"event_name":"Lab","player_choice":"Got Potions","floor":7.0,"gold_loss":0.0,"damage_taken":0.0},{"damage_healed":0.0,"max_hp_gain":0.0,"max_hp_loss":0.0,"gold_gain":0.0,"event_name":"FaceTrader","player_choice":"Trade","floor":13.0,"gold_loss":0.0,"damage_taken":0.0,"relics_obtained":["FaceOfCleric"]},{"damage_healed":0.0,"max_hp_gain":0.0,"max_hp_loss":0.0,"gold_gain":0.0,"event_name":"The Woman in Blue","player_choice":"Bought 0 Potions","floor":19.0,"gold_loss":0.0,"damage_taken":0.0},{"damage_healed":0,"gold_gain":0,"player_choice":"Fight","damage_taken":0,"max_hp_gain":0,"max_hp_loss":0,"event_name":"Colosseum","floor":22,"gold_loss":0},{"damage_healed":0,"gold_gain":0,"player_choice":"Fought Nobs","damage_taken":0,"max_hp_gain":0,"max_hp_loss":0,"event_name":"Colosseum","floor":22,"gold_loss":0}],"is_beta":false,"boss_relics":[{"not_picked":["Runic Pyramid","Cursed Key"],"picked":"Velvet Choker"}],"items_purged_floors":[11,20],"is_endless":false,"potions_floor_spawned":[8,12,22],"killed_by":"Colosseum Nobs","ascension_level":2}