{"gold_per_floor":[109,124,49,65,65,97,113,13,13,28,61,61,236,236,236,236],"floor_reached":16,"playtime":3367,"items_purged":["Strike_R","Parasite"],"score":110,"play_id":"ab1a622d-15dd-4496-a762-6f3b3428f3bf","local_time":"20190730025317","is_ascension_mode":false,"campfire_choices":[{"floor":12,"key":"REST"},{"data":"Entrench","floor":15,"key":"SMITH"}],"neow_cost":"CURSE","seed_source_timestamp":78834818210249,"circlet_count":0,"master_deck":["Strike_R","Strike_R","Strike_R","Strike_R","Defend_R","Defend_R","Defend_R","Defend_R","Bash","Rampage","Cleave","Entrench+1","Sentinel","Shrug It Off","Shrug It Off"],"relics":["Burning Blood","Peace Pipe","CultistMask","Mummified Hand","Magic Flower"],"potions_floor_usage":[6,11,16],"damage_taken":[{"damage":1,"enemies":"2 Louse","floor":1,"turns":3},{"damage":10,"enemies":"Cultist","floor":2,"turns":4},{"damage":3,"enemies":"Small Slimes","floor":4,"turns":3},{"damage":27,"enemies":"Gremlin Nob","floor":6,"turns":4},{"damage":14,"enemies":"Blue Slaver","floor":7,"turns":4},{"damage":6,"enemies":"3 Louse","floor":10,"turns":3},{"damage":27,"enemies":"3 Sentries","floor":11,"turns":9},{"damage":62,"enemies":"Slime Boss","floor":16,"turns":13}],"seed_played":"3108845975238263733","potions_obtained":[{"floor":1,"key":"SteroidPotion"},{"floor":7,"key":"Fire Potion"},{"floor":11,"key":"EssenceOfSteel"}],"is_trial":false,"path_per_floor":["M","M","$","M","?","E","M","$","T","M","E","R","?","?","R","B"],"character_chosen":"IRONCLAD","items_purchased":[],"campfire_rested":1,"item_purchase_floors":[],"current_hp_per_floor":[80,76,76,79,79,58,50,50,50,50,29,52,52,52,52,0],"gold":236,"neow_bonus":"ONE_RARE_RELIC","is_prod":false,"is_daily":false,"chose_seed":false,"campfire_upgraded":1,"win_rate":0,"timestamp":1564469597,"path_taken":["M","M","$","M","?","E","M","$","T","?","E","R","?","?","R","BOSS"],"build_version":"2019-07-17","purchased_purges":2,"victory":false,"max_hp_per_floor":[80,80,80,80,80,80,80,77,77,77,77,77,77,77,77,77],"card_choices":[{"not_picked":["Warcry","Sword Boomerang"],"picked":"Rampage","floor":1},{"not_picked":["Iron Wave","Dual Wield"],"picked":"Cleave","floor":2},{"not_picked":["Cleave","Blood for Blood"],"picked":"Entrench","floor":4},{"not_picked":["Wild Strike","Sever Soul","Thunderclap"],"picked":"SKIP","floor":6},{"not_picked":["Searing Blow","Armaments"],"picked":"Sentinel","floor":7},{"not_picked":["Dark Embrace","Disarm"],"picked":"Shrug It Off","floor":10},{"not_picked":["Armaments","Fire Breathing"],"picked":"Shrug It Off","floor":11}],"player_experience":280150,"relics_obtained":[{"floor":6,"key":"Mummified Hand"},{"floor":11,"key":"Magic Flower"}],"event_choices":[{"damage_healed":0,"gold_gain":0,"player_choice":"Trade","damage_taken":0,"relics_obtained":["CultistMask"],"max_hp_gain":0,"max_hp_loss":0,"event_name":"FaceTrader","floor":5,"gold_loss":0},{"damage_healed":0,"gold_gain":175,"player_choice":"AGREE","damage_taken":0,"max_hp_gain":0,"max_hp_loss":0,"event_name":"Liars Game","floor":13,"gold_loss":0,"cards_obtained":["Doubt"]},{"cards_removed":["Doubt"],"damage_healed":0,"gold_gain":0,"player_choice":"Forget","damage_taken":0,"max_hp_gain":0,"max_hp_loss":0,"event_name":"Living Wall","floor":14,"gold_loss":0}],"is_beta":false,"boss_relics":[],"items_purged_floors":[3,8],"is_endless":false,"potions_floor_spawned":[1,7,11],"killed_by":"Slime Boss","ascension_level":0}