{"gold_per_floor":[119,138,138,164,89,89,107,107,107,107,121,21,38,65,65,65],"floor_reached":16,"playtime":362,"items_purged":["Strike_R","Strike_R"],"score":180,"play_id":"7c0c508d-758b-4917-a9c4-8e5b152dc5e5","local_time":"20190514122619","is_ascension_mode":true,"campfire_choices":[{"data":"Twin Strike","floor":6,"key":"SMITH"},{"data":"Bash","floor":8,"key":"SMITH"},{"data":"Defend_R","floor":10,"key":"SMITH"},{"data":"Thunderclap","floor":15,"key":"SMITH"}],"neow_cost":"NONE","seed_source_timestamp":504542061834000,"circlet_count":0,"master_deck":["AscendersBane","Strike_R","Strike_R","Defend_R","Defend_R","Defend_R","Defend_R+1","Bash+1","Twin Strike+1","Thunderclap+1"],"relics":["Burning Blood","Blood Vial","Bag of Preparation","Bottled Lightning","Darkstone Periapt"],"potions_floor_usage":[16,16],"damage_taken":[{"damage":11,"enemies":"Small Slimes","floor":1,"turns":5},{"damage":12,"enemies":"Jaw Worm","floor":2,"turns":2},{"damage":1,"enemies":"Cultist","floor":7,"turns":3},{"damage":0,"enemies":"3 Louse","floor":11,"turns":5},{"damage":14,"enemies":"Lots of Slimes","floor":13,"turns":3},{"damage":32,"enemies":"Lagavulin","floor":14,"turns":6},{"damage":46,"enemies":"The Guardian","floor":16,"turns":13}],"seed_played":"-5613633199873919435","potions_obtained":[{"floor":2,"key":"SpeedPotion"},{"floor":11,"key":"Block Potion"},{"floor":14,"key":"EssenceOfSteel"}],"is_trial":false,"path_per_floor":["M","M","?","T","$","R","M","R","T","R","M","$","M","E","R","B"],"character_chosen":"IRONCLAD","items_purchased":[],"campfire_rested":0,"item_purchase_floors":[],"current_hp_per_floor":[65,61,61,61,61,61,68,68,68,68,75,75,67,43,43,0],"gold":65,"neow_bonus":"RANDOM_COMMON_RELIC","is_prod":false,"is_daily":false,"chose_seed":false,"campfire_upgraded":4,"win_rate":0,"timestamp":1557861979,"path_taken":["M","M","?","?","?","R","M","R","T","R","M","$","M","E","R","BOSS"],"build_version":"2019-01-23","purchased_purges":2,"victory":false,"max_hp_per_floor":[75,75,75,75,75,75,75,75,75,75,75,75,75,75,75,75],"card_choices":[{"not_picked":["Wild Strike","Flame Barrier","Sentinel"],"picked":"SKIP","floor":1},{"not_picked":["True Grit","Dual Wield"],"picked":"Twin Strike","floor":2},{"not_picked":["Entrench","Hemokinesis","Combust"],"picked":"SKIP","floor":7},{"not_picked":["Clothesline","Heavy Blade"],"picked":"Thunderclap","floor":11},{"not_picked":["Flame Barrier","Inflame","Fire Breathing"],"picked":"SKIP","floor":13},{"not_picked":["Shrug It Off","Brutality","Power Through"],"picked":"SKIP","floor":14}],"player_experience":386795,"relics_obtained":[{"floor":4,"key":"Bag of Preparation"},{"floor":9,"key":"Bottled Lightning"},{"floor":14,"key":"Darkstone Periapt"}],"event_choices":[{"cards_removed":["Strike_R"],"damage_healed":0,"gold_gain":0,"player_choice":"Forget","damage_taken":0,"max_hp_gain":0,"max_hp_loss":0,"event_name":"Living Wall","floor":3,"gold_loss":0}],"is_beta":false,"boss_relics":[],"items_purged_floors":[5,12],"is_endless":false,"potions_floor_spawned":[2,11,14],"killed_by":"The Guardian","ascension_level":16}