{"gold_per_floor":[119,119,219,231,250,285,285,311,373,404,432,69,69,89,89,188,188,200,50,65,65,76,76,110,110,110,110,36,53,19,32,32,32],"floor_reached":33,"playtime":1030,"items_purged":[],"score":346,"play_id":"a5fe5338-7888-4c2f-90b3-7cab146b5ad8","local_time":"20190519151639","is_ascension_mode":true,"campfire_choices":[{"floor":7,"key":"REST"},{"floor":13,"key":"REST"},{"floor":15,"key":"REST"},{"floor":23,"key":"REST"},{"floor":25,"key":"REST"},{"floor":32,"key":"REST"}],"neow_cost":"NONE","seed_source_timestamp":222962452617694,"circlet_count":0,"master_deck":["Defend_G","Defend_G","Defend_G","Defend_G","Defend_G","Strike_G","Strike_G","Strike_G","Strike_G","Strike_G","Survivor","Neutralize","Bouncing Flask","Dagger Spray","Envenom+1","Terror","Quick Slash","Noxious Fumes+1","A Thousand Cuts+1","Quick Slash","Bullet Time","PiercingWail+1","Bane+1","Well Laid Plans+1","Footwork+1"],"relics":["White Beast Statue","Frozen Egg 2","MawBank","Regal Pillow","Pen Nib","Fusion Hammer","Boot","Molten Egg 2","Kunai"],"potions_floor_usage":[6,8,8,8,11,14,16,18,20,21,22,24,33,33],"damage_taken":[{"damage":9,"enemies":"Small Slimes","floor":1,"turns":5},{"damage":3,"enemies":"Cultist","floor":4,"turns":4},{"damage":0,"enemies":"2 Louse","floor":5,"turns":2},{"damage":48,"enemies":"Gremlin Nob","floor":6,"turns":6},{"damage":15,"enemies":"Lagavulin","floor":8,"turns":5},{"damage":6,"enemies":"Exordium Wildlife","floor":10,"turns":3},{"damage":3,"enemies":"Looter","floor":11,"turns":4},{"damage":0,"enemies":"3 Louse","floor":14,"turns":2},{"damage":50,"enemies":"Slime Boss","floor":16,"turns":7},{"damage":8,"enemies":"Chosen","floor":18,"turns":3},{"damage":33,"enemies":"2 Thieves","floor":20,"turns":4},{"damage":0,"enemies":"Masked Bandits","floor":21,"turns":1},{"damage":13,"enemies":"Snecko","floor":22,"turns":5},{"damage":20,"enemies":"Gremlin Leader","floor":24,"turns":6},{"damage":19,"enemies":"Cultist and Chosen","floor":29,"turns":5},{"damage":9,"enemies":"Centurion and Healer","floor":31,"turns":6},{"damage":76,"enemies":"Automaton","floor":33,"turns":6}],"seed_played":"-8857015510056637612","potions_obtained":[{"floor":1,"key":"LiquidBronze"},{"floor":4,"key":"LiquidBronze"},{"floor":5,"key":"PowerPotion"},{"floor":6,"key":"Strength Potion"},{"floor":8,"key":"FearPotion"},{"floor":10,"key":"Block Potion"},{"floor":11,"key":"Poison Potion"},{"floor":14,"key":"Weak Potion"},{"floor":16,"key":"SmokeBomb"},{"floor":18,"key":"Poison Potion"},{"floor":20,"key":"SkillPotion"},{"floor":22,"key":"GhostInAJar"},{"floor":24,"key":"PowerPotion"},{"floor":29,"key":"Dexterity Potion"},{"floor":31,"key":"SmokeBomb"}],"is_trial":false,"path_per_floor":["M","?","?","M","M","E","R","E","T","M","M","$","R","M","R","B",null,"M","$","M","?","M","R","E","R","T","?","$","M","$","M","R","B"],"character_chosen":"THE_SILENT","items_purchased":["Regen Potion","A Thousand Cuts+1","Pen Nib","Boot","Well Laid Plans+1","Footwork+1"],"campfire_rested":6,"item_purchase_floors":[12,12,12,19,28,30],"current_hp_per_floor":[61,61,61,58,58,10,31,16,16,10,7,7,43,43,70,34,61,53,53,20,20,7,43,23,59,59,59,59,40,40,31,67,0],"gold":32,"neow_bonus":"BOSS_RELIC","is_prod":false,"is_daily":false,"chose_seed":false,"campfire_upgraded":0,"win_rate":0,"timestamp":1558293399,"path_taken":["M","?","?","M","M","E","R","E","T","M","?","$","R","?","R","BOSS","M","$","M","?","M","R","E","R","T","?","$","M","?","M","R","BOSS"],"build_version":"2019-01-23","purchased_purges":0,"victory":false,"max_hp_per_floor":[70,70,70,70,70,70,70,70,70,70,70,70,70,70,70,70,70,70,70,70,70,70,70,70,70,70,70,70,70,70,70,70,70],"card_choices":[{"not_picked":["Underhanded Strike","Choke"],"picked":"Bouncing Flask","floor":1},{"not_picked":["Prepared","Slice"],"picked":"Dagger Spray","floor":4},{"not_picked":["Deflect","Skewer","Blade Dance"],"picked":"SKIP","floor":5},{"not_picked":["Bullet Time","Slice"],"picked":"Envenom","floor":6},{"not_picked":["Dodge and Roll","Dagger Spray"],"picked":"Terror","floor":8},{"not_picked":["Calculated Gamble","Skewer"],"picked":"Quick Slash","floor":10},{"not_picked":["Blade Dance","Dagger Throw"],"picked":"Noxious Fumes+1","floor":11},{"not_picked":["Eviscerate","Heel Hook"],"picked":"Quick Slash","floor":14},{"not_picked":["Night Terror","Unload"],"picked":"Bullet Time","floor":16},{"not_picked":["Finisher","Acrobatics"],"picked":"PiercingWail+1","floor":18},{"not_picked":["Escape Plan","Backflip","Flying Knee"],"picked":"SKIP","floor":20},{"not_picked":["Dodge and Roll","Acrobatics","Blade Dance+1"],"picked":"SKIP","floor":22},{"not_picked":["Heel Hook+1","Blur"],"picked":"Bane","floor":24},{"not_picked":["Bullet Time","Deflect","Well Laid Plans+1"],"picked":"SKIP","floor":29},{"not_picked":["Tactician+1","Bouncing Flask","Prepared"],"picked":"SKIP","floor":31}],"player_experience":349190,"relics_obtained":[{"floor":6,"key":"Frozen Egg 2"},{"floor":8,"key":"MawBank"},{"floor":9,"key":"Regal Pillow"},{"floor":24,"key":"Molten Egg 2"},{"floor":26,"key":"Kunai"}],"event_choices":[{"damage_healed":0,"gold_gain":0,"player_choice":"Ignored","damage_taken":0,"max_hp_gain":0,"max_hp_loss":0,"event_name":"Liars Game","floor":2,"gold_loss":0},{"damage_healed":0,"gold_gain":100,"player_choice":"Pray","damage_taken":0,"max_hp_gain":0,"max_hp_loss":0,"event_name":"Golden Shrine","floor":3,"gold_loss":0},{"damage_healed":0,"gold_gain":0,"player_choice":"Fought Bandits","damage_taken":0,"max_hp_gain":0,"max_hp_loss":0,"event_name":"Masked Bandits","floor":21,"gold_loss":0},{"damage_healed":0,"gold_gain":0,"player_choice":"Ignored","damage_taken":0,"max_hp_gain":0,"max_hp_loss":0,"event_name":"Cursed Tome","floor":27,"gold_loss":0}],"is_beta":false,"boss_relics":[{"not_picked":["Philosopher\u0027s Stone","Black Star"],"picked":"Fusion Hammer"}],"items_purged_floors":[],"is_endless":false,"potions_floor_spawned":[1,4,5,6,8,10,11,14,16,18,20,21,22,24,29,31],"killed_by":"Automaton","ascension_level":5}