{"gold_per_floor":[117,117,135,135,151,181,191,191,191,206,236,265,265,285,285,385,385,399,411,42,58,58],"floor_reached":22,"playtime":1110,"items_purged":[],"score":238,"play_id":"0e3f5a32-401f-4efc-b23e-5fd983b9083f","local_time":"20190427181757","is_ascension_mode":true,"campfire_choices":[{"floor":8,"key":"REST"},{"floor":13,"key":"REST"},{"floor":15,"key":"REST"}],"neow_cost":"NONE","seed_source_timestamp":726045934040383,"circlet_count":0,"master_deck":["Defend_G","Defend_G+1","Defend_G","Defend_G","Defend_G","Strike_G","Strike_G","Strike_G","Strike_G","Strike_G","Survivor+1","Neutralize","Terror","Dagger Spray","Blade Dance","Dagger Throw","Terror+1","Cloak And Dagger+1","Backflip+1","Glass Knife","Footwork","Unload","Footwork"],"relics":["Ring of the Snake","Centennial Puzzle","Toxic Egg 2","Unceasing Top","Eternal Feather","Pen Nib"],"potions_floor_usage":[6,6,6,6,6,16,22,22],"damage_taken":[{"damage":5,"enemies":"Small Slimes","floor":1,"turns":4},{"damage":0,"enemies":"Jaw Worm","floor":3,"turns":3},{"damage":0,"enemies":"Cultist","floor":5,"turns":3},{"damage":19,"enemies":"Lagavulin","floor":6,"turns":6},{"damage":0,"enemies":"2 Fungi Beasts","floor":7,"turns":4},{"damage":23,"enemies":"Exordium Wildlife","floor":10,"turns":3},{"damage":19,"enemies":"3 Sentries","floor":12,"turns":8},{"damage":6,"enemies":"Looter","floor":14,"turns":2},{"damage":20,"enemies":"Slime Boss","floor":16,"turns":14},{"damage":8,"enemies":"2 Thieves","floor":18,"turns":4},{"damage":29,"enemies":"Spheric Guardian","floor":19,"turns":4},{"damage":32,"enemies":"3 Cultists","floor":21,"turns":4},{"damage":10,"enemies":"Shelled Parasite and Fungi","floor":22,"turns":3}],"seed_played":"-6695064514542296094","potions_obtained":[{"floor":1,"key":"Dexterity Potion"},{"floor":3,"key":"Weak Potion"},{"floor":4,"key":"EntropicBrew"},{"floor":4,"key":"AttackPotion"},{"floor":6,"key":"Weak Potion"},{"floor":12,"key":"GamblersBrew"}],"is_trial":false,"path_per_floor":["M","?","M","?","M","E","M","R","T","M","?","E","R","M","R","B",null,"M","M","$","M","M"],"character_chosen":"THE_SILENT","items_purchased":["Footwork","Pen Nib","Unload"],"campfire_rested":3,"item_purchase_floors":[20,20,20],"current_hp_per_floor":[72,57,57,57,57,38,38,61,61,38,38,19,42,36,59,39,77,69,40,40,8,0],"gold":58,"neow_bonus":"TEN_PERCENT_HP_BONUS","is_prod":false,"is_daily":false,"chose_seed":false,"campfire_upgraded":0,"win_rate":0,"timestamp":1556403477,"path_taken":["M","?","M","?","M","E","M","R","T","?","?","E","R","M","R","BOSS","M","M","$","M","M"],"build_version":"2019-01-23","purchased_purges":0,"victory":false,"max_hp_per_floor":[77,77,77,77,77,77,77,77,77,77,77,77,77,77,77,77,77,77,77,77,77,77],"card_choices":[{"not_picked":["Distraction","PiercingWail"],"picked":"Terror","floor":1},{"not_picked":["Well Laid Plans","Slice"],"picked":"Dagger Spray","floor":3},{"not_picked":["PiercingWail","Heel Hook","Predator"],"picked":"SKIP","floor":5},{"not_picked":["Eviscerate","Sucker Punch"],"picked":"Blade Dance","floor":6},{"not_picked":["Deadly Poison","Acrobatics"],"picked":"Dagger Throw","floor":7},{"not_picked":["Burst+1","Flying Knee"],"picked":"Terror+1","floor":10},{"not_picked":["Dodge and Roll+1","Deflect+1"],"picked":"Cloak And Dagger+1","floor":12},{"not_picked":["Underhanded Strike","Dagger Spray"],"picked":"Backflip+1","floor":14},{"not_picked":["Venomology+1","Malaise+1"],"picked":"Glass Knife","floor":16},{"not_picked":["Choke+1","Flechettes","Reflex+1"],"picked":"SKIP","floor":18},{"not_picked":["Underhanded Strike","Backflip+1","PiercingWail+1"],"picked":"SKIP","floor":19},{"not_picked":["Deflect+1","Backflip+1"],"picked":"Footwork","floor":21}],"player_experience":325741,"relics_obtained":[{"floor":6,"key":"Centennial Puzzle"},{"floor":9,"key":"Toxic Egg 2"},{"floor":12,"key":"Unceasing Top"}],"event_choices":[{"damage_healed":0,"gold_gain":0,"player_choice":"Entered Light","damage_taken":15,"max_hp_gain":0,"max_hp_loss":0,"event_name":"Shining Light","floor":2,"gold_loss":0,"cards_upgraded":["Defend_G","Survivor"]},{"damage_healed":0,"gold_gain":0,"player_choice":"Got Potions","damage_taken":0,"max_hp_gain":0,"max_hp_loss":0,"event_name":"Lab","floor":4,"gold_loss":0},{"damage_healed":0,"gold_gain":30,"player_choice":"Searched \u00272\u0027 times","damage_taken":0,"max_hp_gain":0,"max_hp_loss":0,"event_name":"Dead Adventurer","floor":11,"gold_loss":0}],"is_beta":false,"boss_relics":[{"not_picked":["Runic Pyramid","Pandora\u0027s Box"],"picked":"Eternal Feather"}],"items_purged_floors":[],"is_endless":false,"potions_floor_spawned":[1,3,6,12],"killed_by":"Shelled Parasite and Fungi","ascension_level":4}