{"gold_per_floor":[117,137,237,249,259,259,270,304,304,304,318,12,12,87,87,184,184,184,113,113,113,113,113,113,113,113,113,113,113,113,113,113,113],"floor_reached":33,"playtime":1704,"items_purged":[],"score":385,"play_id":"845b6b01-b650-4a66-b913-1c239d464239","local_time":"20190622192642","is_ascension_mode":true,"campfire_choices":[{"floor":6,"key":"REST"},{"floor":10,"key":"REST"},{"floor":15,"key":"REST"},{"floor":24,"key":"REST"},{"floor":28,"key":"REST"},{"floor":32,"key":"REST"}],"neow_cost":"NONE","seed_source_timestamp":754430771668213,"circlet_count":0,"master_deck":["Defend_G","Defend_G","Defend_G","Defend_G","Defend_G","Survivor","Neutralize","Crippling Poison","Skewer","Noxious Fumes","Leg Sweep","A Thousand Cuts","A Thousand Cuts","Noxious Fumes","Bite","Bite","Bite","Bite","Bite","Noxious Fumes","Envenom"],"relics":["Snecko Eye","Whetstone","Bag of Marbles","Ectoplasm","Bronze Scales","Anchor","MutagenicStrength"],"potions_floor_usage":[8,8,11,16,16,27,33],"damage_taken":[{"damage":2,"enemies":"Cultist","floor":1,"turns":4},{"damage":0,"enemies":"Jaw Worm","floor":2,"turns":4},{"damage":1,"enemies":"Small Slimes","floor":4,"turns":4},{"damage":1,"enemies":"3 Louse","floor":5,"turns":3},{"damage":3,"enemies":"Looter","floor":7,"turns":3},{"damage":22,"enemies":"Gremlin Nob","floor":8,"turns":4},{"damage":9,"enemies":"Gremlin Gang","floor":11,"turns":4},{"damage":41,"enemies":"Slime Boss","floor":16,"turns":7},{"damage":14,"enemies":"3 Byrds","floor":18,"turns":5},{"damage":13,"enemies":"Spheric Guardian","floor":22,"turns":4},{"damage":34,"enemies":"Book of Stabbing","floor":23,"turns":6},{"damage":22,"enemies":"Shelled Parasite and Fungi","floor":25,"turns":5},{"damage":17,"enemies":"Centurion and Healer","floor":27,"turns":6},{"damage":33,"enemies":"Cultist and Chosen","floor":31,"turns":7},{"damage":61,"enemies":"Collector","floor":33,"turns":6}],"seed_played":"-3719868392524579791","potions_obtained":[{"floor":1,"key":"Block Potion"},{"floor":4,"key":"SteroidPotion"},{"floor":5,"key":"SteroidPotion"},{"floor":8,"key":"SteroidPotion"},{"floor":11,"key":"SteroidPotion"},{"floor":23,"key":"PowerPotion"},{"floor":27,"key":"LiquidBronze"}],"is_trial":false,"path_per_floor":["M","M","?","M","M","R","M","E","T","R","M","$","?","?","R","B",null,"M","$","?","?","M","E","R","M","T","M","R","?","?","M","R","B"],"character_chosen":"THE_SILENT","items_purchased":["A Thousand Cuts","Bag of Marbles","Noxious Fumes"],"campfire_rested":6,"item_purchase_floors":[12,12,19],"current_hp_per_floor":[61,61,61,60,59,70,67,45,45,66,59,59,59,48,69,29,60,48,48,48,48,45,21,42,30,30,27,48,35,35,16,38,0],"gold":113,"neow_bonus":"BOSS_RELIC","is_prod":false,"is_daily":false,"chose_seed":false,"campfire_upgraded":0,"win_rate":0,"timestamp":1561246002,"path_taken":["M","M","?","?","M","R","M","E","T","R","M","$","?","?","R","BOSS","M","$","?","?","M","E","R","M","T","?","R","?","?","M","R","BOSS"],"build_version":"2019-01-23","purchased_purges":0,"victory":false,"max_hp_per_floor":[70,70,70,70,70,70,70,70,70,70,70,70,70,70,70,70,70,70,70,70,70,70,70,70,70,70,70,70,75,75,75,75,75],"card_choices":[{"not_picked":["Predator","Flying Knee"],"picked":"Crippling Poison","floor":1},{"not_picked":["Terror","Quick Slash","Backstab"],"picked":"SKIP","floor":2},{"not_picked":["Quick Slash","Skewer","Slice"],"picked":"SKIP","floor":4},{"not_picked":["Quick Slash","Slice"],"picked":"Skewer","floor":4},{"not_picked":["Outmaneuver","Dodge and Roll","Deflect"],"picked":"SKIP","floor":5},{"not_picked":["Expertise","Cloak And Dagger"],"picked":"Noxious Fumes","floor":7},{"not_picked":["Slice","Deflect","Reflex"],"picked":"SKIP","floor":8},{"not_picked":["Dagger Throw","Bane"],"picked":"Leg Sweep","floor":11},{"not_picked":["Venomology","Wraith Form v2"],"picked":"A Thousand Cuts","floor":16},{"not_picked":["Flying Knee","Poisoned Stab+1","Outmaneuver"],"picked":"SKIP","floor":18},{"not_picked":["Infinite Blades+1","Dagger Spray","All Out Attack+1"],"picked":"SKIP","floor":22},{"not_picked":["Sucker Punch","Bane"],"picked":"Noxious Fumes","floor":23},{"not_picked":["Backflip+1","Quick Slash","Outmaneuver"],"picked":"SKIP","floor":25},{"not_picked":["Riddle With Holes","Well Laid Plans"],"picked":"Envenom","floor":27},{"not_picked":["Underhanded Strike","Deflect","Slice"],"picked":"SKIP","floor":31}],"player_experience":487469,"relics_obtained":[{"floor":8,"key":"Whetstone"},{"floor":9,"key":"Blood Vial"},{"floor":23,"key":"Bronze Scales"},{"floor":26,"key":"Anchor"}],"event_choices":[{"damage_healed":0,"gold_gain":100,"player_choice":"Gold","damage_taken":0,"max_hp_gain":0,"max_hp_loss":0,"event_name":"Wheel of Change","floor":3,"gold_loss":0},{"damage_healed":0,"gold_gain":0,"player_choice":"Leave","damage_taken":0,"max_hp_gain":0,"max_hp_loss":0,"event_name":"The Cleric","floor":13,"gold_loss":0},{"damage_healed":0,"gold_gain":75,"player_choice":"Gather Gold","damage_taken":11,"max_hp_gain":0,"max_hp_loss":0,"event_name":"World of Goop","floor":14,"gold_loss":0},{"damage_healed":0,"gold_gain":0,"player_choice":"Became a vampire (Vial)","damage_taken":0,"max_hp_gain":0,"max_hp_loss":0,"event_name":"Vampires","floor":20,"relics_lost":["Blood Vial"],"gold_loss":0,"cards_obtained":["Bite","Bite","Bite","Bite","Bite"]},{"damage_healed":0,"gold_gain":100,"player_choice":"Pray","damage_taken":0,"max_hp_gain":0,"max_hp_loss":0,"event_name":"Golden Shrine","floor":21,"gold_loss":0},{"damage_healed":0,"gold_gain":0,"player_choice":"Shed Blood","damage_taken":18,"max_hp_gain":5,"max_hp_loss":0,"event_name":"Forgotten Altar","floor":29,"gold_loss":0},{"damage_healed":0,"gold_gain":0,"player_choice":"Inject Mutagens","damage_taken":0,"relics_obtained":["MutagenicStrength"],"max_hp_gain":0,"max_hp_loss":0,"event_name":"Drug Dealer","floor":30,"gold_loss":0}],"is_beta":false,"boss_relics":[{"not_picked":["HoveringKite","Pandora\u0027s Box"],"picked":"Ectoplasm"}],"items_purged_floors":[],"is_endless":false,"potions_floor_spawned":[1,4,5,8,11,23,27],"killed_by":"Collector","ascension_level":7}