{"gold_per_floor":[119,137,137,152,162,197,197,197,224,224,241,260,185,196,196,300,300,315,18,37,37,52,84,5,5,29,0,30,30,30,40,40,40],"floor_reached":33,"playtime":2353,"items_purged":[],"score":452,"play_id":"549c3523-628b-47b8-a12b-97bfe001e21b","local_time":"20181113225636","is_ascension_mode":true,"campfire_choices":[{"floor":7.0,"key":"REST"},{"data":"Dash","floor":15,"key":"SMITH"},{"floor":30,"key":"REST"},{"floor":32,"key":"REST"}],"neow_cost":"NONE","seed_source_timestamp":142011623381,"circlet_count":0,"master_deck":["Defend_G","Defend_G","Defend_G","Defend_G","Defend_G","Strike_G","Strike_G","Strike_G","Strike_G","Strike_G+1","Survivor","Neutralize+1","PiercingWail+1","Leg Sweep","Dagger Spray+1","Dash+1","Cloak And Dagger","Flying Knee","Cloak And Dagger","Infinite Blades","Predator","Bullet Time","Riddle With Holes+1","Terror","Backstab","The Bomb","Finisher","Slice+1","Caltrops","Blade Dance","Necronomicurse"],"special_seed":0,"relics":["Ring of the Snake","NeowsBlessing","Pen Nib","Bronze Scales","Fusion Hammer","Boot","Ninja Scroll","Whetstone","Unceasing Top","Necronomicon"],"potions_floor_usage":[16,16,23,33],"damage_taken":[{"damage":0.0,"enemies":"Cultist","floor":1.0,"turns":1.0},{"damage":0.0,"enemies":"Small Slimes","floor":2.0,"turns":1.0},{"damage":0.0,"enemies":"Jaw Worm","floor":4.0,"turns":1.0},{"damage":0.0,"enemies":"2 Fungi Beasts","floor":5.0,"turns":4.0},{"damage":19.0,"enemies":"Lagavulin","floor":6.0,"turns":8.0},{"damage":1,"enemies":"3 Louse","floor":11,"turns":3},{"damage":0,"enemies":"Large Slime","floor":12,"turns":5},{"damage":0,"enemies":"2 Fungi Beasts","floor":14,"turns":3},{"damage":2,"enemies":"The Guardian","floor":16,"turns":13},{"damage":0,"enemies":"Shell Parasite","floor":18,"turns":5},{"damage":0,"enemies":"Chosen","floor":20,"turns":4},{"damage":2,"enemies":"Snake Plant","floor":22,"turns":4},{"damage":42,"enemies":"Slavers","floor":23,"turns":4},{"damage":0,"enemies":"Gremlin Leader","floor":28,"turns":4},{"damage":0,"enemies":"Snecko","floor":31,"turns":2},{"damage":70,"enemies":"Automaton","floor":33,"turns":6}],"seed_played":"2481600981729444819","potions_obtained":[{"floor":2.0,"key":"Strength Potion"},{"floor":4.0,"key":"AttackPotion"},{"floor":6.0,"key":"GhostInAJar"},{"floor":14,"key":"Block Potion"},{"floor":22,"key":"Dexterity Potion"},{"floor":28,"key":"PowerPotion"}],"is_trial":false,"path_per_floor":["M","M","?","M","M","E","R","?","T","$","M","M","$","M","R","B",null,"M","$","M","?","M","E","$","?","T","?","E","?","R","M","R","B"],"character_chosen":"THE_SILENT","items_purchased":["Infinite Blades","Terror","Backstab","The Bomb","Caltrops"],"campfire_rested":3,"item_purchase_floors":[13,19,19,19,24],"current_hp_per_floor":[63,63,63,63,63,44,65,51,51,51,50,50,50,50,50,48,65,65,65,65,65,63,21,21,21,21,21,21,5,26,26,47,0],"gold":40,"neow_bonus":"THREE_ENEMY_KILL","is_prod":false,"is_daily":false,"chose_seed":false,"campfire_upgraded":1,"win_rate":0,"timestamp":1542149796,"path_taken":["M","?","?","M","?","E","R","?","T","$","M","M","$","M","R","BOSS","M","$","M","?","M","E","$","?","T","?","E","?","R","M","R","BOSS"],"build_version":"2018-11-08","purchased_purges":0,"victory":false,"max_hp_per_floor":[70,70,70,70,70,70,70,70,70,70,70,70,70,70,70,70,70,70,70,70,70,70,70,70,70,70,70,70,70,70,70,70,70],"card_choices":[{"not_picked":["Crippling Poison","Backflip"],"picked":"PiercingWail","floor":1.0},{"not_picked":["Outmaneuver","Dagger Throw"],"picked":"Leg Sweep","floor":2.0},{"not_picked":["Crippling Poison","Skewer"],"picked":"Dagger Spray","floor":4.0},{"not_picked":["Backstab","Concentrate"],"picked":"Dash","floor":5.0},{"not_picked":["Expertise","Dodge and Roll"],"picked":"Cloak And Dagger","floor":6.0},{"not_picked":["Prepared","Poisoned Stab"],"picked":"Flying Knee","floor":11},{"not_picked":["Unload","Escape Plan"],"picked":"Cloak And Dagger","floor":12},{"not_picked":["Crippling Poison","Bane"],"picked":"Predator","floor":14},{"not_picked":["Night Terror","Storm of Steel"],"picked":"Bullet Time","floor":16},{"not_picked":["Backflip","Reflex"],"picked":"Riddle With Holes+1","floor":18},{"not_picked":["Poisoned Stab","Slice"],"picked":"Finisher","floor":20},{"not_picked":["Expertise","Terror"],"picked":"Slice","floor":22},{"not_picked":["Crippling Poison","Reflex","Tactician"],"picked":"SKIP","floor":23},{"not_picked":["Dagger Spray","Deflect"],"picked":"Blade Dance","floor":28},{"not_picked":["Underhanded Strike","Slice","Crippling Poison"],"picked":"SKIP","floor":31}],"player_experience":829113,"relics_obtained":[{"floor":6.0,"key":"Pen Nib"},{"floor":9.0,"key":"Bronze Scales"},{"floor":23,"key":"Boot"},{"floor":26,"key":"Whetstone"},{"floor":28,"key":"Unceasing Top"},{"floor":29,"key":"Necronomicon"}],"event_choices":[{"damage_healed":0.0,"max_hp_gain":0.0,"max_hp_loss":0.0,"gold_gain":0.0,"event_name":"Accursed Blacksmith","player_choice":"Forge","floor":3.0,"gold_loss":0.0,"damage_taken":0.0,"cards_upgraded":["Neutralize"]},{"damage_healed":0.0,"max_hp_gain":0.0,"max_hp_loss":0.0,"gold_gain":0.0,"event_name":"Shining Light","player_choice":"Entered Light","floor":8.0,"gold_loss":0.0,"damage_taken":14.0,"cards_upgraded":["Strike_G","PiercingWail"]},{"damage_healed":0,"gold_gain":0,"player_choice":"Ignored","damage_taken":0,"max_hp_gain":0,"max_hp_loss":0,"event_name":"Beggar","floor":21,"gold_loss":0},{"damage_healed":0,"gold_gain":0,"player_choice":"Opened","damage_taken":0,"relics_obtained":["Ninja Scroll"],"max_hp_gain":0,"max_hp_loss":0,"event_name":"The Mausoleum","floor":25,"gold_loss":0},{"damage_healed":0,"gold_gain":0,"player_choice":"Paid Fearfully","damage_taken":0,"max_hp_gain":0,"max_hp_loss":0,"event_name":"Masked Bandits","floor":27,"gold_loss":29},{"damage_healed":0,"gold_gain":0,"player_choice":"Obtained Book","damage_taken":16,"max_hp_gain":0,"max_hp_loss":0,"event_name":"Cursed Tome","floor":29,"gold_loss":0}],"is_beta":false,"boss_relics":[{"not_picked":["Pandora\u0027s Box","Calling Bell"],"picked":"Fusion Hammer"}],"items_purged_floors":[],"is_endless":false,"potions_floor_spawned":[2,4,6,14,22,23,28],"killed_by":"Automaton","ascension_level":9}