{"path_per_floor":["M","?","M","M","$","E","M","?","T","?","R","$","?"],"character_chosen":"IRONCLAD","items_purchased":["Bandage Up","Inflame"],"gold_per_floor":[217,217,227,240,5,31,45,45,70,100,100,0,0,0],"floor_reached":14,"campfire_rested":1,"playtime":1004,"current_hp_per_floor":[74,74,80,80,80,27,36,36,36,18,42,42,42,42],"items_purged":["Strike_R","Injury"],"gold":0,"score":88,"play_id":"39e4ea02-59a2-4071-9f2d-6a59c080d539","local_time":"20180513194446","is_prod":false,"is_daily":false,"chose_seed":false,"is_ascension_mode":false,"campfire_upgraded":0,"timestamp":1526237086,"path_taken":["M","?","M","M","$","E","M","?","T","?","R","$","?","?"],"build_version":"2018-05-10","seed_source_timestamp":235485246777,"purchased_purges":2,"victory":false,"master_deck":["Strike_R","Strike_R","Strike_R+1","Strike_R","Defend_R","Defend_R","Defend_R","Defend_R","Bash+1","Armaments","Dropkick","Armaments","Bandage Up","Inflame","Anger","Shrug It Off","Heavy Blade","Flame Barrier"],"max_hp_per_floor":[80,80,80,80,80,80,80,80,80,80,80,80,80,80],"relics":["Burning Blood","Dream Catcher","Golden Idol","Whetstone","Odd Mushroom"],"card_choices":[{"not_picked":["Iron Wave","Sever Soul"],"picked":"Armaments","floor":1},{"not_picked":["Hemokinesis","Sword Boomerang"],"picked":"Dropkick","floor":3},{"not_picked":["Cleave","Headbutt"],"picked":"Armaments","floor":4},{"not_picked":["Havoc","Iron Wave"],"picked":"Anger","floor":6},{"not_picked":["Brutality","Body Slam"],"picked":"Shrug It Off","floor":7},{"not_picked":["Havoc","Wild Strike"],"picked":"Heavy Blade","floor":10},{"not_picked":["Sword Boomerang","Wild Strike"],"picked":"Flame Barrier","floor":11}],"player_experience":128229,"potions_floor_usage":[6],"damage_taken":[{"damage":12,"enemies":"Small Slimes","floor":1,"turns":5},{"damage":0,"enemies":"Cultist","floor":3,"turns":5},{"damage":2,"enemies":"2 Louse","floor":4,"turns":3},{"damage":65,"enemies":"Gremlin Nob","floor":6,"turns":6},{"damage":1,"enemies":"Exordium Wildlife","floor":7,"turns":4},{"damage":28,"enemies":"The Mushroom Lair","floor":10,"turns":7},{"damage":0,"enemies":"Lots of Slimes","floor":14,"turns":1}],"event_choices":[{"event_name":"Liars Game","player_choice":"disagreed","floor":2,"damage_taken":0},{"event_name":"Golden Idol","player_choice":"Take Wound","floor":8,"damage_taken":0},{"event_name":"Mushrooms","player_choice":"Fought Mushrooms","floor":10,"damage_taken":0},{"event_name":"Shining Light","player_choice":"Ignored","floor":13,"damage_taken":0}],"boss_relics":[],"potions_floor_spawned":[4,6],"seed_played":"3537109335370086680","killed_by":"Lots of Slimes","ascension_level":0,"is_trial":false}