{"path_per_floor":["M","M","$","M","M","E","?","?","T","R","$","M","?","M","R","B",null,"M","$","?","M","M","R","?","R","T","?","R","M","M","M","R"],"character_chosen":"IRONCLAD","items_purchased":["Dropkick","Bronze Scales"],"gold_per_floor":[118,135,68,82,92,125,125,125,151,151,76,87,87,104,104,204,204,224,68,68,82,98,98,98,98,98,0,0,17,36,51,51,51],"floor_reached":33,"campfire_rested":2,"playtime":2258,"item_purchase_floors":[],"current_hp_per_floor":[76,76,76,76,73,63,63,56,56,80,80,80,80,71,71,60,80,73,73,73,56,56,56,40,40,40,40,40,40,36,39,80,0],"items_purged":["Strike_R"],"gold":51,"score":249,"play_id":"088d3e2b-0976-4c1d-8218-1a5705feb4b9","local_time":"20180604115328","is_prod":false,"is_daily":false,"chose_seed":false,"is_ascension_mode":false,"campfire_upgraded":4,"win_rate":0,"timestamp":1528109608,"campfire_choices":[{"floor":10.0,"key":"REST"},{"data":"True Grit","floor":15.0,"key":"SMITH"},{"data":"Searing Blow","floor":23,"key":"SMITH"},{"data":"Searing Blow+1","floor":25,"key":"SMITH"},{"data":"Searing Blow+2","floor":28,"key":"SMITH"},{"floor":32,"key":"REST"}],"path_taken":["M","M","$","M","?","E","?","?","T","R","$","M","?","M","R","BOSS","M","$","?","M","M","R","?","R","T","?","R","M","M","M","R","BOSS"],"build_version":"2018-05-31","seed_source_timestamp":0,"purchased_purges":1,"victory":false,"master_deck":["Bash","Pommel Strike","Dropkick","Iron Wave","Headbutt","True Grit+1","Inflame","Flame Barrier","Feed","Pommel Strike","True Grit","Reckless Charge","Blood for Blood","Inflame","Clothesline","Shrug It Off","Armaments+1","Searing Blow+3","Dual Wield+1"],"max_hp_per_floor":[80,80,80,80,80,80,80,80,80,80,80,80,80,80,80,80,80,83,83,83,86,86,86,86,86,86,86,86,89,89,89,89,89],"relics":["Burning Blood","War Paint","Happy Flower","Regal Pillow","Pandora\u0027s Box","Bronze Scales","Enchiridion","Vajra"],"card_choices":[{"not_picked":["Evolve","Second Wind","Entrench"],"picked":"SKIP","floor":1.0},{"not_picked":["Burning Pact","Bloodletting"],"picked":"Pommel Strike","floor":2.0},{"not_picked":["Feel No Pain","Pommel Strike"],"picked":"Iron Wave","floor":4.0},{"not_picked":["Warcry","Sword Boomerang"],"picked":"Headbutt","floor":5.0},{"not_picked":["Anger","Heavy Blade"],"picked":"True Grit","floor":6.0},{"not_picked":["Sentinel","Flex"],"picked":"Inflame","floor":12.0},{"not_picked":["Immolate","Anger"],"picked":"Flame Barrier","floor":14.0},{"not_picked":["Impervious","Immolate"],"picked":"Feed","floor":16.0},{"not_picked":["Feel No Pain","Searing Blow+1"],"picked":"Armaments+1","floor":18},{"not_picked":["Wild Strike","Headbutt+1"],"picked":"Searing Blow","floor":21},{"not_picked":["Flame Barrier","Seeing Red","Iron Wave"],"picked":"SKIP","floor":22},{"not_picked":["Body Slam","Armaments"],"picked":"Dual Wield+1","floor":29},{"not_picked":["Carnage","Sword Boomerang+1","Bludgeon"],"picked":"SKIP","floor":30},{"not_picked":["Anger","Warcry","Havoc+1"],"picked":"SKIP","floor":31}],"player_experience":255340,"potions_floor_usage":[22,30,31],"damage_taken":[{"damage":10.0,"enemies":"Cultist","floor":1.0,"turns":4.0},{"damage":6.0,"enemies":"2 Louse","floor":2.0,"turns":4.0},{"damage":6.0,"enemies":"Jaw Worm","floor":4.0,"turns":3.0},{"damage":9.0,"enemies":"Blue Slaver","floor":5.0,"turns":3.0},{"damage":16.0,"enemies":"3 Sentries","floor":6.0,"turns":7.0},{"damage":5.0,"enemies":"Looter","floor":12.0,"turns":4.0},{"damage":15.0,"enemies":"Exordium Wildlife","floor":14.0,"turns":6.0},{"damage":17.0,"enemies":"Slime Boss","floor":16.0,"turns":11.0},{"damage":16,"enemies":"3 Byrds","floor":18,"turns":5},{"damage":26,"enemies":"2 Thieves","floor":21,"turns":4},{"damage":6,"enemies":"Snecko","floor":22,"turns":4},{"damage":9,"enemies":"3 Cultists","floor":29,"turns":5},{"damage":10,"enemies":"Chosen and Byrds","floor":30,"turns":6},{"damage":3,"enemies":"Cultist and Chosen","floor":31,"turns":6},{"damage":81,"enemies":"Automaton","floor":33,"turns":10}],"relics_obtained":[{"floor":6.0,"key":"War Paint"},{"floor":9.0,"key":"Regal Pillow"},{"floor":24,"key":"Enchiridion"},{"floor":26,"key":"Vajra"}],"event_choices":[{"event_name":"Purifier","player_choice":"One Purge","floor":7.0,"damage_taken":0.0},{"event_name":"Scrap Ooze","player_choice":"success","floor":8.0,"damage_taken":7.0},{"event_name":"Liars Game","player_choice":"disagreed","floor":13.0,"damage_taken":0.0},{"event_name":"Vampires","player_choice":"Ignored","floor":20,"damage_taken":0},{"event_name":"Cursed Tome","player_choice":"Obtained Book","floor":24,"damage_taken":0},{"event_name":"Masked Bandits","player_choice":"Paid Bandits 98 gold","floor":27,"damage_taken":0}],"boss_relics":[],"items_purged_floors":[],"potions_floor_spawned":[1,4,12,21,30],"seed_played":"5520431474459469033","killed_by":"Automaton","ascension_level":0,"potions_obtained":[{"floor":1.0,"key":"Fire Potion"},{"floor":4.0,"key":"Fire Potion"},{"floor":12.0,"key":"EssenceOfSteel"},{"floor":21,"key":"EssenceOfSteel"},{"floor":30,"key":"Swift Potion"}],"is_trial":false}