{"path_per_floor":["M","?","$","?","$","R","M","R","T","M","?","M","M","M","R","B",null,"M","M","?"],"character_chosen":"IRONCLAD","items_purchased":[],"gold_per_floor":[113,113,38,3,3,3,14,14,86,97,172,185,198,218,218,321,351,370,388,313,313],"floor_reached":21,"campfire_rested":0,"playtime":1806,"current_hp_per_floor":[79,63,63,80,80,80,80,80,80,80,69,63,68,70,70,31,85,61,37,37,0],"items_purged":["Strike_R"],"gold":313,"score":171,"play_id":"33cf754e-3ace-4e0e-a337-193e5b26bfd2","local_time":"20180510175737","is_prod":false,"is_daily":false,"chose_seed":false,"is_ascension_mode":false,"campfire_upgraded":3,"timestamp":1525971457,"path_taken":["M","?","$","?","?","R","M","R","T","M","?","M","M","M","R","BOSS","M","M","?","M"],"build_version":"2018-05-03","seed_source_timestamp":98594235633229,"purchased_purges":1,"victory":false,"master_deck":["Strike_R","Strike_R","Strike_R","Defend_R","Defend_R+1","Defend_R","Defend_R","Bash+1","Berserk+1","Headbutt","Warcry+1","Iron Wave+1","Thunderclap","Cleave","Demon Form+1","Anger"],"max_hp_per_floor":[80,80,80,80,80,80,80,80,80,80,80,80,80,80,80,80,85,85,85,85,85],"relics":["Burning Blood","Shuriken","Tiny House"],"card_choices":[{"not_picked":["Heavy Blade","Twin Strike"],"picked":"Headbutt","floor":1},{"not_picked":["True Grit","Hemokinesis"],"picked":"Warcry","floor":7},{"not_picked":["Warcry","Thunderclap"],"picked":"Iron Wave","floor":10},{"not_picked":["Twin Strike","Double Tap"],"picked":"Thunderclap","floor":12},{"not_picked":["Burning Pact","Uppercut"],"picked":"Cleave","floor":14},{"not_picked":["Juggernaut","Bludgeon"],"picked":"Demon Form","floor":16},{"not_picked":["Clothesline","Sword Boomerang"],"picked":"Anger","floor":19}],"player_experience":84954,"potions_floor_usage":[12,16,19],"damage_taken":[{"damage":7,"enemies":"Cultist","floor":1,"turns":5},{"damage":0,"enemies":"2 Louse","floor":7,"turns":2},{"damage":0,"enemies":"Jaw Worm","floor":10,"turns":5},{"damage":12,"enemies":"Large Slime","floor":12,"turns":7},{"damage":1,"enemies":"Exordium Wildlife","floor":13,"turns":4},{"damage":4,"enemies":"2 Fungi Beasts","floor":14,"turns":4},{"damage":45,"enemies":"Slime Boss","floor":16,"turns":10},{"damage":30,"enemies":"Spheric Guardian","floor":18,"turns":7},{"damage":30,"enemies":"3 Byrds","floor":19,"turns":5},{"damage":50,"enemies":"Cultist and Chosen","floor":21,"turns":4}],"event_choices":[{"event_name":"Shining Light","player_choice":"Entered Light","floor":2,"damage_taken":0},{"event_name":"The Cleric","player_choice":"Healed","floor":4,"damage_taken":0},{"event_name":"World of Goop","player_choice":"Gather Gold","floor":11,"damage_taken":0},{"event_name":"Beggar","player_choice":"Gave Gold","floor":20,"damage_taken":0}],"boss_relics":[{"not_picked":["Philosopher\u0027s Stone","Snecko Eye"],"picked":"Tiny House"}],"potions_floor_spawned":[10,13,18],"seed_played":"-5392028405434864948","killed_by":"Cultist and Chosen","ascension_level":0,"is_trial":false}