{"gold_per_floor":[218,218,31,41,41,76,76,91,91,121,141,475,23,36,36,140,140,160,160,178,188,50,50,50,85,139,139,46,66,78,92,92,189,189,204,218,22,72,89,89],"floor_reached":40,"playtime":4024,"items_purged":["Strike_G"],"score":542,"play_id":"46b4ddc9-af9a-457d-9525-ab1a98820a5f","local_time":"20180807233020","is_ascension_mode":true,"campfire_choices":[{"data":"Footwork","floor":7,"key":"SMITH"},{"data":"Catalyst","floor":15,"key":"SMITH"},{"data":"Dagger Spray","floor":23,"key":"SMITH"},{"floor":27,"key":"REST"},{"data":"Mind Blast","floor":32,"key":"SMITH"}],"neow_cost":"NONE","seed_source_timestamp":370360674185405,"circlet_count":0,"master_deck":["Defend_G+1","Defend_G+1","Defend_G+1","Defend_G+1","Defend_G+1","Strike_G+1","Strike_G+1","Strike_G+1","Strike_G+1","Survivor","Neutralize+1","Dagger Throw","Footwork+1","Backstab","Terror","Blur","Cloak And Dagger","Cloak And Dagger","Well Laid Plans+1","Backflip","Deadly Poison","Panache+1","Slice","Catalyst+1","Envenom+1","Dagger Spray+1","Choke","Bane+1","Backstab","Footwork+1","Deflect","Mind Blast+1","Finisher","Deflect+1","Footwork+1","A Thousand Cuts+1","Dagger Spray+1"],"relics":["Ring of the Snake","Darkstone Periapt","Frozen Egg 2","Blood Vial","Old Coin","Dream Catcher","Velvet Choker","Peace Pipe","Tiny Chest","Sozu","ClockworkSouvenir","StoneCalendar"],"potions_floor_usage":[10,18,18,21,21,30,36],"damage_taken":[{"damage":0,"enemies":"2 Louse","floor":1,"turns":3},{"damage":0,"enemies":"Jaw Worm","floor":4,"turns":4},{"damage":9,"enemies":"Lagavulin","floor":6,"turns":11},{"damage":0,"enemies":"Small Slimes","floor":8,"turns":2},{"damage":1,"enemies":"3 Sentries","floor":10,"turns":11},{"damage":8,"enemies":"Looter","floor":11,"turns":3},{"damage":1,"enemies":"Lagavulin","floor":12,"turns":10},{"damage":5,"enemies":"3 Louse","floor":14,"turns":3},{"damage":13,"enemies":"The Guardian","floor":16,"turns":10},{"damage":6,"enemies":"2 Thieves","floor":18,"turns":4},{"damage":7,"enemies":"Shell Parasite","floor":20,"turns":5},{"damage":1,"enemies":"Cultist and Chosen","floor":21,"turns":7},{"damage":20,"enemies":"Slavers","floor":25,"turns":6},{"damage":0,"enemies":"Centurion and Healer","floor":29,"turns":4},{"damage":5,"enemies":"Slaver and Parasite","floor":30,"turns":5},{"damage":0,"enemies":"Snecko","floor":31,"turns":3},{"damage":20,"enemies":"Champ","floor":33,"turns":12},{"damage":0,"enemies":"Orb Walker","floor":35,"turns":3},{"damage":9,"enemies":"3 Darklings","floor":36,"turns":5},{"damage":12,"floor":38,"turns":5},{"damage":32,"enemies":"Spire Growth","floor":39,"turns":5},{"damage":37,"enemies":"2 Orb Walkers","floor":40,"turns":3}],"seed_played":"-3454034254108160762","potions_obtained":[{"floor":1,"key":"SpeedPotion"},{"floor":4,"key":"Energy Potion"},{"floor":8,"key":"GamblersBrew"},{"floor":12,"key":"GamblersBrew"},{"floor":16,"key":"Fire Potion"},{"floor":20,"key":"PowerPotion"},{"floor":21,"key":"GamblersBrew"},{"floor":31,"key":"SneckoOil"},{"floor":33,"key":"GhostInAJar"}],"is_trial":false,"path_per_floor":["M","?","$","M","?","E","R","M","T","E","M","E","$","M","R","B",null,"M","?","M","M","$","R","?","E","T","R","$","M","M","M","R","B",null,"M","M","$","?","M"],"character_chosen":"THE_SILENT","items_purchased":["Footwork","Backstab","Terror","Panache+1","Dream Catcher","Slice","Backstab","Footwork+1","Mind Blast","ClockworkSouvenir"],"campfire_rested":1,"item_purchase_floors":[3,3,3,13,13,13,22,22,28,37],"current_hp_per_floor":[70,70,70,70,70,61,61,61,61,60,54,55,55,52,52,41,70,64,64,59,60,60,60,60,42,42,63,63,65,62,64,64,46,70,70,61,61,51,21,0],"gold":89,"neow_bonus":"HUNDRED_GOLD","is_prod":false,"is_daily":false,"chose_seed":false,"campfire_upgraded":4,"win_rate":0,"timestamp":1533681020,"path_taken":["M","?","$","M","?","E","R","M","T","E","M","E","?","?","R","BOSS","M","?","M","M","?","R","?","E","T","R","$","M","M","?","R","BOSS","M","M","$","?","?","E"],"build_version":"2018-08-02","purchased_purges":1,"victory":false,"max_hp_per_floor":[70,70,70,70,70,70,70,70,70,70,70,70,70,70,70,70,70,70,70,70,70,70,70,70,70,70,70,70,70,70,70,70,70,70,70,70,70,70,70,70],"card_choices":[{"not_picked":["Crippling Poison","Blade Dance"],"picked":"Dagger Throw","floor":1},{"not_picked":["Flying Knee","Masterful Stab"],"picked":"Blur","floor":4},{"not_picked":["Sucker Punch","Tactician"],"picked":"Cloak And Dagger","floor":6},{"not_picked":["Backflip","Blur"],"picked":"Cloak And Dagger","floor":8},{"not_picked":["Acrobatics","Bane"],"picked":"Well Laid Plans+1","floor":10},{"not_picked":["Eviscerate","Acrobatics"],"picked":"Backflip","floor":11},{"not_picked":["Masterful Stab","Dagger Throw"],"picked":"Deadly Poison","floor":12},{"not_picked":["Bouncing Flask","Deadly Poison"],"picked":"Catalyst","floor":14},{"not_picked":["Malaise","Adrenaline"],"picked":"Envenom+1","floor":16},{"not_picked":["Outmaneuver","Slice"],"picked":"Dagger Spray","floor":18},{"not_picked":["Prepared","Underhanded Strike"],"picked":"Choke","floor":20},{"not_picked":["Quick Slash","Prepared"],"picked":"Bane+1","floor":21},{"not_picked":["Dodge and Roll","Outmaneuver","Quick Slash"],"picked":"SKIP","floor":25},{"not_picked":["Bouncing Flask","Terror"],"picked":"Deflect","floor":27},{"not_picked":["Eviscerate+1","Grand Finale"],"picked":"Finisher","floor":29},{"not_picked":["Flying Knee","Dodge and Roll"],"picked":"Deflect+1","floor":30},{"not_picked":["Sucker Punch","Escape Plan"],"picked":"Footwork+1","floor":31},{"not_picked":["Tools of the Trade+1","Unload"],"picked":"A Thousand Cuts+1","floor":33},{"not_picked":["Blade Dance+1","Terror"],"picked":"Dagger Spray+1","floor":35},{"not_picked":["Dagger Throw","Outmaneuver","Predator"],"picked":"SKIP","floor":36},{"not_picked":["Prepared","Infinite Blades+1","Cloak And Dagger+1"],"picked":"SKIP","floor":39}],"player_experience":591749,"relics_obtained":[{"floor":6,"key":"Darkstone Periapt"},{"floor":9,"key":"Frozen Egg 2"},{"floor":10,"key":"Blood Vial"},{"floor":12,"key":"Old Coin"},{"floor":25,"key":"Peace Pipe"},{"floor":26,"key":"Tiny Chest"},{"floor":38,"key":"StoneCalendar"}],"event_choices":[{"event_name":"Golden Wing","player_choice":"Ignored","floor":2,"damage_taken":0},{"event_name":"Living Wall","player_choice":"Grow","floor":5,"damage_taken":0},{"event_name":"Back to Basics","player_choice":"Simplicity","floor":19,"damage_taken":0},{"event_name":"Drug Dealer","player_choice":"Ignored","floor":24,"damage_taken":0},{"event_name":"Mysterious Sphere","player_choice":"Fight","floor":38,"damage_taken":0}],"is_beta":false,"boss_relics":[{"not_picked":["Ring of the Serpent","Philosopher\u0027s Stone"],"picked":"Velvet Choker"},{"not_picked":["HoveringKite","Lizard Tail"],"picked":"Sozu"}],"items_purged_floors":[13],"is_endless":false,"potions_floor_spawned":[1,4,8,12,16,20,21,31,33,36,39],"killed_by":"2 Orb Walkers","ascension_level":3}