{"gold_per_floor":[112,37,37,37,37,37,70,70,70,70,70,87,99,116,116,187,187,204,222,222,272,288,288,288],"floor_reached":24,"playtime":849,"items_purged":["Strike_R"],"score":416,"play_id":"5bfe9ef3-8d1b-412a-931d-fcf7a457f620","local_time":"20190731011636","is_ascension_mode":true,"campfire_choices":[{"data":"Bash","floor":6.0,"key":"SMITH"},{"data":"Pommel Strike","floor":8.0,"key":"SMITH"},{"floor":10.0,"key":"REST"},{"data":"Sword Boomerang","floor":15.0,"key":"SMITH"},{"floor":23,"key":"REST"}],"neow_cost":"NONE","seed_source_timestamp":0,"circlet_count":0,"master_deck":["AscendersBane","Strike_R+1","Strike_R","Strike_R","Defend_R","Defend_R","Defend_R","Defend_R+1","Bash+1","Pommel Strike+1","Sword Boomerang+1","Battle Trance","Sword Boomerang"],"special_seed":0,"relics":["Black Blood","NeowsBlessing","Vajra","Gremlin Horn","Turnip"],"potions_floor_usage":[19,24,24],"damage_taken":[{"damage":0.0,"enemies":"Small Slimes","floor":1.0,"turns":1.0},{"damage":0.0,"enemies":"3 Sentries","floor":7.0,"turns":1.0},{"damage":0.0,"enemies":"Jaw Worm","floor":12.0,"turns":1.0},{"damage":0.0,"enemies":"Cultist","floor":13.0,"turns":2.0},{"damage":12.0,"enemies":"Exordium Wildlife","floor":14.0,"turns":3.0},{"damage":15.0,"enemies":"Slime Boss","floor":16.0,"turns":7.0},{"damage":25,"enemies":"2 Thieves","floor":18,"turns":3},{"damage":5,"enemies":"Spheric Guardian","floor":19,"turns":4},{"damage":53,"enemies":"3 Cultists","floor":22,"turns":5},{"damage":60,"enemies":"Slavers","floor":24,"turns":3}],"seed_played":"-8699462347875514594","potions_obtained":[{"floor":7.0,"key":"AttackPotion"},{"floor":14.0,"key":"AttackPotion"},{"floor":18,"key":"SkillPotion"},{"floor":19,"key":"PowerPotion"},{"floor":22,"key":"Regen Potion"}],"is_trial":false,"path_per_floor":["M","$","?","?","?","R","E","R","T","R","?","M","M","M","R","B",null,"M","M","?","?","M","R","E"],"character_chosen":"IRONCLAD","items_purchased":[],"campfire_rested":2,"item_purchase_floors":[],"current_hp_per_floor":[74,74,67,72,48,48,54,54,54,78,78,80,80,74,74,65,76,61,66,66,66,23,47,0],"gold":288,"neow_bonus":"THREE_ENEMY_KILL","is_prod":false,"is_daily":false,"chose_seed":false,"campfire_upgraded":3,"win_rate":0,"timestamp":1564560996,"path_taken":["M","$","?","?","?","R","E","R","T","R","?","M","M","?","R","BOSS","M","M","?","?","M","R","E"],"build_version":"2019-07-17","purchased_purges":1,"victory":false,"max_hp_per_floor":[75,75,75,80,80,80,80,80,80,80,80,80,80,80,80,80,80,80,80,80,80,80,80,80],"card_choices":[{"not_picked":["Perfected Strike","Iron Wave","Pommel Strike"],"picked":"SKIP","floor":1.0},{"not_picked":["Headbutt","Spot Weakness"],"picked":"Pommel Strike","floor":7.0},{"not_picked":["Battle Trance","Combust"],"picked":"Sword Boomerang","floor":12.0},{"not_picked":["True Grit","Fire Breathing","Reaper"],"picked":"SKIP","floor":13.0},{"not_picked":["Body Slam","Anger"],"picked":"Battle Trance","floor":14.0},{"not_picked":["Body Slam","Clash","Infernal Blade"],"picked":"SKIP","floor":18},{"not_picked":["Entrench","Anger","Bloodletting"],"picked":"SKIP","floor":19},{"not_picked":["Pummel","Headbutt","Searing Blow"],"picked":"SKIP","floor":22}],"player_experience":478341,"relics_obtained":[{"floor":7.0,"key":"Vajra"},{"floor":9.0,"key":"Gremlin Horn"}],"event_choices":[{"cards_removed":["Strike_R"],"damage_healed":0.0,"max_hp_gain":0.0,"max_hp_loss":0.0,"gold_gain":0.0,"event_name":"Golden Wing","player_choice":"Card Removal","floor":3.0,"gold_loss":0.0,"damage_taken":7.0},{"damage_healed":0.0,"max_hp_gain":5.0,"max_hp_loss":0.0,"gold_gain":0.0,"event_name":"Big Fish","player_choice":"Donut","floor":4.0,"gold_loss":0.0,"damage_taken":0.0},{"damage_healed":0.0,"max_hp_gain":0.0,"max_hp_loss":0.0,"gold_gain":0.0,"event_name":"Shining Light","player_choice":"Entered Light","floor":5.0,"gold_loss":0.0,"damage_taken":24.0,"cards_upgraded":["Defend_R","Strike_R"]},{"damage_healed":0.0,"max_hp_gain":0.0,"max_hp_loss":0.0,"gold_gain":0.0,"event_name":"WeMeetAgain","player_choice":"Gave Potion","floor":11.0,"gold_loss":0.0,"damage_taken":0.0,"relics_obtained":["Turnip"]},{"damage_healed":0,"gold_gain":0,"player_choice":"Read","damage_taken":0,"max_hp_gain":0,"max_hp_loss":0,"event_name":"The Library","floor":20,"gold_loss":0,"cards_obtained":["Sword Boomerang"]},{"damage_healed":0,"gold_gain":50,"player_choice":"Stole From Cult","damage_taken":0,"max_hp_gain":0,"max_hp_loss":0,"event_name":"Nest","floor":21,"gold_loss":0}],"is_beta":false,"boss_relics":[{"not_picked":["Pandora\u0027s Box","Lizard Tail"],"picked":"Black Blood"}],"items_purged_floors":[2],"is_endless":false,"potions_floor_spawned":[7,14,18,19,22],"killed_by":"Slavers","ascension_level":18}