{"gold_per_floor":[110,110,129,148,148,148,176,176,176,54,73,85,85,102,102,199,199,214,231,61,61,24,56,56],"floor_reached":24,"playtime":821,"items_purged":[],"score":292,"play_id":"456a527f-0931-43f3-af99-f1b683da10f5","local_time":"20190624080325","is_ascension_mode":true,"campfire_choices":[{"data":"All Out Attack","floor":6,"key":"SMITH"},{"floor":8,"key":"REST"},{"floor":13,"key":"REST"},{"data":"Adrenaline","floor":15,"key":"SMITH"}],"neow_cost":"NONE","seed_source_timestamp":3988878782696,"circlet_count":0,"master_deck":["Defend_G","Defend_G","Defend_G","Defend_G","Defend_G","Strike_G","Strike_G","Strike_G","Strike_G","Strike_G","Survivor","Neutralize","Bane","All Out Attack+1","Adrenaline+1","Catalyst+1","Caltrops+1","Caltrops+1","Envenom+1","Bane+1","Panache+1","Footwork+1","Noxious Fumes+1"],"relics":["Sozu","Ornamental Fan","Molten Egg 2","Frozen Egg 2","Runic Pyramid","Blue Candle"],"potions_floor_usage":[],"damage_taken":[{"damage":8,"enemies":"Jaw Worm","floor":1,"turns":5},{"damage":0,"enemies":"Cultist","floor":3,"turns":4},{"damage":0,"enemies":"Small Slimes","floor":4,"turns":3},{"damage":28,"enemies":"Gremlin Nob","floor":7,"turns":5},{"damage":0,"enemies":"Red Slaver","floor":11,"turns":3},{"damage":1,"enemies":"Exordium Thugs","floor":12,"turns":5},{"damage":1,"enemies":"Exordium Wildlife","floor":14,"turns":4},{"damage":50,"enemies":"The Guardian","floor":16,"turns":10},{"damage":8,"enemies":"Chosen","floor":18,"turns":4},{"damage":12,"enemies":"Spheric Guardian","floor":19,"turns":4},{"damage":22,"enemies":"Gremlin Leader","floor":23,"turns":5},{"damage":24,"enemies":"Snecko","floor":24,"turns":4}],"seed_played":"-8235780540226703511","potions_obtained":[],"is_trial":false,"path_per_floor":["M","?","M","M","?","R","E","R","T","?","M","M","R","M","R","B",null,"M","M","$","?","$","E","M"],"character_chosen":"THE_SILENT","items_purchased":["Panache+1","Footwork+1"],"campfire_rested":2,"item_purchase_floors":[20,22],"current_hp_per_floor":[55,55,55,55,60,60,32,54,54,54,54,53,75,74,74,24,62,54,42,42,42,42,20,0],"gold":56,"neow_bonus":"BOSS_RELIC","is_prod":false,"is_daily":false,"chose_seed":false,"campfire_upgraded":2,"win_rate":0,"timestamp":1561377805,"path_taken":["M","?","M","?","?","R","E","R","T","?","M","?","R","M","R","BOSS","M","M","$","?","?","E","M"],"build_version":"2019-01-23","purchased_purges":0,"victory":false,"max_hp_per_floor":[70,70,70,70,75,75,75,75,75,75,75,75,75,75,75,75,75,75,75,75,75,75,75,75],"card_choices":[{"not_picked":["Flying Knee","Concentrate"],"picked":"Bane","floor":1},{"not_picked":["Acrobatics","Cloak And Dagger","Flying Knee"],"picked":"SKIP","floor":3},{"not_picked":["Dagger Throw","Dodge and Roll"],"picked":"All Out Attack","floor":4},{"not_picked":["Malaise","Catalyst"],"picked":"Adrenaline","floor":7},{"not_picked":["Slice+1","Acrobatics"],"picked":"Catalyst","floor":11},{"not_picked":["All Out Attack+1","Quick Slash+1"],"picked":"Caltrops+1","floor":12},{"not_picked":["Accuracy+1","Backflip"],"picked":"Caltrops+1","floor":14},{"not_picked":["Burst","Venomology"],"picked":"Envenom+1","floor":16},{"not_picked":["Deflect","Dagger Spray+1"],"picked":"Bane+1","floor":18},{"not_picked":["Deflect","Predator+1","Slice+1"],"picked":"SKIP","floor":19},{"not_picked":["Blade Dance+1","Calculated Gamble"],"picked":"Noxious Fumes+1","floor":23}],"player_experience":493081,"relics_obtained":[{"floor":7,"key":"Ornamental Fan"},{"floor":9,"key":"Molten Egg 2"},{"floor":23,"key":"Blue Candle"}],"event_choices":[{"damage_healed":0,"gold_gain":0,"player_choice":"Got Potions","damage_taken":0,"max_hp_gain":0,"max_hp_loss":0,"event_name":"Lab","floor":2,"gold_loss":0},{"damage_healed":0,"gold_gain":0,"player_choice":"Donut","damage_taken":0,"max_hp_gain":5,"max_hp_loss":0,"event_name":"Big Fish","floor":5,"gold_loss":0},{"damage_healed":0,"gold_gain":0,"player_choice":"Paid Gold","damage_taken":0,"relics_obtained":["Frozen Egg 2"],"max_hp_gain":0,"max_hp_loss":0,"event_name":"WeMeetAgain","floor":10,"gold_loss":122},{"damage_healed":0,"gold_gain":0,"player_choice":"Forge","damage_taken":0,"max_hp_gain":0,"max_hp_loss":0,"event_name":"Accursed Blacksmith","floor":21,"gold_loss":0,"cards_upgraded":["Catalyst"]}],"is_beta":false,"boss_relics":[{"not_picked":["WristBlade","White Beast Statue"],"picked":"Runic Pyramid"}],"items_purged_floors":[],"is_endless":false,"potions_floor_spawned":[4,7,12,16,18],"killed_by":"Snecko","ascension_level":7}