{"gold_per_floor":[116,41,41,73,100,112,143,155,220,307,329,366,395,422,434,551,563,587,618,640,751,763],"floor_reached":22,"playtime":1594,"items_purged":["Strike_R"],"score":180,"play_id":"623ff6a6-2f10-4b2a-a1e7-cca2c51ad750","local_time":"20190207014523","is_ascension_mode":false,"campfire_choices":[{"data":"Flex","floor":6,"key":"SMITH"},{"data":"Armaments","floor":8,"key":"SMITH"},{"data":"Double Tap","floor":15,"key":"SMITH"}],"neow_cost":"NONE","seed_source_timestamp":10436422312679,"circlet_count":0,"master_deck":["Strike_R","Strike_R","Strike_R","Defend_R","Defend_R","Defend_R","Bash","Flex+1","Armaments+1","Double Tap+1","Fire Breathing","Searing Blow","Pommel Strike","Rampage+1"],"relics":["Burning Blood","MawBank","Tiny Chest","Art of War","Empty Cage"],"potions_floor_usage":[13,16,18,20,20,20],"damage_taken":[{"damage":7,"enemies":"Cultist","floor":1,"turns":5},{"damage":1,"enemies":"Jaw Worm","floor":4,"turns":5},{"damage":3,"enemies":"Small Slimes","floor":5,"turns":4},{"damage":16,"enemies":"Blue Slaver","floor":7,"turns":6},{"damage":11,"enemies":"Lots of Slimes","floor":11,"turns":5},{"damage":15,"enemies":"Gremlin Gang","floor":13,"turns":5},{"damage":0,"enemies":"3 Louse","floor":14,"turns":3},{"damage":40,"enemies":"Slime Boss","floor":16,"turns":10},{"damage":22,"enemies":"3 Byrds","floor":18,"turns":7},{"damage":38,"enemies":"Spheric Guardian","floor":19,"turns":6},{"damage":31,"enemies":"Centurion and Healer","floor":20,"turns":7},{"damage":10,"enemies":"Cultist and Chosen","floor":22,"turns":1}],"seed_played":"2253119281942581527","potions_obtained":[{"floor":4,"key":"Regen Potion"},{"floor":5,"key":"Ancient Potion"},{"floor":13,"key":"PowerPotion"},{"floor":16,"key":"SpeedPotion"},{"floor":18,"key":"Ancient Potion"},{"floor":19,"key":"Weak Potion"}],"is_trial":false,"path_per_floor":["M","$","?","M","M","R","M","R","T","?","M","T","M","M","R","B",null,"M","M","M","?","M"],"character_chosen":"IRONCLAD","items_purchased":[],"campfire_rested":0,"item_purchase_floors":[],"current_hp_per_floor":[79,79,79,80,80,80,70,70,70,59,54,54,57,63,63,29,80,64,32,7,7,0],"gold":763,"neow_bonus":"THREE_CARDS","is_prod":false,"is_daily":false,"chose_seed":false,"campfire_upgraded":3,"win_rate":0.0,"timestamp":1549532723,"path_taken":["M","?","?","M","?","R","M","R","T","?","M","?","M","?","R","BOSS","M","?","M","?","M"],"build_version":"2019-01-23","purchased_purges":1,"victory":false,"max_hp_per_floor":[80,80,80,80,80,80,80,80,80,80,80,80,80,80,80,80,80,80,80,80,80,80],"card_choices":[{"not_picked":["Havoc","Hemokinesis"],"picked":"Blood for Blood","floor":0},{"not_picked":["Headbutt","Twin Strike","Sever Soul"],"picked":"SKIP","floor":1},{"not_picked":["Intimidate","True Grit"],"picked":"Flex","floor":4},{"not_picked":["Havoc","Evolve","Clothesline"],"picked":"SKIP","floor":5},{"not_picked":["Sword Boomerang","Body Slam"],"picked":"Armaments","floor":7},{"not_picked":["Shockwave","Rupture"],"picked":"Double Tap","floor":11},{"not_picked":["Reckless Charge","Thunderclap","Perfected Strike"],"picked":"SKIP","floor":13},{"not_picked":["Perfected Strike","Headbutt"],"picked":"Fire Breathing","floor":14},{"not_picked":["Clash","Clothesline"],"picked":"Searing Blow","floor":18},{"not_picked":["Armaments","Sword Boomerang"],"picked":"Pommel Strike","floor":19},{"not_picked":["Body Slam","Cleave"],"picked":"Rampage+1","floor":20}],"player_experience":59641,"relics_obtained":[{"floor":9,"key":"Tiny Chest"},{"floor":12,"key":"Art of War"}],"event_choices":[{"cards_removed":["Blood for Blood"],"damage_healed":0,"gold_gain":0,"player_choice":"Gave Card","damage_taken":0,"relics_obtained":["MawBank"],"max_hp_gain":0,"max_hp_loss":0,"event_name":"WeMeetAgain","floor":3,"gold_loss":0},{"damage_healed":0,"gold_gain":75,"player_choice":"Gather Gold","damage_taken":11,"max_hp_gain":0,"max_hp_loss":0,"event_name":"World of Goop","floor":10,"gold_loss":0},{"damage_healed":0,"gold_gain":99,"player_choice":"Stole From Cult","damage_taken":0,"max_hp_gain":0,"max_hp_loss":0,"event_name":"Nest","floor":21,"gold_loss":0}],"is_beta":false,"boss_relics":[{"not_picked":["Busted Crown","Mark of Pain"],"picked":"Empty Cage"}],"items_purged_floors":[2],"is_endless":false,"potions_floor_spawned":[4,5,13,16,18,19],"killed_by":"Cultist and Chosen","ascension_level":0}