{"gold_per_floor":[114,64,14,14,14,14,14,27,27,27,50,71,71,90,90,221,221,234,234,258,114,114,114,157,10,10,29,29,42,42,67,67,67],"floor_reached":33,"playtime":920,"items_purged":["Strike_R","Strike_R"],"score":329,"play_id":"022339dc-3c33-4c16-96d1-2b0d2052d0c0","local_time":"20190430001706","is_ascension_mode":true,"campfire_choices":[{"data":"Heavy Blade","floor":6.0,"key":"SMITH"},{"data":"Bash","floor":10.0,"key":"SMITH"},{"data":"Flex","floor":15.0,"key":"SMITH"},{"data":"Flex","floor":23.0,"key":"SMITH"},{"data":"Flex","floor":28.0,"key":"SMITH"},{"data":"Sword Boomerang","floor":30.0,"key":"SMITH"},{"floor":32.0,"key":"REST"}],"neow_cost":"NONE","seed_source_timestamp":0,"circlet_count":0,"master_deck":["Defend_R","Defend_R","Defend_R","Defend_R","Bash+1","Heavy Blade+1","Flex+1","Flex+1","Thunderclap","Flex+1","Sword Boomerang+1"],"special_seed":0,"relics":["Burning Blood","Bag of Preparation","Golden Idol","Potion Belt","Eternal Feather","MutagenicStrength","Red Mask","Kunai"],"potions_floor_usage":[],"damage_taken":[{"damage":14.0,"enemies":"2 Louse","floor":1.0,"turns":4.0},{"damage":0.0,"enemies":"Small Slimes","floor":8.0,"turns":3.0},{"damage":7.0,"enemies":"Jaw Worm","floor":11.0,"turns":3.0},{"damage":1.0,"enemies":"3 Louse","floor":12.0,"turns":4.0},{"damage":19.0,"enemies":"Exordium Thugs","floor":14.0,"turns":5.0},{"damage":44.0,"enemies":"Hexaghost","floor":16.0,"turns":8.0},{"damage":3.0,"enemies":"3 Byrds","floor":18.0,"turns":3.0},{"damage":14.0,"enemies":"Chosen","floor":20.0,"turns":4.0},{"damage":33.0,"enemies":"Masked Bandits","floor":24.0,"turns":4.0},{"damage":0.0,"enemies":"Snecko","floor":27.0,"turns":3.0},{"damage":30.0,"enemies":"Sentry and Sphere","floor":29.0,"turns":5.0},{"damage":4.0,"enemies":"Cultist and Chosen","floor":31.0,"turns":3.0},{"damage":100,"enemies":"Collector","floor":33,"turns":6}],"seed_played":"-5116677838272170803","potions_obtained":[{"floor":8.0,"key":"Strength Potion"},{"floor":12.0,"key":"Poison Potion"},{"floor":16.0,"key":"LiquidBronze"},{"floor":18.0,"key":"Regen Potion"},{"floor":24.0,"key":"SkillPotion"}],"is_trial":false,"path_per_floor":["M","$","?","?","?","R","$","M","T","R","M","M","?","M","R","B",null,"M","?","M","$","?","R","?","$","T","M","R","M","R","M","R","B"],"character_chosen":"IRONCLAD","items_purchased":["Heavy Blade","Flex","Thunderclap","Sword Boomerang"],"campfire_rested":1,"item_purchase_floors":[2,21,21,25],"current_hp_per_floor":[64,64,64,57,57,57,57,63,63,63,62,67,67,54,54,16,60,63,63,55,55,55,61,46,46,46,52,58,34,40,42,70,0],"gold":67,"neow_bonus":"REMOVE_CARD","is_prod":false,"is_daily":false,"chose_seed":false,"campfire_upgraded":6,"win_rate":0,"timestamp":1556608626,"path_taken":["M","$","?","?","?","R","?","M","T","R","M","M","?","M","R","BOSS","M","?","M","$","?","R","?","$","T","M","R","M","R","M","R","BOSS"],"build_version":"2019-01-23","purchased_purges":2,"victory":false,"max_hp_per_floor":[80,80,80,80,74,74,74,74,74,74,74,74,74,74,74,74,74,74,74,74,74,74,74,74,74,74,74,74,74,74,74,74,74],"card_choices":[{"not_picked":["Perfected Strike","Uppercut","Second Wind"],"picked":"SKIP","floor":1.0},{"not_picked":["Havoc","Corruption","Clothesline"],"picked":"SKIP","floor":8.0},{"not_picked":["Wild Strike","Clash","Shrug It Off"],"picked":"SKIP","floor":11.0},{"not_picked":["Shrug It Off","Wild Strike","Sever Soul"],"picked":"SKIP","floor":12.0},{"not_picked":["Spot Weakness","Perfected Strike"],"picked":"Flex","floor":14.0},{"not_picked":["Seeing Red","Warcry","Pommel Strike"],"picked":"SKIP","floor":18.0},{"not_picked":["Fire Breathing","Warcry","Cleave"],"picked":"SKIP","floor":20.0},{"not_picked":["True Grit","Rage","Cleave"],"picked":"SKIP","floor":27.0},{"not_picked":["Anger","True Grit","Heavy Blade"],"picked":"SKIP","floor":29.0},{"not_picked":["Anger+1","Wild Strike","Impervious"],"picked":"SKIP","floor":31.0}],"player_experience":328419,"relics_obtained":[{"floor":9.0,"key":"Potion Belt"},{"floor":24.0,"key":"Red Mask"},{"floor":26.0,"key":"Kunai"}],"event_choices":[{"cards_removed":["Strike_R"],"damage_healed":0.0,"max_hp_gain":0.0,"max_hp_loss":0.0,"gold_gain":0.0,"event_name":"The Cleric","player_choice":"Card Removal","floor":3.0,"gold_loss":50.0,"damage_taken":0.0},{"damage_healed":0.0,"max_hp_gain":0.0,"max_hp_loss":0.0,"gold_gain":0.0,"event_name":"Scrap Ooze","player_choice":"Success","floor":4.0,"gold_loss":0.0,"damage_taken":7.0,"relics_obtained":["Bag of Preparation"]},{"damage_healed":0.0,"max_hp_gain":0.0,"max_hp_loss":6.0,"gold_gain":0.0,"event_name":"Golden Idol","player_choice":"Lose Max HP","floor":5.0,"gold_loss":0.0,"damage_taken":0.0,"relics_obtained":["Golden Idol"]},{"cards_removed":["Strike_R"],"damage_healed":0.0,"max_hp_gain":0.0,"max_hp_loss":0.0,"gold_gain":0.0,"event_name":"Bonfire Elementals","player_choice":"Offered Basic","floor":13.0,"gold_loss":0.0,"damage_taken":0.0},{"damage_healed":0.0,"max_hp_gain":0.0,"max_hp_loss":0.0,"gold_gain":0.0,"event_name":"Drug Dealer","player_choice":"Inject Mutagens","floor":19.0,"gold_loss":0.0,"damage_taken":0.0,"relics_obtained":["MutagenicStrength"]},{"damage_healed":0.0,"max_hp_gain":0.0,"max_hp_loss":0.0,"gold_gain":0.0,"event_name":"The Library","player_choice":"Read","floor":22.0,"gold_loss":0.0,"damage_taken":0.0,"cards_obtained":["Flex"]},{"damage_healed":0.0,"max_hp_gain":0.0,"max_hp_loss":0.0,"gold_gain":0.0,"event_name":"Masked Bandits","player_choice":"Fought Bandits","floor":24.0,"gold_loss":0.0,"damage_taken":0.0}],"is_beta":false,"boss_relics":[{"not_picked":["Runic Pyramid","Mark of Pain"],"picked":"Eternal Feather"}],"items_purged_floors":[21,25],"is_endless":false,"potions_floor_spawned":[8,12,16,18,24],"killed_by":"Collector","ascension_level":8}