{"gold_per_floor":[111,121,46,121,21,21,39,39,65,65,77,96,96,124,124,221,221,237,251,265,265,265,265,265],"floor_reached":24,"playtime":830,"items_purged":["Strike_R","Strike_R"],"score":314,"play_id":"e031cc43-4762-4623-9a29-dbbbe1ed318b","local_time":"20190501120000","is_ascension_mode":true,"campfire_choices":[{"data":"Heavy Blade","floor":6,"key":"SMITH"},{"data":"Thunderclap","floor":8,"key":"SMITH"},{"data":"Strike_R","floor":10,"key":"SMITH"},{"data":"Flex","floor":13,"key":"SMITH"},{"floor":15,"key":"REST"},{"floor":23,"key":"REST"}],"neow_cost":"NONE","seed_source_timestamp":174198194321200,"circlet_count":0,"master_deck":["AscendersBane","Strike_R+1","Strike_R+1","Strike_R","Defend_R","Defend_R","Defend_R","Defend_R","Bash+1","Heavy Blade+1","Thunderclap+1","Flex+1","Sword Boomerang","Whirlwind"],"relics":["Burning Blood","Whetstone","Bronze Scales","Paper Frog","Orrery"],"potions_floor_usage":[16,18,24],"damage_taken":[{"damage":0,"enemies":"Cultist","floor":1,"turns":3},{"damage":2,"enemies":"2 Louse","floor":2,"turns":4},{"damage":0,"enemies":"Small Slimes","floor":7,"turns":4},{"damage":8,"enemies":"Exordium Wildlife","floor":11,"turns":4},{"damage":13,"enemies":"Large Slime","floor":12,"turns":4},{"damage":44,"enemies":"Gremlin Nob","floor":14,"turns":5},{"damage":51,"enemies":"Hexaghost","floor":16,"turns":8},{"damage":11,"enemies":"Spheric Guardian","floor":18,"turns":3},{"damage":34,"enemies":"2 Thieves","floor":19,"turns":4},{"damage":7,"enemies":"Cultist and Chosen","floor":20,"turns":4},{"damage":42,"enemies":"Book of Stabbing","floor":24,"turns":4}],"seed_played":"-3902859991391806693","potions_obtained":[{"floor":2,"key":"Poison Potion"},{"floor":7,"key":"Strength Potion"},{"floor":16,"key":"Weak Potion"}],"is_trial":false,"path_per_floor":["M","M","$","?","$","R","M","R","T","R","M","M","R","E","R","B",null,"M","M","M","?","?","R","E"],"character_chosen":"IRONCLAD","items_purchased":[],"campfire_rested":2,"item_purchase_floors":[],"current_hp_per_floor":[78,80,80,72,72,72,78,78,78,78,76,69,69,31,55,10,63,58,30,29,29,14,39,0],"gold":265,"neow_bonus":"RANDOM_COMMON_RELIC","is_prod":false,"is_daily":false,"chose_seed":false,"campfire_upgraded":4,"win_rate":0,"timestamp":1556737200,"path_taken":["M","M","$","?","$","R","?","R","T","R","M","M","R","E","R","BOSS","M","M","M","?","?","R","E"],"build_version":"2019-01-23","purchased_purges":2,"victory":false,"max_hp_per_floor":[80,80,80,80,80,80,80,80,80,80,80,80,80,80,80,80,80,80,80,80,80,85,85,85],"card_choices":[{"not_picked":["True Grit","Rampage"],"picked":"Heavy Blade","floor":1},{"not_picked":["Reckless Charge","Armaments","Pommel Strike"],"picked":"SKIP","floor":2},{"not_picked":["Heavy Blade","Blood for Blood"],"picked":"Thunderclap","floor":7},{"not_picked":["Thunderclap","True Grit"],"picked":"Flex","floor":11},{"not_picked":["Barricade","Warcry","Heavy Blade"],"picked":"SKIP","floor":12},{"not_picked":["Hemokinesis","Carnage","Heavy Blade"],"picked":"SKIP","floor":14},{"not_picked":["Searing Blow","Anger"],"picked":"Sword Boomerang","floor":17},{"not_picked":["Headbutt","Body Slam"],"picked":"Whirlwind","floor":17},{"not_picked":["Whirlwind","Pommel Strike","Ghostly Armor"],"picked":"SKIP","floor":18},{"not_picked":["Warcry","Anger","Metallicize+1"],"picked":"SKIP","floor":19},{"not_picked":["Heavy Blade","Havoc","Disarm"],"picked":"SKIP","floor":20}],"player_experience":345600,"relics_obtained":[{"floor":9,"key":"Bronze Scales"},{"floor":14,"key":"Paper Frog"}],"event_choices":[{"damage_healed":0,"gold_gain":75,"player_choice":"Touch","damage_taken":8,"max_hp_gain":0,"max_hp_loss":0,"event_name":"FaceTrader","floor":4,"gold_loss":0},{"damage_healed":0,"gold_gain":0,"player_choice":"Ignored","damage_taken":0,"max_hp_gain":0,"max_hp_loss":0,"event_name":"Ghosts","floor":21,"gold_loss":0},{"damage_healed":0,"gold_gain":0,"player_choice":"Shed Blood","damage_taken":20,"max_hp_gain":5,"max_hp_loss":0,"event_name":"Forgotten Altar","floor":22,"gold_loss":0}],"is_beta":false,"boss_relics":[{"not_picked":["Runic Pyramid","Velvet Choker"],"picked":"Orrery"}],"items_purged_floors":[3,5],"is_endless":false,"potions_floor_spawned":[2,7,11,16],"killed_by":"Book of Stabbing","ascension_level":12}