{"gold_per_floor":[115,115,190,115,132,166,166,230,230,230,150,176,196,96,96,199,199,213,213,93,111,111],"floor_reached":22,"playtime":603,"items_purged":["Defend_R","Defend_R","Strike_R","Defend_R"],"score":269,"play_id":"a20a1511-dc3d-4316-ae29-3ad6bf4d2619","local_time":"20190218162340","is_ascension_mode":true,"campfire_choices":[{"data":"Bash","floor":7,"key":"SMITH"},{"floor":10,"key":"REST"},{"data":"Dropkick","floor":15,"key":"SMITH"}],"neow_cost":"NONE","seed_source_timestamp":67993852853400,"circlet_count":0,"master_deck":["Strike_R","Strike_R","Defend_R","Bash+1","Spot Weakness+1","Dropkick+1","Twin Strike+1"],"relics":["Burning Blood","NeowsBlessing","Dodecahedron","Tiny Chest","The Courier","Red Skull","Empty Cage","Potion Belt"],"potions_floor_usage":[16,16,18,22],"damage_taken":[{"damage":0,"enemies":"Small Slimes","floor":1,"turns":1},{"damage":0,"enemies":"Jaw Worm","floor":5,"turns":1},{"damage":0,"enemies":"3 Sentries","floor":6,"turns":1},{"damage":40,"enemies":"Lagavulin","floor":8,"turns":5},{"damage":1,"enemies":"Cultist","floor":13,"turns":3},{"damage":12,"enemies":"Slime Boss","floor":16,"turns":9},{"damage":48,"enemies":"3 Byrds","floor":18,"turns":5},{"damage":12,"enemies":"Shell Parasite","floor":21,"turns":2},{"damage":29,"enemies":"Centurion and Healer","floor":22,"turns":3}],"seed_played":"-2700323335917039273","potions_obtained":[{"floor":1,"key":"FearPotion"},{"floor":6,"key":"Block Potion"},{"floor":8,"key":"SteroidPotion"},{"floor":13,"key":"Strength Potion"},{"floor":21,"key":"Weak Potion"}],"is_trial":false,"path_per_floor":["M","?","?","$","M","E","R","E","T","R","$","T","M","$","R","B",null,"M","?","$","M","M"],"character_chosen":"IRONCLAD","items_purchased":[],"campfire_rested":1,"item_purchase_floors":[],"current_hp_per_floor":[80,80,69,69,75,80,80,46,46,70,70,70,75,75,75,69,77,35,35,35,29,0],"gold":111,"neow_bonus":"THREE_ENEMY_KILL","is_prod":false,"is_daily":false,"chose_seed":false,"campfire_upgraded":2,"win_rate":0,"timestamp":1550535820,"path_taken":["M","?","?","?","M","E","R","E","T","R","$","?","M","$","R","BOSS","M","?","$","M","?"],"build_version":"2019-01-23","purchased_purges":4,"victory":false,"max_hp_per_floor":[80,80,80,80,80,80,80,80,80,80,80,80,80,80,80,80,80,80,80,80,80,80],"card_choices":[{"not_picked":["Rupture","Havoc"],"picked":"Spot Weakness","floor":1},{"not_picked":["Shrug It Off","Wild Strike","Carnage"],"picked":"SKIP","floor":5},{"not_picked":["Havoc","Impervious","Wild Strike"],"picked":"SKIP","floor":6},{"not_picked":["Havoc","Impervious","Wild Strike"],"picked":"SKIP","floor":6},{"not_picked":["Havoc","Corruption","Headbutt"],"picked":"SKIP","floor":8},{"not_picked":["Twin Strike","Headbutt"],"picked":"Dropkick","floor":13},{"not_picked":["Thunderclap","Heavy Blade"],"picked":"Twin Strike+1","floor":18},{"not_picked":["Entrench+1","Feel No Pain","Inflame"],"picked":"SKIP","floor":21}],"player_experience":192000,"relics_obtained":[{"floor":6,"key":"Dodecahedron"},{"floor":8,"key":"Tiny Chest"},{"floor":9,"key":"The Courier"},{"floor":12,"key":"Red Skull"},{"floor":19,"key":"Potion Belt"}],"event_choices":[{"damage_healed":0,"gold_gain":0,"player_choice":"Grow","damage_taken":0,"max_hp_gain":0,"max_hp_loss":0,"event_name":"Living Wall","floor":2,"gold_loss":0,"cards_upgraded":["Spot Weakness"]},{"damage_healed":0,"gold_gain":75,"player_choice":"Gather Gold","damage_taken":11,"max_hp_gain":0,"max_hp_loss":0,"event_name":"World of Goop","floor":3,"gold_loss":0},{"damage_healed":0,"gold_gain":0,"player_choice":"Relic","damage_taken":0,"max_hp_gain":0,"max_hp_loss":0,"event_name":"Wheel of Change","floor":19,"gold_loss":0}],"is_beta":false,"boss_relics":[{"not_picked":["Runic Dome","Busted Crown"],"picked":"Empty Cage"}],"items_purged_floors":[4,11,14,20],"is_endless":false,"potions_floor_spawned":[1,6,8,13,21],"killed_by":"Centurion and Healer","ascension_level":5}