{"gold_per_floor":[110,285,296,296,221,221,221,221,244,273,287,187,207,222,222,222],"floor_reached":16,"playtime":538,"items_purged":["Doubt","Strike_R"],"score":115,"play_id":"76149dc4-1a0a-4f13-91c5-ed4a50ea5493","local_time":"20190210190609","is_ascension_mode":true,"campfire_choices":[{"data":"Bash","floor":6,"key":"SMITH"},{"data":"Impatience","floor":8,"key":"SMITH"},{"floor":15,"key":"REST"}],"neow_cost":"NONE","seed_source_timestamp":123120516126900,"circlet_count":0,"master_deck":["Strike_R","Strike_R","Strike_R","Defend_R","Defend_R","Defend_R","Defend_R","Bash+1","Impatience+1","Flex","Whirlwind","Seeing Red","Flex"],"relics":["Burning Blood","Ancient Tea Set","Orichalcum"],"potions_floor_usage":[16,16],"damage_taken":[{"damage":6,"enemies":"2 Louse","floor":1,"turns":3},{"damage":15,"enemies":"Small Slimes","floor":3,"turns":3},{"damage":36,"enemies":"Gremlin Nob","floor":10,"turns":4},{"damage":6,"enemies":"Jaw Worm","floor":11,"turns":2},{"damage":0,"enemies":"Lots of Slimes","floor":13,"turns":1},{"damage":15,"enemies":"Blue Slaver","floor":14,"turns":3},{"damage":65,"enemies":"Hexaghost","floor":16,"turns":11}],"seed_played":"4831231498794958998","potions_obtained":[{"floor":1,"key":"Block Potion"},{"floor":3,"key":"Block Potion"}],"is_trial":false,"path_per_floor":["M","?","M","?","$","R","?","R","T","E","M","$","M","M","R","B"],"character_chosen":"IRONCLAD","items_purchased":[],"campfire_rested":1,"item_purchase_floors":[],"current_hp_per_floor":[80,80,71,76,76,76,69,69,69,39,39,39,45,36,61,0],"gold":222,"neow_bonus":"RANDOM_COLORLESS","is_prod":false,"is_daily":false,"chose_seed":false,"campfire_upgraded":2,"win_rate":0,"timestamp":1549854369,"path_taken":["M","?","M","?","$","R","?","R","T","E","M","?","M","?","R","BOSS"],"build_version":"2019-01-23","purchased_purges":2,"victory":false,"max_hp_per_floor":[80,80,80,85,85,85,85,85,85,85,85,85,85,85,85,85],"card_choices":[{"not_picked":["Shrug It Off","Metallicize","Reckless Charge"],"picked":"SKIP","floor":1},{"not_picked":["Wild Strike","Havoc","Battle Trance"],"picked":"SKIP","floor":3},{"not_picked":["Havoc","Ghostly Armor"],"picked":"Flex","floor":10},{"not_picked":["Perfected Strike","Rage"],"picked":"Whirlwind","floor":11},{"not_picked":["Iron Wave","Twin Strike"],"picked":"Seeing Red","floor":13},{"not_picked":["Havoc","Body Slam"],"picked":"Flex","floor":14}],"player_experience":120270,"relics_obtained":[{"floor":9,"key":"Ancient Tea Set"},{"floor":10,"key":"Orichalcum"}],"event_choices":[{"damage_healed":0,"gold_gain":175,"player_choice":"AGREE","damage_taken":0,"max_hp_gain":0,"max_hp_loss":0,"event_name":"Liars Game","floor":2,"gold_loss":0,"cards_obtained":["Doubt"]},{"damage_healed":0,"gold_gain":0,"player_choice":"Donut","damage_taken":0,"max_hp_gain":5,"max_hp_loss":0,"event_name":"Big Fish","floor":4,"gold_loss":0},{"cards_removed":["Strike_R"],"damage_healed":0,"gold_gain":0,"player_choice":"Card Removal","damage_taken":7,"max_hp_gain":0,"max_hp_loss":0,"event_name":"Golden Wing","floor":7,"gold_loss":0}],"is_beta":false,"boss_relics":[],"items_purged_floors":[5,12],"is_endless":false,"potions_floor_spawned":[1,3],"killed_by":"Hexaghost","ascension_level":3}