{"path_per_floor":["M","?","$","M","?","R","E","M","T","M","?","?","M","M","R","B",null,"M","M","M","$","M","E","M","M","T","R","M","?","M","M","R"],"character_chosen":"IRONCLAD","items_purchased":["Trip","Pommel Strike","Blind"],"gold_per_floor":[111,111,7,31,31,31,64,77,77,98,98,98,117,132,132,253,253,267,256,271,58,76,112,137,155,178,178,196,196,213,226,226,226],"floor_reached":33,"campfire_rested":2,"playtime":4722,"current_hp_per_floor":[80,60,60,65,70,70,51,57,57,53,53,53,52,60,60,36,85,77,71,66,66,59,73,58,49,49,74,76,76,78,62,85,0],"items_purged":["Defend_R"],"gold":226,"score":300,"play_id":"754a7e73-fc7b-460c-ac5e-74896da15e20","local_time":"20180510003155","is_prod":false,"is_daily":false,"chose_seed":false,"is_ascension_mode":false,"campfire_upgraded":2,"timestamp":1525908715,"path_taken":["M","?","$","M","?","R","E","M","T","M","?","?","?","M","R","BOSS","M","M","M","$","M","E","?","M","T","R","M","?","M","M","R","BOSS"],"build_version":"2018-05-03","seed_source_timestamp":36091451319640,"purchased_purges":1,"victory":false,"master_deck":["Strike_R","Defend_R","Defend_R","Defend_R","Bash","Anger+1","Trip","Armaments+1","Twin Strike","Perfected Strike","Iron Wave","Shrug It Off","Reaper","Twin Strike+1","Offering+1","Flex+1","Anger+1","Pommel Strike","Blind","Pommel Strike","Dual Wield","Perfected Strike","Perfected Strike"],"max_hp_per_floor":[80,80,80,80,85,85,85,85,85,85,85,85,85,85,85,85,85,85,85,85,85,85,85,85,85,85,85,85,85,85,85,85,85],"relics":["Burning Blood","Bloody Idol","Meat on the Bone","Self Forming Clay","Astrolabe","Shuriken","Bag of Preparation"],"card_choices":[{"not_picked":["Second Wind","Clothesline"],"picked":"Anger","floor":1},{"not_picked":["Infernal Blade","Shockwave"],"picked":"Armaments","floor":4},{"not_picked":["Battle Trance","Evolve"],"picked":"Twin Strike","floor":7},{"not_picked":["Pummel","Clothesline"],"picked":"Perfected Strike","floor":8},{"not_picked":["Searing Blow","Clothesline"],"picked":"Iron Wave","floor":10},{"not_picked":["Power Through","Heavy Blade"],"picked":"Shrug It Off","floor":13},{"not_picked":["Brutality","Immolate"],"picked":"Reaper","floor":16},{"not_picked":["Wild Strike","Fire Breathing"],"picked":"Anger","floor":19},{"not_picked":["Wild Strike","Inflame"],"picked":"Pommel Strike","floor":22},{"not_picked":["Hemokinesis","Fiend Fire"],"picked":"Dual Wield","floor":23},{"not_picked":["Second Wind","Seeing Red"],"picked":"Perfected Strike","floor":25},{"not_picked":["Heavy Blade","Armaments"],"picked":"Perfected Strike","floor":28}],"player_experience":69150,"potions_floor_usage":[16,23,23,23,24],"damage_taken":[{"damage":1,"enemies":"Cultist","floor":1,"turns":4},{"damage":1,"enemies":"Jaw Worm","floor":4,"turns":4},{"damage":25,"enemies":"Gremlin Nob","floor":7,"turns":4},{"damage":0,"enemies":"Small Slimes","floor":8,"turns":4},{"damage":10,"enemies":"2 Fungi Beasts","floor":10,"turns":3},{"damage":7,"enemies":"Blue Slaver","floor":13,"turns":3},{"damage":10,"enemies":"3 Louse","floor":14,"turns":5},{"damage":42,"enemies":"Hexaghost","floor":16,"turns":11},{"damage":19,"enemies":"Shell Parasite","floor":18,"turns":8},{"damage":20,"enemies":"2 Thieves","floor":19,"turns":4},{"damage":15,"enemies":"Sentry and Sphere","floor":20,"turns":4},{"damage":17,"enemies":"Snecko","floor":22,"turns":6},{"damage":4,"enemies":"Gremlin Leader","floor":23,"turns":5},{"damage":36,"enemies":"3 Cultists","floor":24,"turns":6},{"damage":39,"enemies":"Centurion and Healer","floor":25,"turns":7},{"damage":4,"enemies":"Snecko","floor":28,"turns":2},{"damage":9,"enemies":"Snake Plant","floor":30,"turns":4},{"damage":45,"enemies":"Chosen and Byrds","floor":31,"turns":5},{"damage":95,"enemies":"Automaton","floor":33,"turns":8}],"event_choices":[{"event_name":"Golden Idol","player_choice":"Take Damage","floor":2,"damage_taken":0},{"event_name":"Big Fish","player_choice":"Donut","floor":5,"damage_taken":0},{"event_name":"Accursed Blacksmith","player_choice":"Ignore","floor":11,"damage_taken":0},{"event_name":"Bonfire Elementals","player_choice":"BASIC","floor":12,"damage_taken":0},{"event_name":"Forgotten Altar","player_choice":"Gave Idol","floor":29,"damage_taken":0}],"boss_relics":[{"not_picked":["Philosopher\u0027s Stone","Mark of Pain"],"picked":"Astrolabe"}],"potions_floor_spawned":[10,16,19,20,22,23],"seed_played":"-8017798151016400057","killed_by":"Automaton","ascension_level":0,"is_trial":false}