{"gold_per_floor":[114,189,203,203,203,203,220,235,235,270,270,281,293,306,306,306],"floor_reached":16,"playtime":431,"items_purged":[],"score":165,"play_id":"d28ae5bd-3c76-4199-a580-1de9eb8495f3","local_time":"20190428205353","is_ascension_mode":true,"campfire_choices":[{"data":"Perfected Strike","floor":6,"key":"SMITH"},{"data":"Pommel Strike","floor":11,"key":"SMITH"},{"floor":15,"key":"REST"}],"neow_cost":"NONE","seed_source_timestamp":89503208252400,"circlet_count":0,"master_deck":["Strike_R","Strike_R","Strike_R","Strike_R","Strike_R","Defend_R","Defend_R","Defend_R","Defend_R","Bash","Perfected Strike+1","Sword Boomerang","Pommel Strike+1","Shrug It Off","Pommel Strike","Shrug It Off"],"relics":["Burning Blood","Singing Bowl","Mango","Blue Candle"],"potions_floor_usage":[10,14],"damage_taken":[{"damage":10,"enemies":"2 Louse","floor":1,"turns":3},{"damage":7,"enemies":"Jaw Worm","floor":3,"turns":3},{"damage":15,"enemies":"Small Slimes","floor":7,"turns":4},{"damage":5,"enemies":"Red Slaver","floor":8,"turns":3},{"damage":20,"enemies":"Lagavulin","floor":10,"turns":5},{"damage":13,"enemies":"Blue Slaver","floor":12,"turns":2},{"damage":2,"enemies":"Exordium Wildlife","floor":13,"turns":3},{"damage":21,"enemies":"Exordium Thugs","floor":14,"turns":5},{"damage":81,"enemies":"Hexaghost","floor":16,"turns":11}],"seed_played":"-3694812699733514438","potions_obtained":[{"floor":3,"key":"SpeedPotion"},{"floor":12,"key":"Regen Potion"},{"floor":14,"key":"Energy Potion"}],"is_trial":false,"path_per_floor":["M","?","M","T","?","R","M","M","T","E","R","M","M","M","R","B"],"character_chosen":"IRONCLAD","items_purchased":[],"campfire_rested":1,"item_purchase_floors":[],"current_hp_per_floor":[68,57,56,56,56,56,47,50,64,52,52,47,51,50,80,0],"gold":306,"neow_bonus":"THREE_CARDS","is_prod":false,"is_daily":false,"chose_seed":false,"campfire_upgraded":2,"win_rate":0,"timestamp":1556510033,"path_taken":["M","?","M","?","?","R","M","M","T","E","R","?","M","M","R","BOSS"],"build_version":"2019-01-23","purchased_purges":0,"victory":false,"max_hp_per_floor":[80,80,80,80,80,80,80,82,96,98,98,100,100,100,100,100],"card_choices":[{"not_picked":["Sentinel","Rage"],"picked":"Perfected Strike","floor":0},{"not_picked":["Clothesline","Inflame"],"picked":"Sword Boomerang","floor":1},{"not_picked":["Clothesline","Bloodletting"],"picked":"Pommel Strike","floor":3},{"not_picked":["Rupture","Demon Form"],"picked":"Shrug It Off","floor":7},{"not_picked":["Corruption","Clash","Pummel"],"picked":"Singing Bowl","floor":8},{"not_picked":["Sentinel","Heavy Blade","Exhume"],"picked":"Singing Bowl","floor":10},{"not_picked":["Armaments","Cleave","Havoc"],"picked":"Singing Bowl","floor":12},{"not_picked":["Rampage","Perfected Strike"],"picked":"Pommel Strike","floor":13},{"not_picked":["Burning Pact","Dropkick"],"picked":"Shrug It Off","floor":14}],"player_experience":320676,"relics_obtained":[{"floor":4,"key":"Singing Bowl"},{"floor":9,"key":"Mango"},{"floor":10,"key":"Blue Candle"}],"event_choices":[{"damage_healed":0,"gold_gain":75,"player_choice":"Gather Gold","damage_taken":11,"max_hp_gain":0,"max_hp_loss":0,"event_name":"World of Goop","floor":2,"gold_loss":0},{"damage_healed":0,"gold_gain":0,"player_choice":"Bought 0 Potions","damage_taken":0,"max_hp_gain":0,"max_hp_loss":0,"event_name":"The Woman in Blue","floor":5,"gold_loss":0}],"is_beta":false,"boss_relics":[],"items_purged_floors":[],"is_endless":false,"potions_floor_spawned":[3,12,14],"killed_by":"Hexaghost","ascension_level":7}