{"gold_per_floor":[114,64,64,80,98,98,113,74,144,174,174,200,215,231,231,336,336,354,354,354,371,384,384,410,410,456,456,456,315,315,81,81,182,232,252,252,265,265,284,284,298,298,367,381,381],"floor_reached":45,"playtime":4300,"items_purged":["Decay"],"score":658,"play_id":"0b3cdb01-4f63-4685-88cc-993a09d61bf2","local_time":"20180806231300","is_ascension_mode":false,"campfire_choices":[{"data":"Armaments","floor":6,"key":"SMITH"},{"data":"Searing Blow","floor":11,"key":"SMITH"},{"data":"True Grit","floor":15,"key":"SMITH"},{"data":"Barricade","floor":23,"key":"SMITH"},{"data":"Searing Blow+1","floor":25,"key":"SMITH"},{"floor":27,"key":"REST"},{"data":"Double Tap","floor":32,"key":"SMITH"},{"floor":40,"key":"REST"}],"neow_cost":"","seed_source_timestamp":0,"circlet_count":0,"master_deck":["Strike_R+1","Strike_R","Strike_R","Defend_R","Defend_R","Defend_R","Defend_R+1","Bash","Headbutt+1","Armaments+1","Body Slam","Shrug It Off","Searing Blow+2","Double Tap+1","Thunderclap","True Grit+1","Barricade+1","Spot Weakness","Ghostly Armor","Flame Barrier+1","Feed","Dramatic Entrance","Demon Form","Sentinel+1","Heavy Blade","Metallicize","Madness","Madness","Fire Breathing","Disarm+1"],"relics":["Burning Blood","Pear","Potion Belt","Sozu","Blue Candle","The Courier","Juzu Bracelet","Thread and Needle","Tiny House","Nunchaku","Kunai","Pantograph"],"potions_floor_usage":[14,16,41,44],"damage_taken":[{"damage":8,"enemies":"Jaw Worm","floor":1,"turns":5},{"damage":0,"enemies":"Small Slimes","floor":4,"turns":3},{"damage":5,"enemies":"Cultist","floor":5,"turns":4},{"damage":0,"enemies":"Looter","floor":7,"turns":4},{"damage":9,"enemies":"3 Sentries","floor":12,"turns":10},{"damage":0,"enemies":"Red Slaver","floor":13,"turns":5},{"damage":2,"enemies":"Large Slime","floor":14,"turns":4},{"damage":89,"enemies":"Hexaghost","floor":16,"turns":13},{"damage":17,"enemies":"Spheric Guardian","floor":18,"turns":7},{"damage":26,"enemies":"2 Thieves","floor":21,"turns":4},{"damage":3,"enemies":"Snake Plant","floor":22,"turns":4},{"damage":25,"enemies":"Slavers","floor":24,"turns":7},{"damage":0,"enemies":"Champ","floor":33,"turns":13},{"damage":6,"enemies":"3 Shapes","floor":35,"turns":8},{"damage":14,"floor":36,"turns":10},{"damage":48,"enemies":"3 Darklings","floor":37,"turns":6},{"damage":8,"enemies":"4 Shapes","floor":39,"turns":4},{"damage":40,"enemies":"Flame Bruiser 2 Orb","floor":41,"turns":9},{"damage":21,"enemies":"3 Darklings","floor":44,"turns":7},{"damage":35,"enemies":"Transient","floor":45,"turns":3}],"seed_played":"8560814869927133151","potions_obtained":[{"floor":1,"key":"Explosive Potion"},{"floor":4,"key":"GamblersBrew"},{"floor":5,"key":"SkillPotion"},{"floor":16,"key":"Swift Potion"}],"is_trial":true,"path_per_floor":["M","?","?","M","M","R","M","$","T","?","R","E","M","M","R","B",null,"M","?","?","M","M","R","E","R","T","R","?","$","?","$","R","B",null,"M","?","M","?","M","R","M","T","T","M"],"character_chosen":"IRONCLAD","items_purchased":["Searing Blow","Dramatic Entrance","Thread and Needle"],"campfire_rested":2,"item_purchase_floors":[8,29,31],"current_hp_per_floor":[78,78,62,68,69,69,75,75,85,85,85,82,88,90,90,7,90,79,79,79,59,62,62,43,43,43,70,70,70,70,70,70,76,95,98,90,48,36,34,63,29,29,29,14,0],"gold":381,"neow_bonus":"","is_prod":false,"is_daily":false,"chose_seed":false,"campfire_upgraded":6,"win_rate":0,"timestamp":1533593580,"path_taken":["M","?","?","?","M","R","M","$","T","?","R","E","M","M","R","BOSS","M","?","?","M","?","R","E","R","T","R","?","$","?","?","R","BOSS","M","?","M","?","M","R","M","?","T","M","M"],"build_version":"2018-08-02","purchased_purges":1,"victory":false,"max_hp_per_floor":[80,80,80,80,80,80,80,80,90,90,90,90,90,90,90,90,90,90,90,90,90,90,90,90,90,90,90,90,90,90,90,90,90,95,98,98,98,98,98,98,98,98,98,98,98],"card_choices":[{"not_picked":["Ghostly Armor","Reckless Charge"],"picked":"Headbutt","floor":1},{"not_picked":["Cleave","True Grit"],"picked":"Armaments","floor":4},{"not_picked":["Fire Breathing","Ghostly Armor"],"picked":"Body Slam","floor":5},{"not_picked":["Twin Strike","Entrench"],"picked":"Shrug It Off","floor":7},{"not_picked":["Evolve","Dropkick"],"picked":"Double Tap","floor":12},{"not_picked":["Pommel Strike","Anger"],"picked":"Thunderclap","floor":13},{"not_picked":["Clothesline","Shrug It Off"],"picked":"True Grit","floor":14},{"not_picked":["Limit Break","Juggernaut"],"picked":"Barricade","floor":16},{"not_picked":["Wild Strike+1","Perfected Strike","Headbutt"],"picked":"SKIP","floor":18},{"not_picked":["Infernal Blade","Flex"],"picked":"Ghostly Armor","floor":21},{"not_picked":["True Grit+1","Bloodletting"],"picked":"Flame Barrier+1","floor":22},{"not_picked":["Seeing Red","Perfected Strike"],"picked":"Feed","floor":24},{"not_picked":["Brutality","Immolate"],"picked":"Demon Form","floor":33},{"not_picked":["Havoc+1","Armaments"],"picked":"Sentinel+1","floor":34},{"not_picked":["Twin Strike+1","Cleave+1","Flex"],"picked":"SKIP","floor":35},{"not_picked":["Anger","Battle Trance"],"picked":"Heavy Blade","floor":36},{"not_picked":["Body Slam","Flex+1"],"picked":"Metallicize","floor":37},{"not_picked":["Anger","Barricade"],"picked":"Fire Breathing","floor":39},{"not_picked":["Flex+1","Headbutt","Wild Strike+1"],"picked":"SKIP","floor":41},{"not_picked":["Power Through","Havoc+1"],"picked":"Disarm+1","floor":44}],"player_experience":582748,"relics_obtained":[{"floor":9,"key":"Pear"},{"floor":12,"key":"Potion Belt"},{"floor":24,"key":"The Courier"},{"floor":26,"key":"Juzu Bracelet"},{"floor":36,"key":"Nunchaku"},{"floor":42,"key":"Kunai"},{"floor":43,"key":"Pantograph"}],"event_choices":[{"event_name":"The Cleric","player_choice":"Card Removal","floor":2,"damage_taken":0},{"event_name":"Shining Light","player_choice":"Entered Light","floor":3,"damage_taken":0},{"event_name":"Dead Adventurer","player_choice":"Searched \u00272\u0027 times","floor":10,"damage_taken":0},{"event_name":"The Mausoleum","player_choice":"Yes","floor":19,"damage_taken":0},{"event_name":"The Library","player_choice":"Read","floor":20,"damage_taken":0},{"event_name":"Forgotten Altar","player_choice":"Smashed Altar","floor":28,"damage_taken":0},{"event_name":"Bonfire Elementals","player_choice":"BASIC","floor":30,"damage_taken":0},{"event_name":"MindBloom","player_choice":"Fight","floor":36,"damage_taken":0},{"event_name":"Winding Halls","player_choice":"Embrace Madness","floor":38,"damage_taken":0}],"is_beta":false,"boss_relics":[{"not_picked":["Snecko Eye","Empty Cage"],"picked":"Sozu"},{"not_picked":["Runic Pyramid","Pandora\u0027s Box"],"picked":"Tiny House"}],"items_purged_floors":[29],"is_endless":true,"potions_floor_spawned":[1,4,5,16,21,35,37,41],"killed_by":"Transient","ascension_level":0}