{"gold_per_floor":[109,109,122,122,148,179,70,100,124,0,0,11,28,128,128,227,227,240,257,257,284,25,25,25],"floor_reached":24,"playtime":875,"items_purged":["Strike_B","Strike_B","Strike_B"],"score":273,"play_id":"3bb6e289-a8c9-495a-983b-5261f2470519","local_time":"20190614140232","is_ascension_mode":true,"campfire_choices":[{"floor":11.0,"key":"REST"},{"floor":15.0,"key":"REST"},{"data":"Heatsinks","floor":23,"key":"SMITH"}],"neow_cost":"NONE","seed_source_timestamp":0,"circlet_count":0,"master_deck":["Strike_B","Defend_B","Defend_B","Defend_B","Defend_B","Zap","Dualcast","Go for the Eyes","Coolheaded","Conserve Battery","Seek","Scrape","Gash","Cold Snap","Beam Cell","Meteor Strike","Heatsinks+1","Heatsinks+1","White Noise"],"special_seed":0,"relics":["Cracked Core","FaceOfCleric","Turnip","Regal Pillow","PreservedInsect","Centennial Puzzle","Art of War","Busted Crown","MawBank"],"potions_floor_usage":[24],"damage_taken":[{"damage":6.0,"enemies":"2 Louse","floor":1.0,"turns":2.0},{"damage":0.0,"enemies":"Cultist","floor":3.0,"turns":3.0},{"damage":40.0,"enemies":"Gremlin Nob","floor":6.0,"turns":6.0},{"damage":11.0,"enemies":"Lagavulin","floor":8.0,"turns":5.0},{"damage":7.0,"enemies":"Jaw Worm","floor":12.0,"turns":2.0},{"damage":1.0,"enemies":"Exordium Wildlife","floor":13.0,"turns":4.0},{"damage":17.0,"enemies":"Slime Boss","floor":16.0,"turns":6.0},{"damage":15.0,"enemies":"Spheric Guardian","floor":18.0,"turns":5.0},{"damage":13,"enemies":"3 Byrds","floor":19,"turns":6},{"damage":69,"enemies":"Gremlin Leader","floor":24,"turns":7}],"seed_played":"-8958066000288217029","potions_obtained":[{"floor":6.0,"key":"Block Potion"},{"floor":8.0,"key":"FairyPotion"},{"floor":13.0,"key":"AttackPotion"},{"floor":18.0,"key":"Dexterity Potion"},{"floor":19,"key":"AttackPotion"}],"is_trial":false,"path_per_floor":["M","?","M","?","T","E","$","E","T","$","R","M","M","?","R","B",null,"M","M","?","T","$","R","E"],"character_chosen":"DEFECT","items_purchased":["Scrape","Gash","Heatsinks","White Noise"],"campfire_rested":2,"item_purchase_floors":[7,10,22,22],"current_hp_per_floor":[62,62,63,51,51,12,12,2,2,2,40,34,34,34,73,57,75,61,49,49,49,49,49,0],"gold":25,"neow_bonus":"THREE_CARDS","is_prod":false,"is_daily":false,"chose_seed":false,"campfire_upgraded":1,"win_rate":0,"timestamp":1560546152,"path_taken":["M","?","?","?","?","E","$","E","T","$","R","M","M","?","R","BOSS","M","M","?","?","$","R","E"],"build_version":"2019-01-23","purchased_purges":3,"victory":false,"max_hp_per_floor":[75,75,76,76,76,77,77,78,78,78,78,79,80,80,80,81,81,82,83,83,83,83,83,83],"card_choices":[{"not_picked":["Skim","Consume"],"picked":"Go for the Eyes","floor":0.0},{"not_picked":["Streamline","Leap"],"picked":"Coolheaded","floor":1.0},{"not_picked":["Stack","Force Field"],"picked":"Conserve Battery","floor":3.0},{"not_picked":["Skim","Stack"],"picked":"Seek","floor":6.0},{"not_picked":["Chaos","Undo","Rebound"],"picked":"SKIP","floor":8.0},{"not_picked":["Rip and Tear","Barrage"],"picked":"Cold Snap","floor":12.0},{"not_picked":["Go for the Eyes","Ball Lightning"],"picked":"Beam Cell","floor":13.0},{"not_picked":["Rainbow","Fission"],"picked":"Meteor Strike","floor":16.0},{"not_picked":["Streamline+1"],"picked":"SKIP","floor":18.0},{"not_picked":[],"picked":"Heatsinks+1","floor":19}],"player_experience":464682,"relics_obtained":[{"floor":5.0,"key":"Regal Pillow"},{"floor":6.0,"key":"PreservedInsect"},{"floor":8.0,"key":"Centennial Puzzle"},{"floor":9.0,"key":"Art of War"},{"floor":21,"key":"MawBank"}],"event_choices":[{"damage_healed":0.0,"max_hp_gain":0.0,"max_hp_loss":0.0,"gold_gain":0.0,"event_name":"FaceTrader","player_choice":"Trade","floor":2.0,"gold_loss":0.0,"damage_taken":0.0,"relics_obtained":["FaceOfCleric"]},{"damage_healed":0.0,"max_hp_gain":0.0,"max_hp_loss":0.0,"gold_gain":0.0,"event_name":"Scrap Ooze","player_choice":"Success","floor":4.0,"gold_loss":0.0,"damage_taken":12.0,"relics_obtained":["Turnip"]},{"damage_healed":0.0,"max_hp_gain":0.0,"max_hp_loss":0.0,"gold_gain":100.0,"event_name":"Wheel of Change","player_choice":"Gold","floor":14.0,"gold_loss":0.0,"damage_taken":0.0},{"damage_healed":0,"gold_gain":0,"player_choice":"Ignored","damage_taken":0,"max_hp_gain":0,"max_hp_loss":0,"event_name":"The Mausoleum","floor":20,"gold_loss":0}],"is_beta":false,"boss_relics":[{"not_picked":["Snecko Eye","Cursed Key"],"picked":"Busted Crown"}],"items_purged_floors":[7,10,22],"is_endless":false,"potions_floor_spawned":[6,8,13,18,19],"killed_by":"Gremlin Leader","ascension_level":7}