{"gold_per_floor":[115,130,80,80,5,5,17,49,72,84,115,139,151,178,190,301,313,341,353,365,388,418,430,459,471],"floor_reached":25,"playtime":1633,"items_purged":["Strike_R"],"score":236,"play_id":"c2f44757-38dc-4278-930a-d91fa4001ce9","local_time":"20190210002114","is_ascension_mode":true,"campfire_choices":[{"data":"Bash","floor":6.0,"key":"SMITH"},{"data":"Searing Blow","floor":10,"key":"SMITH"},{"data":"Searing Blow+1","floor":15,"key":"SMITH"},{"data":"Searing Blow+3","floor":23,"key":"SMITH"}],"neow_cost":"TEN_PERCENT_HP_LOSS","seed_source_timestamp":0,"circlet_count":0,"master_deck":["Defend_R+1","Defend_R+1","Bash+1","Cleave","Searing Blow+4","Fire Breathing","Armaments","Iron Wave","Searing Blow+1","Hemokinesis+1","Exhume+1","Cleave+1","Thunderclap"],"special_seed":0,"relics":["Burning Blood","War Paint","MawBank","Astrolabe"],"potions_floor_usage":[11,16,16,16,24,25,25],"damage_taken":[{"damage":13.0,"enemies":"Jaw Worm","floor":1.0,"turns":5.0},{"damage":6.0,"enemies":"2 Louse","floor":2.0,"turns":3.0},{"damage":6.0,"enemies":"Cultist","floor":7.0,"turns":3.0},{"damage":57,"enemies":"Lagavulin","floor":8,"turns":7},{"damage":2,"enemies":"Red Slaver","floor":11,"turns":5},{"damage":0,"enemies":"2 Fungi Beasts","floor":12,"turns":2},{"damage":11,"enemies":"Looter","floor":14,"turns":3},{"damage":10,"enemies":"The Guardian","floor":16,"turns":18},{"damage":39,"enemies":"3 Byrds","floor":18,"turns":6},{"damage":0,"enemies":"Chosen","floor":21,"turns":6},{"damage":29,"enemies":"Centurion and Healer","floor":22,"turns":6},{"damage":18,"enemies":"Snake Plant","floor":24,"turns":4},{"damage":12,"enemies":"Gremlin Leader","floor":25,"turns":1}],"seed_played":"-7810325961190787803","potions_obtained":[{"floor":7.0,"key":"BloodPotion"},{"floor":8,"key":"SneckoOil"},{"floor":11,"key":"Weak Potion"},{"floor":12,"key":"EssenceOfSteel"},{"floor":14,"key":"Poison Potion"},{"floor":18,"key":"EssenceOfSteel"},{"floor":22,"key":"Strength Potion"},{"floor":24,"key":"AttackPotion"}],"is_trial":false,"path_per_floor":["M","M","?","?","$","R","M","E","T","R","M","M","$","M","R","B",null,"M","?","?","M","M","R","M","E"],"character_chosen":"IRONCLAD","items_purchased":[],"campfire_rested":0,"item_purchase_floors":[],"current_hp_per_floor":[65,65,65,65,65,65,65,14,14,14,25,31,31,26,26,22,72,39,39,39,45,22,22,10,0],"gold":471,"neow_bonus":"REMOVE_TWO","is_prod":false,"is_daily":false,"chose_seed":false,"campfire_upgraded":4,"win_rate":0,"timestamp":1549786874,"path_taken":["M","M","?","?","$","R","?","E","T","R","M","M","?","M","R","BOSS","M","?","?","M","?","R","M","E"],"build_version":"2019-01-23","purchased_purges":1,"victory":false,"max_hp_per_floor":[72,72,72,72,72,72,72,72,72,72,72,72,72,72,72,72,72,72,72,72,72,72,72,72,72],"card_choices":[{"not_picked":["Metallicize","Infernal Blade"],"picked":"Cleave","floor":1.0},{"not_picked":["Warcry","Uppercut","Wild Strike"],"picked":"SKIP","floor":2.0},{"not_picked":["Heavy Blade","Evolve","Infernal Blade"],"picked":"SKIP","floor":7.0},{"not_picked":["Reaper","Anger"],"picked":"Searing Blow","floor":8},{"not_picked":["Headbutt","Shrug It Off"],"picked":"Fire Breathing","floor":11},{"not_picked":["Anger","Iron Wave"],"picked":"Armaments","floor":12},{"not_picked":["Infernal Blade","Body Slam"],"picked":"Iron Wave","floor":14},{"not_picked":["Twin Strike+1","Second Wind"],"picked":"Cleave+1","floor":18},{"not_picked":["True Grit","Clothesline"],"picked":"Thunderclap","floor":21},{"not_picked":["Searing Blow","Evolve","Iron Wave"],"picked":"SKIP","floor":22},{"not_picked":["Brutality","Corruption","Thunderclap"],"picked":"SKIP","floor":24}],"player_experience":101351,"relics_obtained":[{"floor":8,"key":"War Paint"},{"floor":9,"key":"MawBank"}],"event_choices":[{"cards_removed":["Strike_R"],"damage_healed":0.0,"max_hp_gain":0.0,"max_hp_loss":0.0,"gold_gain":0.0,"event_name":"The Cleric","player_choice":"Card Removal","floor":3.0,"gold_loss":50.0,"damage_taken":0.0},{"damage_healed":0.0,"max_hp_gain":0.0,"max_hp_loss":0.0,"gold_gain":0.0,"event_name":"Match and Keep!","player_choice":"0 cards matched","floor":4.0,"gold_loss":0.0,"damage_taken":0.0,"cards_obtained":[]},{"damage_healed":0,"gold_gain":0,"player_choice":"Ignored","damage_taken":0,"max_hp_gain":0,"max_hp_loss":0,"event_name":"Vampires","floor":19,"gold_loss":0},{"damage_healed":0,"gold_gain":0,"player_choice":"Upgraded","damage_taken":0,"max_hp_gain":0,"max_hp_loss":0,"event_name":"Upgrade Shrine","floor":20,"gold_loss":0,"cards_upgraded":["Searing Blow"]}],"is_beta":false,"boss_relics":[{"not_picked":["Orrery","Black Blood"],"picked":"Astrolabe"}],"items_purged_floors":[5],"is_endless":false,"potions_floor_spawned":[7,8,11,12,14,18,22,24],"killed_by":"Gremlin Leader","ascension_level":3}