{"gold_per_floor":[119,37,0,0,0,0,33,33,88,102,112,112,142,159,159,255,255,268,279,292,292,88,88,105,105,105,124,124,49,69,33,33,132,132,150,100,120,120],"floor_reached":38,"playtime":1290,"items_purged":[],"score":543,"play_id":"2ce4e131-fd35-42b7-b009-f0349a08a474","local_time":"20190611195212","is_ascension_mode":true,"campfire_choices":[{"floor":6,"key":"REST"},{"floor":12,"key":"REST"},{"floor":15,"key":"REST"},{"floor":23,"key":"REST"},{"floor":25,"key":"REST"},{"floor":28,"key":"REST"},{"data":"Envenom","floor":32,"key":"SMITH"}],"neow_cost":"NONE","seed_source_timestamp":390748339458002,"circlet_count":0,"master_deck":["Defend_G","Defend_G","Defend_G","Defend_G","Defend_G","Strike_G","Strike_G+1","Strike_G","Strike_G","Survivor","Neutralize+1","Dagger Spray","Envenom","Bane","Leg Sweep","Bouncing Flask","Deadly Poison","Die Die Die","Bullet Time","Poisoned Stab","Catalyst","Cloak And Dagger","Envenom+1","Footwork","Corpse Explosion","Injury","Shame","Decay","Backflip"],"relics":["Ring of the Snake","Bag of Preparation","Centennial Puzzle","Pear","Philosopher\u0027s Stone","Whetstone","Girya","Calling Bell","Oddly Smooth Stone","Matryoshka","StoneCalendar"],"potions_floor_usage":[13,19,30,33,33,38],"damage_taken":[{"damage":0,"enemies":"2 Louse","floor":1,"turns":3},{"damage":41,"enemies":"Lagavulin","floor":7,"turns":10},{"damage":0,"enemies":"Small Slimes","floor":10,"turns":3},{"damage":1,"enemies":"Cultist","floor":11,"turns":3},{"damage":15,"enemies":"3 Sentries","floor":13,"turns":10},{"damage":1,"enemies":"2 Fungi Beasts","floor":14,"turns":2},{"damage":30,"enemies":"Hexaghost","floor":16,"turns":9},{"damage":13,"enemies":"Shell Parasite","floor":18,"turns":4},{"damage":14,"enemies":"Chosen","floor":19,"turns":3},{"damage":18,"enemies":"Snake Plant","floor":20,"turns":4},{"damage":14,"enemies":"Shelled Parasite and Fungi","floor":24,"turns":4},{"damage":20,"enemies":"Centurion and Healer","floor":27,"turns":6},{"damage":16,"enemies":"Snecko","floor":30,"turns":5},{"damage":58,"enemies":"Automaton","floor":33,"turns":10},{"damage":77,"enemies":"3 Darklings","floor":35,"turns":4},{"damage":0,"enemies":"3 Shapes","floor":37,"turns":7},{"damage":25,"enemies":"Transient","floor":38,"turns":1}],"seed_played":"3131306442750711259","potions_obtained":[{"floor":7,"key":"Dexterity Potion"},{"floor":10,"key":"Ancient Potion"},{"floor":16,"key":"GhostInAJar"},{"floor":19,"key":"Fruit Juice"},{"floor":24,"key":"Weak Potion"},{"floor":30,"key":"SkillPotion"},{"floor":33,"key":"Strength Potion"},{"floor":37,"key":"PowerPotion"}],"is_trial":false,"path_per_floor":["M","$","?","?","?","R","E","$","T","M","M","R","E","M","R","B",null,"M","M","M","?","$","R","M","R","T","M","R","$","M","$","R","B",null,"M","$","M","M"],"character_chosen":"THE_SILENT","items_purchased":["Envenom","Whetstone","Poisoned Stab","Envenom","Footwork","Backflip"],"campfire_rested":6,"item_purchase_floors":[2,22,22,29,31,36],"current_hp_per_floor":[70,70,70,75,75,82,41,41,41,41,40,64,59,58,85,55,83,70,61,43,43,43,72,58,87,87,67,96,96,80,80,80,22,78,1,1,1,0],"gold":120,"neow_bonus":"TEN_PERCENT_HP_BONUS","is_prod":false,"is_daily":false,"chose_seed":false,"campfire_upgraded":1,"win_rate":0,"timestamp":1560297132,"path_taken":["M","$","?","?","?","R","E","$","T","M","M","R","E","M","R","BOSS","M","M","?","?","$","R","M","R","T","M","R","$","?","?","R","BOSS","M","$","M","M"],"build_version":"2019-01-23","purchased_purges":0,"victory":false,"max_hp_per_floor":[77,77,77,82,82,82,82,82,82,82,82,82,92,92,92,92,92,92,97,97,97,97,97,97,97,97,97,97,97,97,97,97,97,97,97,97,97,97],"card_choices":[{"not_picked":["Underhanded Strike","Well Laid Plans"],"picked":"Dagger Spray","floor":1},{"not_picked":["Finisher","Tactician"],"picked":"Bane","floor":7},{"not_picked":["Underhanded Strike","Dagger Spray"],"picked":"Leg Sweep","floor":10},{"not_picked":["Deadly Poison","All Out Attack"],"picked":"Bouncing Flask","floor":11},{"not_picked":["Endless Agony","Expertise","Accuracy"],"picked":"SKIP","floor":13},{"not_picked":["Acrobatics","Backflip"],"picked":"Deadly Poison","floor":14},{"not_picked":["Phantasmal Killer","Grand Finale"],"picked":"Die Die Die","floor":16},{"not_picked":["Dagger Spray","Predator","Underhanded Strike"],"picked":"SKIP","floor":18},{"not_picked":["PiercingWail","Endless Agony+1"],"picked":"Blade Dance","floor":19},{"not_picked":["Prepared","Concentrate","All Out Attack"],"picked":"SKIP","floor":20},{"not_picked":["Heel Hook","All Out Attack"],"picked":"Catalyst","floor":24},{"not_picked":["Finisher","Blur"],"picked":"Cloak And Dagger","floor":27},{"not_picked":["Dagger Throw+1","Blade Dance","Slice"],"picked":"SKIP","floor":30},{"not_picked":["A Thousand Cuts","Bullet Time"],"picked":"Corpse Explosion","floor":33},{"not_picked":["Calculated Gamble","Distraction+1","Endless Agony+1"],"picked":"SKIP","floor":35},{"not_picked":["Terror+1","Backstab+1","Slice+1"],"picked":"SKIP","floor":37}],"player_experience":433540,"relics_obtained":[{"floor":7,"key":"Bag of Preparation"},{"floor":9,"key":"Centennial Puzzle"},{"floor":13,"key":"Pear"},{"floor":26,"key":"Girya"},{"floor":34,"key":"Oddly Smooth Stone"},{"floor":34,"key":"Matryoshka"},{"floor":34,"key":"StoneCalendar"}],"event_choices":[{"damage_healed":0,"gold_gain":0,"player_choice":"Left Gold","damage_taken":0,"max_hp_gain":0,"max_hp_loss":0,"event_name":"World of Goop","floor":3,"gold_loss":37},{"damage_healed":0,"gold_gain":0,"player_choice":"Donut","damage_taken":0,"max_hp_gain":5,"max_hp_loss":0,"event_name":"Big Fish","floor":4,"gold_loss":0},{"cards_removed":["Strike_G"],"damage_healed":0,"gold_gain":0,"player_choice":"Offered Basic","damage_taken":0,"max_hp_gain":0,"max_hp_loss":0,"event_name":"Bonfire Elementals","floor":5,"gold_loss":0},{"damage_healed":0,"gold_gain":0,"cards_transformed":["Blade Dance"],"player_choice":"Transformed","damage_taken":0,"max_hp_gain":0,"max_hp_loss":0,"event_name":"Transmorgrifier","floor":21,"gold_loss":0,"cards_obtained":["Bullet Time"]}],"is_beta":false,"boss_relics":[{"not_picked":["Black Star","Orrery"],"picked":"Philosopher\u0027s Stone"},{"not_picked":["Empty Cage","Velvet Choker"],"picked":"Calling Bell"}],"items_purged_floors":[],"is_endless":false,"potions_floor_spawned":[7,10,16,19,24,30,33,37],"killed_by":"Transient","ascension_level":7}