{"gold_per_floor":[117,137,137,137,157,157,183,202,202,236,236,247,264,282,282,380,380,400,360,91,91,108,143,143,153,153,153,153,173,205,221,221,320,320,337,74,94,105,105,105,5,5,28,40,140,158,158,171,171,171],"floor_reached":51,"playtime":1728,"items_purged":[],"score":986,"play_id":"5502d5eb-2903-452b-a5bb-6b59c4f7adfb","local_time":"20190702210017","is_ascension_mode":true,"campfire_choices":[{"floor":6,"key":"REST"},{"floor":15,"key":"REST"},{"floor":24,"key":"REST"},{"floor":28,"key":"REST"},{"floor":32,"key":"REST"},{"floor":40,"key":"REST"},{"floor":42,"key":"REST"},{"floor":47,"key":"REST"},{"floor":49,"key":"REST"}],"neow_cost":"NONE","seed_source_timestamp":184985449156294,"circlet_count":0,"master_deck":["Strike_G","Strike_G","Defend_G+1","Defend_G","Defend_G","Defend_G","Defend_G","Survivor","Neutralize+1","Backstab+1","Glass Knife+1","Accuracy+1","Quick Slash+1","PiercingWail","Escape Plan","Infinite Blades+1","Storm of Steel","Sucker Punch","Burst","Endless Agony+1","Finisher+1","PiercingWail","Wraith Form v2","Footwork","Quick Slash+1","After Image","Cloak And Dagger","Storm of Steel","Blade Dance+1","Dagger Spray+1","Parasite","Infinite Blades","Cloak And Dagger","Dash+1","Finisher+1","Accuracy","Die Die Die+1"],"relics":["Astrolabe","The Courier","Sundial","Shuriken","Philosopher\u0027s Stone","Molten Egg 2","Bag of Marbles","PreservedInsect","Blood Vial","Gremlin Horn","Fusion Hammer","Oddly Smooth Stone","Anchor","Regal Pillow","Gambling Chip"],"potions_floor_usage":[7,7,10,16,16,29,33,38,45,50],"damage_taken":[{"damage":0,"enemies":"Jaw Worm","floor":1,"turns":2},{"damage":0,"enemies":"Cultist","floor":2,"turns":2},{"damage":0,"enemies":"2 Louse","floor":5,"turns":1},{"damage":16,"enemies":"3 Sentries","floor":7,"turns":6},{"damage":2,"enemies":"Red Slaver","floor":8,"turns":6},{"damage":9,"enemies":"Gremlin Nob","floor":10,"turns":3},{"damage":3,"enemies":"Looter","floor":12,"turns":3},{"damage":8,"enemies":"Exordium Thugs","floor":13,"turns":3},{"damage":2,"enemies":"3 Louse","floor":14,"turns":2},{"damage":8,"enemies":"Hexaghost","floor":16,"turns":8},{"damage":2,"enemies":"Chosen","floor":18,"turns":4},{"damage":17,"enemies":"Shell Parasite","floor":22,"turns":3},{"damage":23,"enemies":"Gremlin Leader","floor":23,"turns":7},{"damage":22,"enemies":"Snake Plant","floor":25,"turns":4},{"damage":23,"enemies":"Sentry and Sphere","floor":29,"turns":5},{"damage":8,"enemies":"Slavers","floor":30,"turns":3},{"damage":6,"enemies":"Centurion and Healer","floor":31,"turns":3},{"damage":31,"enemies":"Automaton","floor":33,"turns":7},{"damage":15,"enemies":"Orb Walker","floor":35,"turns":3},{"damage":0,"enemies":"3 Shapes","floor":37,"turns":4},{"damage":3,"enemies":"Writhing Mass","floor":38,"turns":7},{"damage":27,"enemies":"Jaw Worm Horde","floor":44,"turns":3},{"damage":12,"enemies":"Mind Bloom Boss Battle","floor":45,"turns":6},{"damage":22,"enemies":"Spire Growth","floor":46,"turns":4},{"damage":11,"enemies":"Sphere and 2 Shapes","floor":48,"turns":3},{"damage":58,"enemies":"Donu and Deca","floor":50,"turns":7}],"seed_played":"-6320298342608548077","potions_obtained":[{"floor":2,"key":"GhostInAJar"},{"floor":5,"key":"EntropicBrew"},{"floor":10,"key":"Dexterity Potion"},{"floor":16,"key":"Strength Potion"},{"floor":23,"key":"Ancient Potion"},{"floor":25,"key":"Regen Potion"},{"floor":29,"key":"Swift Potion"},{"floor":44,"key":"AttackPotion"},{"floor":45,"key":"GhostInAJar"},{"floor":46,"key":"Ancient Potion"}],"is_trial":false,"path_per_floor":["M","M","?","?","M","R","E","M","T","E","?","M","M","M","R","B",null,"M","?","$","T","M","E","R","M","T","?","R","M","E","M","R","B",null,"M","$","M","M","?","R","$","R","T","M","?","M","R","M","R","B",null],"character_chosen":"THE_SILENT","items_purchased":["Molten Egg 2","Finisher+1","Oddly Smooth Stone","Dagger Spray+1","Anchor","Cloak And Dagger","Dash+1"],"campfire_rested":9,"item_purchase_floors":[20,20,36,36,36,41,41],"current_hp_per_floor":[63,63,49,49,49,70,54,52,52,43,43,40,32,30,51,43,63,61,61,61,61,44,21,42,20,20,20,41,34,28,24,45,16,57,44,44,46,45,45,66,66,70,70,43,33,13,49,40,70,12],"gold":171,"neow_bonus":"BOSS_RELIC","is_prod":false,"is_daily":false,"chose_seed":false,"campfire_upgraded":0,"win_rate":0,"timestamp":1562115617,"path_taken":["M","M","?","?","M","R","E","?","T","E","?","M","?","M","R","BOSS","M","?","$","?","?","E","R","M","T","?","R","M","E","M","R","BOSS","M","$","M","M","?","R","?","R","T","M","?","M","R","M","R","BOSS"],"build_version":"2019-07-01","purchased_purges":0,"victory":true,"max_hp_per_floor":[70,70,70,70,70,70,70,70,70,70,70,70,70,70,70,70,70,70,70,70,70,70,70,70,70,70,70,70,70,70,70,70,70,70,70,70,70,70,70,70,70,70,70,70,70,70,70,70,70,70],"card_choices":[{"not_picked":["Dodge and Roll","Outmaneuver","Underhanded Strike"],"picked":"SKIP","floor":1},{"not_picked":["Distraction","Deflect"],"picked":"Quick Slash","floor":2},{"not_picked":["Quick Slash","Dodge and Roll"],"picked":"PiercingWail","floor":5},{"not_picked":["Tactician","Flying Knee"],"picked":"Escape Plan","floor":7},{"not_picked":["Quick Slash","Cloak And Dagger"],"picked":"Infinite Blades","floor":8},{"not_picked":["Predator","PiercingWail"],"picked":"Storm of Steel","floor":10},{"not_picked":["Prepared","Outmaneuver","Setup"],"picked":"SKIP","floor":12},{"not_picked":["Dagger Throw","Flechettes","Deflect"],"picked":"SKIP","floor":13},{"not_picked":["Underhanded Strike","Acrobatics"],"picked":"Sucker Punch","floor":14},{"not_picked":["Night Terror","Wraith Form v2"],"picked":"Burst","floor":16},{"not_picked":["Prepared","Flying Knee"],"picked":"Endless Agony+1","floor":18},{"not_picked":["Sucker Punch+1","Flying Knee+1"],"picked":"PiercingWail","floor":22},{"not_picked":["Masterful Stab+1","Poisoned Stab+1"],"picked":"Wraith Form v2","floor":23},{"not_picked":["Calculated Gamble","Backflip"],"picked":"Footwork","floor":25},{"not_picked":["Backflip","Bane+1"],"picked":"Quick Slash+1","floor":29},{"not_picked":["Flying Knee+1","Calculated Gamble"],"picked":"After Image","floor":30},{"not_picked":["Escape Plan+1","Distraction"],"picked":"Cloak And Dagger","floor":31},{"not_picked":["Die Die Die+1","A Thousand Cuts"],"picked":"Storm of Steel","floor":33},{"not_picked":["Sucker Punch+1","Escape Plan"],"picked":"Blade Dance+1","floor":35},{"not_picked":["Dagger Throw+1","Poisoned Stab+1","Bane+1"],"picked":"SKIP","floor":37},{"not_picked":["Cloak And Dagger+1","Eviscerate+1"],"picked":"Infinite Blades","floor":38},{"not_picked":["Prepared","Eviscerate+1","Deadly Poison+1"],"picked":"SKIP","floor":44},{"not_picked":["Bane+1","Dodge and Roll+1"],"picked":"Finisher+1","floor":45},{"not_picked":["Masterful Stab+1","Prepared+1"],"picked":"Accuracy","floor":46},{"not_picked":["Bane+1","Deadly Poison+1"],"picked":"Die Die Die+1","floor":48}],"player_experience":517944,"relics_obtained":[{"floor":7,"key":"The Courier"},{"floor":9,"key":"Sundial"},{"floor":10,"key":"Shuriken"},{"floor":21,"key":"Bag of Marbles"},{"floor":23,"key":"PreservedInsect"},{"floor":26,"key":"Blood Vial"},{"floor":30,"key":"Gremlin Horn"},{"floor":43,"key":"Regal Pillow"},{"floor":45,"key":"Gambling Chip"}],"event_choices":[{"damage_healed":0,"gold_gain":0,"player_choice":"Entered Light","damage_taken":14,"max_hp_gain":0,"max_hp_loss":0,"event_name":"Shining Light","floor":3,"gold_loss":0,"cards_upgraded":["Neutralize","Defend_G"]},{"damage_healed":0,"gold_gain":0,"player_choice":"Forge","damage_taken":0,"max_hp_gain":0,"max_hp_loss":0,"event_name":"Accursed Blacksmith","floor":4,"gold_loss":0,"cards_upgraded":["Quick Slash"]},{"damage_healed":0,"gold_gain":0,"player_choice":"Bought 0 Potions","damage_taken":0,"max_hp_gain":0,"max_hp_loss":0,"event_name":"The Woman in Blue","floor":11,"gold_loss":0},{"damage_healed":0,"gold_gain":0,"player_choice":"Upgrade","damage_taken":0,"max_hp_gain":0,"max_hp_loss":0,"event_name":"Designer","floor":19,"gold_loss":40,"cards_upgraded":["Infinite Blades"]},{"damage_healed":0,"gold_gain":0,"player_choice":"Ignored","damage_taken":0,"max_hp_gain":0,"max_hp_loss":0,"event_name":"Vampires","floor":27,"gold_loss":0},{"damage_healed":0,"gold_gain":0,"player_choice":"Ignored","damage_taken":0,"max_hp_gain":0,"max_hp_loss":0,"event_name":"Tomb of Lord Red Mask","floor":39,"gold_loss":0},{"damage_healed":0,"gold_gain":0,"player_choice":"Fight","damage_taken":0,"max_hp_gain":0,"max_hp_loss":0,"event_name":"MindBloom","floor":45,"gold_loss":0}],"is_beta":false,"boss_relics":[{"not_picked":["Tiny House","Empty Cage"],"picked":"Philosopher\u0027s Stone"},{"not_picked":["Velvet Choker","Eternal Feather"],"picked":"Fusion Hammer"}],"items_purged_floors":[],"is_endless":false,"potions_floor_spawned":[2,5,10,14,16,23,25,29,30,44,45,46,48],"ascension_level":8}