{"gold_per_floor":[115,127,179,193,41,75,75,75,75,75,92,12,47,58,58,159,159,159,0,0,0,0,0],"floor_reached":23,"playtime":1506,"items_purged":[],"score":291,"play_id":"60f3ff6e-8e29-4304-b55c-da0b060a3152","local_time":"20181113191030","is_ascension_mode":true,"campfire_choices":[{"floor":8,"key":"REST"},{"floor":10,"key":"REST"},{"floor":15,"key":"REST"}],"neow_cost":"NONE","seed_source_timestamp":332744271864601,"circlet_count":0,"master_deck":["Defend_G","Defend_G","Defend_G","Defend_G","Defend_G","Strike_G","Strike_G","Strike_G","Survivor","Neutralize","Unload","Deflect","Dodge and Roll","Infinite Blades","Accuracy","Flying Knee","Catalyst","Noxious Fumes+1","Bane","Terror","Caltrops+1","Bullet Time","Malaise","Well Laid Plans+1","Leg Sweep","Flying Knee","Dagger Spray"],"relics":["Ring of the Snake","Frozen Egg 2","Singing Bowl","Smiling Mask","Ectoplasm"],"potions_floor_usage":[6,13,16,16],"damage_taken":[{"damage":7,"enemies":"Small Slimes","floor":1,"turns":6},{"damage":0,"enemies":"Jaw Worm","floor":2,"turns":5},{"damage":0,"enemies":"Cultist","floor":4,"turns":4},{"damage":22,"enemies":"Gremlin Nob","floor":6,"turns":4},{"damage":13,"enemies":"3 Louse","floor":11,"turns":4},{"damage":19,"enemies":"3 Sentries","floor":13,"turns":7},{"damage":2,"enemies":"Red Slaver","floor":14,"turns":4},{"damage":35,"enemies":"The Guardian","floor":16,"turns":10},{"damage":17,"enemies":"Shell Parasite","floor":18,"turns":6},{"damage":9,"enemies":"3 Byrds","floor":20,"turns":3},{"damage":19,"enemies":"Shelled Parasite and Fungi","floor":22,"turns":6},{"damage":16,"enemies":"Slavers","floor":23,"turns":1}],"seed_played":"-137348400684497683","potions_obtained":[{"floor":1,"key":"Fire Potion"},{"floor":6,"key":"AttackPotion"},{"floor":11,"key":"Dexterity Potion"},{"floor":13,"key":"PowerPotion"},{"floor":20,"key":"Energy Potion"}],"is_trial":false,"path_per_floor":["M","M","?","M","$","E","?","R","T","R","M","$","E","M","R","B",null,"M","?","M","?","M","E"],"character_chosen":"THE_SILENT","items_purchased":["Accuracy","Flying Knee","Catalyst","Terror"],"campfire_rested":3,"item_purchase_floors":[5,5,5,12],"current_hp_per_floor":[56,56,56,56,56,34,34,55,55,70,57,57,38,36,57,22,58,41,41,32,32,13,0],"gold":0,"neow_bonus":"ONE_RANDOM_RARE_CARD","is_prod":false,"is_daily":false,"chose_seed":false,"campfire_upgraded":0,"win_rate":0,"timestamp":1542136230,"path_taken":["M","M","?","M","$","E","?","R","T","R","M","$","E","M","R","BOSS","M","?","M","?","M","E"],"build_version":"2018-11-08","purchased_purges":0,"victory":false,"max_hp_per_floor":[70,70,70,70,70,70,70,70,70,70,70,70,70,70,70,70,70,70,70,70,70,70,70],"card_choices":[{"not_picked":["Escape Plan","Reflex"],"picked":"Deflect","floor":1},{"not_picked":["Expertise","Prepared"],"picked":"Dodge and Roll","floor":2},{"not_picked":["Dodge and Roll","Acrobatics"],"picked":"Infinite Blades","floor":4},{"not_picked":["Acrobatics","Backflip"],"picked":"Noxious Fumes","floor":6},{"not_picked":["Sucker Punch","Backflip"],"picked":"Bane","floor":11},{"not_picked":["Reflex","Finisher"],"picked":"Caltrops+1","floor":13},{"not_picked":["Dagger Spray","Finisher"],"picked":"Bullet Time","floor":14},{"not_picked":["Glass Knife","Burst"],"picked":"Malaise","floor":16},{"not_picked":["Blade Dance","Sucker Punch"],"picked":"Well Laid Plans+1","floor":18},{"not_picked":["Caltrops+1","Underhanded Strike"],"picked":"Leg Sweep","floor":20},{"not_picked":["Acrobatics+1","Well Laid Plans+1"],"picked":"Dagger Spray","floor":22}],"player_experience":827607,"relics_obtained":[{"floor":6,"key":"Frozen Egg 2"},{"floor":9,"key":"Singing Bowl"},{"floor":13,"key":"Smiling Mask"}],"event_choices":[{"damage_healed":0,"gold_gain":52,"player_choice":"Gained Gold","damage_taken":0,"max_hp_gain":0,"max_hp_loss":0,"event_name":"Golden Wing","floor":3,"gold_loss":0},{"cards_removed":["Strike_G"],"damage_healed":0,"gold_gain":0,"player_choice":"Card Removal","damage_taken":0,"max_hp_gain":0,"max_hp_loss":0,"event_name":"Wheel of Change","floor":7,"gold_loss":0},{"damage_healed":0,"gold_gain":0,"player_choice":"Paid Fearfully","damage_taken":0,"max_hp_gain":0,"max_hp_loss":0,"event_name":"Masked Bandits","floor":19,"gold_loss":159},{"damage_healed":0,"gold_gain":0,"cards_transformed":["Strike_G"],"player_choice":"Transformed","damage_taken":0,"max_hp_gain":0,"max_hp_loss":0,"event_name":"Transmorgrifier","floor":21,"gold_loss":0,"cards_obtained":["Flying Knee"]}],"is_beta":false,"boss_relics":[{"not_picked":["Snecko Eye","Orrery"],"picked":"Ectoplasm"}],"items_purged_floors":[],"is_endless":false,"potions_floor_spawned":[1,6,11,13,20],"killed_by":"Slavers","ascension_level":9}