{"gold_per_floor":[119,131,131,151,101,101,113,113,181,194,220,220,50,69,69,167,167,181,181,200,220,70,70,87,87,87,9,22,22],"floor_reached":29,"playtime":3337,"items_purged":["Strike_B"],"score":227,"play_id":"1350ff4c-8b14-4718-b7e6-33dbc1fd7b9a","local_time":"20190606235747","is_ascension_mode":false,"campfire_choices":[{"data":"Dualcast","floor":6,"key":"SMITH"},{"data":"Zap","floor":8,"key":"SMITH"},{"data":"Barrage","floor":15,"key":"SMITH"},{"data":"Enlightenment","floor":23,"key":"SMITH"},{"floor":25,"key":"REST"}],"neow_cost":"NONE","seed_source_timestamp":298133634470700,"circlet_count":0,"master_deck":["Strike_B","Defend_B","Defend_B","Defend_B","Defend_B","Zap+1","Dualcast+1","Fission","Cold Snap","Cold Snap","Barrage+1","Amplify","Chaos","Ball Lightning","Ball Lightning","Loop","Melter","Multi-Cast","Barrage","Redo","Meteor Strike","Conserve Battery","Rip and Tear+1","Defragment","Enlightenment+1","Leap","Doom and Gloom","Conserve Battery","Streamline"],"relics":["Cracked Core","Pear","Art of War","Nuclear Battery","Gremlin Horn"],"potions_floor_usage":[16,21],"damage_taken":[{"damage":0,"enemies":"2 Louse","floor":1,"turns":2},{"damage":0,"enemies":"Small Slimes","floor":2,"turns":3},{"damage":1,"enemies":"Jaw Worm","floor":4,"turns":3},{"damage":1,"enemies":"Exordium Wildlife","floor":7,"turns":3},{"damage":2,"enemies":"Red Slaver","floor":10,"turns":3},{"damage":30,"enemies":"Gremlin Nob","floor":11,"turns":5},{"damage":0,"enemies":"3 Louse","floor":14,"turns":3},{"damage":25,"enemies":"The Guardian","floor":16,"turns":8},{"damage":0,"enemies":"Spheric Guardian","floor":18,"turns":1},{"damage":10,"enemies":"Chosen","floor":20,"turns":3},{"damage":14,"enemies":"Snecko","floor":21,"turns":5},{"damage":38,"enemies":"Chosen and Byrds","floor":24,"turns":7},{"damage":31,"enemies":"Centurion and Healer","floor":28,"turns":9},{"damage":18,"enemies":"Cultist and Chosen","floor":29,"turns":4}],"seed_played":"-4142831088422613615","potions_obtained":[{"floor":2,"key":"Energy Potion"},{"floor":7,"key":"LiquidBronze"},{"floor":11,"key":"Block Potion"},{"floor":14,"key":"Energy Potion"},{"floor":20,"key":"AttackPotion"},{"floor":24,"key":"Energy Potion"}],"is_trial":false,"path_per_floor":["M","M","?","M","?","R","M","R","T","M","E","?","$","M","R","B",null,"M","?","M","M","$","R","M","R","T","$","M","M"],"character_chosen":"DEFECT","items_purchased":["Ball Lightning","Loop","Defragment","Enlightenment","Doom and Gloom","Conserve Battery"],"campfire_rested":1,"item_purchase_floors":[13,13,22,22,27,27],"current_hp_per_floor":[75,75,75,74,74,74,73,73,83,81,51,51,51,51,51,26,85,85,85,75,61,61,61,23,48,48,48,17,0],"gold":22,"neow_bonus":"ONE_RANDOM_RARE_CARD","is_prod":false,"is_daily":false,"chose_seed":false,"campfire_upgraded":4,"win_rate":0,"timestamp":1559890667,"path_taken":["M","M","?","M","?","R","M","R","T","?","E","?","$","?","R","BOSS","M","?","M","?","$","R","M","R","T","$","M","M"],"build_version":"2019-01-23","purchased_purges":1,"victory":false,"max_hp_per_floor":[75,75,75,75,75,75,75,75,85,85,85,85,85,85,85,85,85,85,85,85,85,85,85,85,85,85,85,85,85],"card_choices":[{"not_picked":["Rebound","Heatsinks"],"picked":"Cold Snap","floor":1},{"not_picked":["Streamline","Heatsinks"],"picked":"Cold Snap","floor":2},{"not_picked":["Hologram","Beam Cell"],"picked":"Barrage","floor":4},{"not_picked":["Go for the Eyes","Compile Driver"],"picked":"Amplify","floor":7},{"not_picked":["Turbo","Cold Snap"],"picked":"Chaos","floor":10},{"not_picked":["Beam Cell","Steam"],"picked":"Ball Lightning","floor":11},{"not_picked":["Gash","Stack"],"picked":"Melter","floor":14},{"not_picked":["Machine Learning","Core Surge"],"picked":"Multi-Cast","floor":16},{"not_picked":["Steam","BootSequence"],"picked":"Barrage","floor":18},{"not_picked":["Reprogram","Amplify"],"picked":"Conserve Battery","floor":20},{"not_picked":["Chill","Lockon+1"],"picked":"Rip and Tear+1","floor":21},{"not_picked":["Reinforced Body","Recycle+1"],"picked":"Leap","floor":24},{"not_picked":["Defragment+1","Chill+1"],"picked":"Streamline","floor":28}],"player_experience":435464,"relics_obtained":[{"floor":9,"key":"Pear"},{"floor":11,"key":"Art of War"},{"floor":26,"key":"Gremlin Horn"}],"event_choices":[{"damage_healed":0,"gold_gain":0,"player_choice":"Ignored","damage_taken":0,"max_hp_gain":0,"max_hp_loss":0,"event_name":"Liars Game","floor":3,"gold_loss":0},{"cards_removed":["Strike_B"],"damage_healed":0,"gold_gain":0,"player_choice":"Card Removal","damage_taken":0,"max_hp_gain":0,"max_hp_loss":0,"event_name":"The Cleric","floor":5,"gold_loss":50},{"cards_removed":["Strike_B"],"damage_healed":0,"gold_gain":0,"player_choice":"Purged","damage_taken":0,"max_hp_gain":0,"max_hp_loss":0,"event_name":"Purifier","floor":12,"gold_loss":0},{"damage_healed":0,"gold_gain":0,"player_choice":"2 cards matched","damage_taken":0,"max_hp_gain":0,"max_hp_loss":0,"event_name":"Match and Keep!","floor":19,"gold_loss":0,"cards_obtained":["Redo","Meteor Strike"]}],"is_beta":false,"boss_relics":[{"not_picked":["Snecko Eye","Cursed Key"],"picked":"Nuclear Battery"}],"items_purged_floors":[13],"is_endless":false,"potions_floor_spawned":[2,7,11,14,20,24],"killed_by":"Cultist and Chosen","ascension_level":0}