{"gold_per_floor":[112,127,52,66,66,66,100,100,100,100,127,127,145,45,45,141,141,158,172,47,47,47,47,57,57,57,57,57,57,57,70,70,165,165,182,32,49,49,59,59,73,405,430,430,0,30,30,50,50,50],"floor_reached":51,"playtime":2719,"items_purged":["Strike_R","Strike_R","Strike_R","Defend_R"],"score":1064,"play_id":"6d5c49ea-cc1b-42c1-a689-c5c288a935c6","local_time":"20190429154248","is_ascension_mode":true,"campfire_choices":[{"data":"Flex","floor":6,"key":"SMITH"},{"data":"Flex","floor":8,"key":"SMITH"},{"data":"Heavy Blade","floor":10,"key":"SMITH"},{"floor":12,"key":"RECALL"},{"data":"Sword Boomerang","floor":15,"key":"SMITH"},{"floor":23,"key":"REST"},{"data":"Defend_R","floor":25,"key":"SMITH"},{"floor":28,"key":"REST"},{"data":"Defend_R","floor":32,"key":"SMITH"},{"floor":40,"key":"REST"},{"floor":44,"key":"REST"},{"floor":49,"key":"REST"}],"neow_cost":"NONE","seed_source_timestamp":12828337879200,"circlet_count":0,"master_deck":["Defend_R+1","Bash+1","Heavy Blade+1","Flex+1","Flex+1","Sword Boomerang+1","Flex+1","Battle Trance+1","Flex+1","Limit Break+1"],"relics":["Burning Blood","Champion Belt","Matryoshka","Toxic Egg 2","Oddly Smooth Stone","Empty Cage","Dream Catcher","Happy Flower","Enchiridion","Strawberry","Sozu","Old Coin","War Paint","Red Mask","Centennial Puzzle"],"potions_floor_usage":[7,7,7,13,16,18,18],"damage_taken":[{"damage":6,"enemies":"Cultist","floor":1,"turns":4},{"damage":0,"enemies":"Small Slimes","floor":2,"turns":4},{"damage":7,"enemies":"Jaw Worm","floor":4,"turns":3},{"damage":0,"enemies":"Gremlin Nob","floor":7,"turns":1},{"damage":7,"enemies":"Large Slime","floor":13,"turns":2},{"damage":50,"enemies":"Hexaghost","floor":16,"turns":7},{"damage":5,"enemies":"3 Byrds","floor":18,"turns":2},{"damage":17,"enemies":"Shell Parasite","floor":19,"turns":3},{"damage":11,"enemies":"Centurion and Healer","floor":24,"turns":5},{"damage":9,"enemies":"Chosen and Byrds","floor":31,"turns":2},{"damage":50,"enemies":"Champ","floor":33,"turns":5},{"damage":13,"enemies":"3 Darklings","floor":35,"turns":2},{"damage":0,"enemies":"Orb Walker","floor":37,"turns":1},{"damage":0,"enemies":"Transient","floor":39,"turns":5},{"damage":10,"enemies":"4 Shapes","floor":41,"turns":3},{"damage":0,"enemies":"Giant Head","floor":42,"turns":2},{"damage":0,"enemies":"Reptomancer","floor":46,"turns":2},{"damage":0,"enemies":"Maw","floor":48,"turns":2},{"damage":15,"enemies":"Time Eater","floor":50,"turns":2}],"seed_played":"4253477055447132367","potions_obtained":[{"floor":4,"key":"EntropicBrew"},{"floor":7,"key":"Swift Potion"},{"floor":13,"key":"LiquidBronze"},{"floor":16,"key":"SteroidPotion"},{"floor":24,"key":"EssenceOfSteel"}],"is_trial":false,"path_per_floor":["M","M","$","M","?","R","E","R","T","R","T","R","M","$","R","B",null,"M","M","$","?","?","R","M","R","T","?","R","?","?","M","R","B",null,"M","$","M","?","M","R","M","E","T","R","?","E","?","M","R","B",null],"character_chosen":"IRONCLAD","items_purchased":[],"campfire_rested":5,"item_purchase_floors":[],"current_hp_per_floor":[72,78,78,77,82,82,85,85,85,85,85,85,84,84,84,40,74,75,64,64,64,64,85,80,80,80,64,85,85,92,89,89,45,80,73,73,79,79,85,92,88,92,92,92,92,92,92,92,92,83],"gold":50,"neow_bonus":"UPGRADE_CARD","is_prod":false,"is_daily":false,"chose_seed":false,"campfire_upgraded":6,"win_rate":0,"timestamp":1556577768,"path_taken":["M","?","$","M","?","R","E","R","T","R","?","R","M","$","R","BOSS","M","M","$","?","?","R","?","R","T","?","R","?","?","?","R","BOSS","M","$","M","?","M","R","M","E","T","R","?","E","?","?","R","BOSS"],"build_version":"2019-01-23","purchased_purges":4,"victory":true,"max_hp_per_floor":[80,80,80,80,85,85,85,85,85,85,85,85,85,85,85,85,85,85,85,85,85,85,85,85,85,85,85,85,85,92,92,92,92,92,92,92,92,92,92,92,92,92,92,92,92,92,92,92,92,92],"card_choices":[{"not_picked":["Armaments","Body Slam"],"picked":"Heavy Blade","floor":1},{"not_picked":["Headbutt","Infernal Blade"],"picked":"Flex","floor":2},{"not_picked":["Havoc","Headbutt","Iron Wave"],"picked":"SKIP","floor":4},{"not_picked":["Corruption","Wild Strike"],"picked":"Flex","floor":7},{"not_picked":["Burning Pact+1","Limit Break+1"],"picked":"Sword Boomerang","floor":13},{"not_picked":["Pommel Strike","Burning Pact+1","Cleave"],"picked":"SKIP","floor":18},{"not_picked":["Whirlwind","Headbutt","Sever Soul"],"picked":"SKIP","floor":19},{"not_picked":["Body Slam","Sever Soul","Twin Strike"],"picked":"SKIP","floor":24},{"not_picked":["Seeing Red+1","Clothesline","Twin Strike"],"picked":"SKIP","floor":31},{"not_picked":["Clash","Cleave+1"],"picked":"Flex+1","floor":35},{"not_picked":["Spot Weakness+1","Ghostly Armor+1","Cleave+1"],"picked":"SKIP","floor":37},{"not_picked":["Disarm+1","Rage+1","Iron Wave+1"],"picked":"SKIP","floor":39},{"not_picked":["Sword Boomerang+1","Bloodletting+1","Clothesline"],"picked":"SKIP","floor":41},{"not_picked":["Metallicize+1","Havoc+1"],"picked":"Limit Break+1","floor":42},{"not_picked":["Armaments+1","True Grit+1","Rage+1"],"picked":"SKIP","floor":46},{"not_picked":["Wild Strike","Uppercut+1","Flex+1"],"picked":"SKIP","floor":48}],"player_experience":324446,"relics_obtained":[{"floor":7,"key":"Champion Belt"},{"floor":9,"key":"Matryoshka"},{"floor":11,"key":"Toxic Egg 2"},{"floor":11,"key":"Oddly Smooth Stone"},{"floor":26,"key":"Dream Catcher"},{"floor":26,"key":"Happy Flower"},{"floor":27,"key":"Enchiridion"},{"floor":42,"key":"Old Coin"},{"floor":43,"key":"War Paint"},{"floor":46,"key":"Centennial Puzzle"}],"event_choices":[{"damage_healed":0,"gold_gain":0,"player_choice":"Donut","damage_taken":0,"max_hp_gain":5,"max_hp_loss":0,"event_name":"Big Fish","floor":5,"gold_loss":0},{"cards_removed":["Strike_R"],"damage_healed":0,"gold_gain":0,"player_choice":"Elegance","damage_taken":0,"max_hp_gain":0,"max_hp_loss":0,"event_name":"Back to Basics","floor":21,"gold_loss":0},{"damage_healed":0,"gold_gain":0,"player_choice":"Copied","damage_taken":0,"max_hp_gain":0,"max_hp_loss":0,"event_name":"Duplicator","floor":22,"gold_loss":0,"cards_obtained":["Flex"]},{"damage_healed":0,"gold_gain":0,"player_choice":"Obtained Book","damage_taken":16,"max_hp_gain":0,"max_hp_loss":0,"event_name":"Cursed Tome","floor":27,"gold_loss":0},{"damage_healed":0,"gold_gain":0,"player_choice":"Read","damage_taken":0,"max_hp_gain":0,"max_hp_loss":0,"event_name":"The Library","floor":29,"gold_loss":0,"cards_obtained":["Battle Trance"]},{"damage_healed":0,"gold_gain":0,"player_choice":"Gave Potion","damage_taken":0,"relics_obtained":["Strawberry"],"max_hp_gain":0,"max_hp_loss":0,"event_name":"WeMeetAgain","floor":30,"gold_loss":0},{"damage_healed":0,"gold_gain":0,"player_choice":"Memory 1","damage_taken":0,"max_hp_gain":0,"max_hp_loss":0,"event_name":"SensoryStone","floor":38,"gold_loss":0},{"damage_healed":0,"gold_gain":0,"player_choice":"Paid","damage_taken":0,"relics_obtained":["Red Mask"],"max_hp_gain":0,"max_hp_loss":0,"event_name":"Tomb of Lord Red Mask","floor":45,"gold_loss":430},{"cards_removed":["Defend_R"],"damage_healed":0,"gold_gain":0,"player_choice":"Removed Skill","damage_taken":0,"max_hp_gain":0,"max_hp_loss":0,"event_name":"Falling","floor":47,"gold_loss":0}],"is_beta":false,"boss_relics":[{"not_picked":["Mark of Pain","Black Star"],"picked":"Empty Cage"},{"not_picked":["Lizard Tail","Snecko Eye"],"picked":"Sozu"}],"items_purged_floors":[3,14,20,36],"is_endless":false,"potions_floor_spawned":[4,7,13,16,24,41,48],"ascension_level":7}