{"gold_per_floor":[117,117,117,129,143,174,174,184,184,204,221,221,70,86,86,183,183,199,199,211,227,242,242,274,274,274,174,189,205,205],"floor_reached":30,"playtime":4316,"items_purged":["Strike_B","Strike_B+1"],"score":306,"play_id":"d0584e00-7c73-4ed0-9444-71f5e761ecaa","local_time":"20190802014455","is_ascension_mode":false,"campfire_choices":[{"data":"Defragment","floor":7,"key":"SMITH"},{"data":"Zap","floor":12,"key":"SMITH"},{"data":"Dualcast","floor":15,"key":"SMITH"},{"data":"Echo Form","floor":23,"key":"SMITH"},{"floor":25,"key":"REST"}],"neow_cost":"NONE","seed_source_timestamp":31200791989300,"circlet_count":0,"master_deck":["Defend_B+1","Defend_B+1","Defend_B+1","Defend_B+1","Zap+1","Dualcast+1","Auto Shields","Loop","Reinforced Body","Defragment+1","Leap","Steam","Capacitor","Consume","Reboot","Force Field","Echo Form+1","Melter+1","Consume+1","Chill+1","Static Discharge","Sunder+1","Thunder Strike"],"relics":["Cracked Core","Lantern","Peace Pipe","Ornamental Fan","Empty Cage","Shovel","Dodecahedron"],"potions_floor_usage":[6,16,16,22,28,30,30],"damage_taken":[{"damage":0,"enemies":"2 Louse","floor":1,"turns":3},{"damage":0,"enemies":"Small Slimes","floor":4,"turns":3},{"damage":0,"enemies":"Cultist","floor":5,"turns":4},{"damage":2,"enemies":"Lagavulin","floor":6,"turns":7},{"damage":0,"enemies":"Looter","floor":8,"turns":3},{"damage":5,"enemies":"Exordium Wildlife","floor":10,"turns":5},{"damage":6,"enemies":"Exordium Thugs","floor":11,"turns":5},{"damage":5,"enemies":"Looter","floor":14,"turns":3},{"damage":0,"enemies":"Slime Boss","floor":16,"turns":8},{"damage":5,"enemies":"Chosen","floor":18,"turns":6},{"damage":0,"enemies":"Shell Parasite","floor":20,"turns":5},{"damage":12,"enemies":"Shelled Parasite and Fungi","floor":21,"turns":7},{"damage":8,"enemies":"Cultist and Chosen","floor":22,"turns":8},{"damage":48,"enemies":"Gremlin Leader","floor":24,"turns":9},{"damage":4,"enemies":"Snecko","floor":28,"turns":5},{"damage":14,"enemies":"Snake Plant","floor":29,"turns":4},{"damage":14,"enemies":"3 Cultists","floor":30,"turns":5}],"seed_played":"-2713549390749716172","potions_obtained":[{"floor":1,"key":"SpeedPotion"},{"floor":4,"key":"SpeedPotion"},{"floor":10,"key":"Energy Potion"},{"floor":14,"key":"SkillPotion"},{"floor":21,"key":"Weak Potion"},{"floor":24,"key":"SpeedPotion"},{"floor":28,"key":"Explosive Potion"}],"is_trial":false,"path_per_floor":["M","?","?","M","M","E","R","M","T","M","M","R","$","M","R","B",null,"M","?","M","M","M","R","E","R","T","$","M","M","M"],"character_chosen":"DEFECT","items_purchased":["Reboot"],"campfire_rested":1,"item_purchase_floors":[13],"current_hp_per_floor":[75,75,75,75,75,73,73,73,73,68,62,62,62,57,57,57,75,70,70,70,58,50,50,2,24,24,24,20,6,0],"gold":205,"neow_bonus":"THREE_CARDS","is_prod":false,"is_daily":false,"chose_seed":false,"campfire_upgraded":4,"win_rate":0.0,"timestamp":1564677895,"path_taken":["M","?","?","?","M","E","R","M","T","M","M","R","$","M","R","BOSS","M","?","M","M","M","R","E","R","T","$","M","M","M"],"build_version":"2019-07-17","purchased_purges":2,"victory":false,"max_hp_per_floor":[75,75,75,75,75,75,75,75,75,75,75,75,75,75,75,75,75,75,75,75,75,75,75,75,75,75,75,75,75,75],"card_choices":[{"not_picked":["Cold Snap","Sweeping Beam"],"picked":"Auto Shields","floor":0},{"not_picked":["Rebound","Storm"],"picked":"Loop","floor":1},{"not_picked":["Rip and Tear","Gash"],"picked":"Reinforced Body","floor":4},{"not_picked":["Stack","Gash"],"picked":"Defragment","floor":5},{"not_picked":["Sweeping Beam","Compile Driver"],"picked":"Leap","floor":6},{"not_picked":["Force Field","Beam Cell"],"picked":"Steam","floor":8},{"not_picked":["Consume","Sweeping Beam"],"picked":"Capacitor","floor":10},{"not_picked":["Ball Lightning","Aggregate"],"picked":"Consume","floor":11},{"not_picked":["Gash","Turbo"],"picked":"Force Field","floor":14},{"not_picked":["Reboot","Meteor Strike"],"picked":"Echo Form","floor":16},{"not_picked":["Compile Driver+1","Leap+1"],"picked":"Melter+1","floor":18},{"not_picked":["Go for the Eyes","Ball Lightning"],"picked":"Consume+1","floor":20},{"not_picked":["Compile Driver","Loop"],"picked":"Chill+1","floor":21},{"not_picked":["Aggregate","Gash"],"picked":"Static Discharge","floor":22},{"not_picked":["Streamline+1","Tempest"],"picked":"Sunder+1","floor":24},{"not_picked":["Scrape+1","Capacitor","Steam"],"picked":"SKIP","floor":28},{"not_picked":["Double Energy","Sweeping Beam+1"],"picked":"Thunder Strike","floor":29}],"player_experience":59622,"relics_obtained":[{"floor":6,"key":"Peace Pipe"},{"floor":9,"key":"Ornamental Fan"},{"floor":24,"key":"Shovel"},{"floor":26,"key":"Dodecahedron"}],"event_choices":[{"damage_healed":0,"gold_gain":0,"player_choice":"Box","damage_taken":0,"relics_obtained":["Lantern"],"max_hp_gain":0,"max_hp_loss":0,"event_name":"Big Fish","floor":2,"gold_loss":0,"cards_obtained":["Regret"]},{"cards_removed":["Regret"],"damage_healed":0,"gold_gain":0,"player_choice":"Card Removal","damage_taken":0,"max_hp_gain":0,"max_hp_loss":0,"event_name":"Wheel of Change","floor":3,"gold_loss":0},{"damage_healed":0,"gold_gain":0,"player_choice":"Simplicity","damage_taken":0,"max_hp_gain":0,"max_hp_loss":0,"event_name":"Back to Basics","floor":19,"gold_loss":0,"cards_upgraded":["Strike_B","Defend_B","Defend_B","Defend_B","Defend_B"]}],"is_beta":false,"boss_relics":[{"not_picked":["Eternal Feather","White Beast Statue"],"picked":"Empty Cage"}],"items_purged_floors":[13,27],"is_endless":false,"potions_floor_spawned":[1,4,10,14,21,24,28],"killed_by":"3 Cultists","ascension_level":0}