{"gold_per_floor":[119,130,130,130,145,145,164,197,197,197,208,225,225,255,255,356,356,376,376,396,321,335,335,352,352,352,378,42,42,58,58],"floor_reached":31,"playtime":2533,"items_purged":["Strike_G","Strike_G"],"score":270,"play_id":"fedc5af6-0063-46e3-a23e-6af7b3148fe3","local_time":"20190205211030","is_ascension_mode":true,"campfire_choices":[{"data":"Infinite Blades","floor":6,"key":"SMITH"},{"data":"Calculated Gamble","floor":10,"key":"SMITH"},{"floor":15,"key":"REST"},{"floor":23,"key":"REST"},{"floor":25,"key":"REST"}],"neow_cost":"NONE","seed_source_timestamp":242375717949783,"circlet_count":0,"master_deck":["Defend_G","Defend_G","Defend_G","Defend_G","Defend_G","Strike_G","Strike_G","Strike_G","Survivor","Neutralize","Infinite Blades+1","Backflip","Bandage Up","Crippling Poison","Calculated Gamble+1","Caltrops","A Thousand Cuts","Blade Dance","Blade Dance","Acrobatics+1","Backstab","Bane+1"],"relics":["Ring of the Snake","NeowsBlessing","Torii","Sundial","Letter Opener","WristBlade","MutagenicStrength","Mercury Hourglass","Blood Vial","TwistedFunnel"],"potions_floor_usage":[8,8,16,18,22,27,31],"damage_taken":[{"damage":0,"enemies":"Small Slimes","floor":1,"turns":1},{"damage":0,"enemies":"Cultist","floor":2,"turns":1},{"damage":0,"enemies":"Jaw Worm","floor":5,"turns":1},{"damage":2,"enemies":"Large Slime","floor":7,"turns":11},{"damage":39,"enemies":"Lagavulin","floor":8,"turns":14},{"damage":2,"enemies":"Exordium Thugs","floor":11,"turns":7},{"damage":8,"enemies":"Exordium Wildlife","floor":12,"turns":7},{"damage":26,"enemies":"Hexaghost","floor":16,"turns":12},{"damage":25,"enemies":"2 Thieves","floor":18,"turns":4},{"damage":30,"enemies":"Spheric Guardian","floor":20,"turns":4},{"damage":18,"enemies":"Snake Plant","floor":22,"turns":5},{"damage":29,"enemies":"Shelled Parasite and Fungi","floor":24,"turns":6},{"damage":32,"enemies":"Slavers","floor":27,"turns":5},{"damage":7,"enemies":"Centurion and Healer","floor":30,"turns":7},{"damage":9,"enemies":"Snake Plant","floor":31,"turns":2}],"seed_played":"-953311167342254767","potions_obtained":[{"floor":2,"key":"Regen Potion"},{"floor":7,"key":"GamblersBrew"},{"floor":12,"key":"EssenceOfSteel"},{"floor":16,"key":"PowerPotion"},{"floor":20,"key":"Swift Potion"},{"floor":22,"key":"SpeedPotion"},{"floor":30,"key":"LiquidBronze"}],"is_trial":false,"path_per_floor":["M","M","?","?","M","R","M","E","T","R","M","M","?","?","R","B",null,"M","?","M","$","M","R","M","R","T","E","$","?","M","M"],"character_chosen":"THE_SILENT","items_purchased":["Backstab","TwistedFunnel"],"campfire_rested":3,"item_purchase_floors":[28,28],"current_hp_per_floor":[70,70,75,75,75,75,73,51,51,51,53,49,37,37,59,37,75,54,54,28,28,14,36,11,33,33,5,5,5,4,0],"gold":58,"neow_bonus":"THREE_ENEMY_KILL","is_prod":false,"is_daily":false,"chose_seed":false,"campfire_upgraded":2,"win_rate":0,"timestamp":1549429830,"path_taken":["M","M","?","?","M","R","?","E","T","R","M","M","?","?","R","BOSS","M","?","M","$","M","R","M","R","T","E","$","?","M","M"],"build_version":"2019-01-23","purchased_purges":2,"victory":false,"max_hp_per_floor":[70,70,75,75,75,75,75,75,75,75,75,75,75,75,75,75,75,75,75,75,75,75,75,75,75,75,75,75,75,75,75],"card_choices":[{"not_picked":["Flying Knee","Outmaneuver"],"picked":"Infinite Blades","floor":1},{"not_picked":["Leg Sweep","Blade Dance"],"picked":"Backflip","floor":2},{"not_picked":["Flying Knee","PiercingWail"],"picked":"Crippling Poison","floor":5},{"not_picked":["Poisoned Stab","Endless Agony"],"picked":"Calculated Gamble","floor":7},{"not_picked":["Quick Slash","Riddle With Holes","Outmaneuver"],"picked":"SKIP","floor":8},{"not_picked":["Skewer","PiercingWail"],"picked":"Caltrops","floor":11},{"not_picked":["Crippling Poison","Dash","Endless Agony"],"picked":"SKIP","floor":12},{"not_picked":["Phantasmal Killer","Doppelganger"],"picked":"A Thousand Cuts","floor":16},{"not_picked":["Finisher","Distraction"],"picked":"Blade Dance","floor":18},{"not_picked":["Deadly Poison","Expertise"],"picked":"Blade Dance","floor":20},{"not_picked":["Catalyst","Escape Plan+1"],"picked":"Acrobatics+1","floor":22},{"not_picked":["Acrobatics","Leg Sweep","Slice"],"picked":"SKIP","floor":24},{"not_picked":["Dash+1","Terror","Sucker Punch"],"picked":"SKIP","floor":27},{"not_picked":["Acrobatics","Dagger Throw"],"picked":"Bane+1","floor":30}],"player_experience":23180,"relics_obtained":[{"floor":8,"key":"Torii"},{"floor":9,"key":"Sundial"},{"floor":26,"key":"Mercury Hourglass"},{"floor":27,"key":"Blood Vial"}],"event_choices":[{"damage_healed":0,"gold_gain":0,"player_choice":"Donut","damage_taken":0,"max_hp_gain":5,"max_hp_loss":0,"event_name":"Big Fish","floor":3,"gold_loss":0},{"damage_healed":0,"gold_gain":0,"player_choice":"1 cards matched","damage_taken":0,"max_hp_gain":0,"max_hp_loss":0,"event_name":"Match and Keep!","floor":4,"gold_loss":0,"cards_obtained":["Bandage Up"]},{"damage_healed":0,"gold_gain":0,"player_choice":"1 cards matched","damage_taken":0,"max_hp_gain":0,"max_hp_loss":0,"event_name":"Match and Keep!","floor":4,"gold_loss":0,"cards_obtained":["Bandage Up"]},{"damage_healed":0,"gold_gain":0,"player_choice":"Success","damage_taken":12,"relics_obtained":["Letter Opener"],"max_hp_gain":0,"max_hp_loss":0,"event_name":"Scrap Ooze","floor":13,"gold_loss":0},{"damage_healed":0,"gold_gain":30,"player_choice":"Searched \u00271\u0027 times","damage_taken":0,"max_hp_gain":0,"max_hp_loss":0,"event_name":"Dead Adventurer","floor":14,"gold_loss":0},{"damage_healed":0,"gold_gain":0,"player_choice":"Inject Mutagens","damage_taken":0,"relics_obtained":["MutagenicStrength"],"max_hp_gain":0,"max_hp_loss":0,"event_name":"Drug Dealer","floor":19,"gold_loss":0},{"damage_healed":0,"gold_gain":0,"player_choice":"Ignored","damage_taken":0,"max_hp_gain":0,"max_hp_loss":0,"event_name":"Beggar","floor":29,"gold_loss":0}],"is_beta":false,"boss_relics":[{"not_picked":["Cursed Key","Lizard Tail"],"picked":"WristBlade"}],"items_purged_floors":[21,28],"is_endless":false,"potions_floor_spawned":[2,7,12,16,20,22,30],"killed_by":"Snake Plant","ascension_level":1}