{"gold_per_floor":[113,127,202,220,220,220,145,145,197,97,130,77,27,45,45,45],"floor_reached":16,"playtime":537,"items_purged":["Strike_G","Strike_G"],"score":113,"play_id":"2856ffc1-7e47-469b-b709-58e7dab550da","local_time":"20190403233140","is_ascension_mode":true,"campfire_choices":[{"data":"Cloak And Dagger","floor":6,"key":"SMITH"},{"data":"Accuracy","floor":8,"key":"SMITH"},{"floor":15,"key":"REST"}],"neow_cost":"NONE","seed_source_timestamp":259651666409700,"circlet_count":0,"master_deck":["Defend_G","Defend_G","Defend_G","Defend_G","Defend_G","Strike_G","Strike_G","Survivor","Neutralize","Accuracy+1","Cloak And Dagger+1","Accuracy","Cloak And Dagger"],"relics":["Ring of the Snake","NeowsBlessing","Happy Flower","PreservedInsect","Bird Faced Urn"],"potions_floor_usage":[],"damage_taken":[{"damage":0,"enemies":"Jaw Worm","floor":1,"turns":1},{"damage":0,"enemies":"Small Slimes","floor":2,"turns":1},{"damage":0,"enemies":"2 Louse","floor":4,"turns":1},{"damage":12,"enemies":"Lagavulin","floor":11,"turns":7},{"damage":11,"enemies":"Large Slime","floor":14,"turns":5},{"damage":62,"enemies":"Hexaghost","floor":16,"turns":15}],"seed_played":"-4754772786526195856","potions_obtained":[{"floor":2,"key":"SmokeBomb"},{"floor":4,"key":"Energy Potion"}],"is_trial":false,"path_per_floor":["M","M","?","M","?","R","$","R","T","$","E","$","?","M","R","B"],"character_chosen":"THE_SILENT","items_purchased":["Cloak And Dagger"],"campfire_rested":1,"item_purchase_floors":[12],"current_hp_per_floor":[70,70,59,59,56,56,56,56,56,56,44,44,44,37,58,0],"gold":45,"neow_bonus":"THREE_ENEMY_KILL","is_prod":false,"is_daily":false,"chose_seed":false,"campfire_upgraded":2,"win_rate":0,"timestamp":1554359500,"path_taken":["M","M","?","M","?","R","$","R","T","$","E","?","?","?","R","BOSS"],"build_version":"2019-01-23","purchased_purges":2,"victory":false,"max_hp_per_floor":[70,70,70,70,70,70,70,70,70,70,70,70,70,70,70,70],"card_choices":[{"not_picked":["Slice","Prepared"],"picked":"Accuracy","floor":1},{"not_picked":["Dodge and Roll","Prepared","Underhanded Strike"],"picked":"SKIP","floor":2},{"not_picked":["Blade Dance","Blur"],"picked":"Cloak And Dagger","floor":4},{"not_picked":["PiercingWail","Deflect"],"picked":"Accuracy","floor":11},{"not_picked":["Skewer","Endless Agony","Dash"],"picked":"SKIP","floor":14}],"player_experience":299786,"relics_obtained":[{"floor":9,"key":"PreservedInsect"},{"floor":11,"key":"Bird Faced Urn"}],"event_choices":[{"damage_healed":0,"gold_gain":75,"player_choice":"Gather Gold","damage_taken":11,"max_hp_gain":0,"max_hp_loss":0,"event_name":"World of Goop","floor":3,"gold_loss":0},{"damage_healed":0,"gold_gain":0,"player_choice":"Success","damage_taken":3,"relics_obtained":["Happy Flower"],"max_hp_gain":0,"max_hp_loss":0,"event_name":"Scrap Ooze","floor":5,"gold_loss":0},{"cards_removed":["Strike_G"],"damage_healed":0,"gold_gain":0,"player_choice":"Card Removal","damage_taken":0,"max_hp_gain":0,"max_hp_loss":0,"event_name":"The Cleric","floor":13,"gold_loss":50}],"is_beta":false,"boss_relics":[],"items_purged_floors":[7,10],"is_endless":false,"potions_floor_spawned":[2,4],"killed_by":"Hexaghost","ascension_level":3}