{"gold_per_floor":[109,13,23,23,23,49,49,82,130,144,144],"floor_reached":11,"playtime":699,"items_purged":[],"score":97,"play_id":"c0471800-9c94-43c2-be19-6ab2e8f4e848","local_time":"20181031181845","is_ascension_mode":true,"campfire_choices":[{"data":"Enlightenment","floor":7.0,"key":"SMITH"}],"neow_cost":"NONE","seed_source_timestamp":1040394062689569,"circlet_count":0,"master_deck":["Strike_R","Strike_R","Strike_R","Strike_R","Strike_R","Defend_R","Defend_R","Defend_R","Defend_R","Bash","Juggernaut","Thunderclap","Enlightenment+1","Heavy Blade","Shockwave","Pommel Strike"],"special_seed":0,"relics":["Burning Blood","Red Skull","Shovel","Centennial Puzzle"],"potions_floor_usage":[],"damage_taken":[{"damage":6.0,"enemies":"Cultist","floor":1.0,"turns":4.0},{"damage":14.0,"enemies":"2 Louse","floor":3.0,"turns":3.0},{"damage":36.0,"enemies":"Gremlin Nob","floor":6.0,"turns":5.0},{"damage":45.0,"enemies":"3 Sentries","floor":8.0,"turns":6.0},{"damage":0.0,"enemies":"Small Slimes","floor":10.0,"turns":2.0},{"damage":15,"enemies":"Gremlin Gang","floor":11,"turns":1}],"seed_played":"-584847854550482941","potions_obtained":[{"floor":1.0,"key":"PowerPotion"}],"is_trial":false,"path_per_floor":["M","$","M","?","$","E","R","E","T","M"],"character_chosen":"IRONCLAD","items_purchased":["Enlightenment"],"campfire_rested":0,"item_purchase_floors":[2],"current_hp_per_floor":[80,80,72,77,77,47,47,8,8,14,0],"gold":144,"neow_bonus":"ONE_RANDOM_RARE_CARD","is_prod":false,"is_daily":false,"chose_seed":false,"campfire_upgraded":1,"win_rate":0,"timestamp":1541009925,"path_taken":["M","?","M","?","?","E","R","E","T","M","M"],"build_version":"2018-10-25v2","purchased_purges":0,"victory":false,"max_hp_per_floor":[80,80,80,85,85,85,85,85,85,85,85],"card_choices":[{"not_picked":["Dual Wield","Perfected Strike"],"picked":"Thunderclap","floor":1.0},{"not_picked":["Havoc","Body Slam","Wild Strike"],"picked":"SKIP","floor":3.0},{"not_picked":["Clothesline","Dropkick"],"picked":"Heavy Blade","floor":6.0},{"not_picked":["Seeing Red","Corruption"],"picked":"Shockwave","floor":8.0},{"not_picked":["Feed","Sword Boomerang"],"picked":"Pommel Strike","floor":10.0}],"player_experience":768589,"relics_obtained":[{"floor":6.0,"key":"Red Skull"},{"floor":8.0,"key":"Shovel"},{"floor":9.0,"key":"Centennial Puzzle"}],"event_choices":[{"damage_healed":0.0,"max_hp_gain":5.0,"max_hp_loss":0.0,"gold_gain":0.0,"event_name":"Big Fish","player_choice":"Donut","floor":4.0,"gold_loss":0.0,"damage_taken":0.0}],"is_beta":false,"boss_relics":[],"items_purged_floors":[],"is_endless":false,"potions_floor_spawned":[1],"killed_by":"Gremlin Gang","ascension_level":4}