{"gold_per_floor":[99,99,99,99,99,99,99,64,64,64,64,64,64,14,14,14,14,0,0,0,0,0,0,0],"floor_reached":24,"playtime":566,"items_purged":[],"score":294,"play_id":"e77f788a-3e9a-4e5b-a111-a8195e024fae","local_time":"20190617171326","is_ascension_mode":true,"campfire_choices":[{"data":"Neutralize","floor":7,"key":"SMITH"},{"floor":13,"key":"DIG"},{"data":"Deadly Poison","floor":15,"key":"SMITH"}],"neow_cost":"NONE","seed_source_timestamp":316184832617420,"circlet_count":0,"master_deck":["Defend_G","Defend_G","Defend_G","Defend_G","Defend_G","Strike_G","Strike_G","Strike_G","Survivor","Neutralize+1","All Out Attack","Flying Knee","Riddle With Holes","Poisoned Stab","Neutralize","Deadly Poison+1","Glass Knife","Leg Sweep","Accuracy","Blade Dance","Backflip","Infinite Blades+1","Deadly Poison","Flechettes","Well Laid Plans","Noxious Fumes"],"relics":["Ectoplasm","SsserpentHead","PreservedInsect","Shovel","Snake Skull","Orrery","Omamori"],"potions_floor_usage":[6],"damage_taken":[{"damage":8,"enemies":"Small Slimes","floor":1,"turns":4},{"damage":0,"enemies":"Jaw Worm","floor":5,"turns":3},{"damage":0,"enemies":"Lagavulin","floor":6,"turns":2},{"damage":5,"enemies":"3 Sentries","floor":10,"turns":5},{"damage":29,"enemies":"The Guardian","floor":16,"turns":11},{"damage":20,"enemies":"2 Thieves","floor":18,"turns":4},{"damage":5,"enemies":"Chosen","floor":19,"turns":5},{"damage":32,"enemies":"Gremlin Leader","floor":23,"turns":4},{"damage":13,"enemies":"Snake Plant","floor":24,"turns":3}],"seed_played":"9014569527588023645","potions_obtained":[{"floor":5,"key":"SmokeBomb"},{"floor":23,"key":"GamblersBrew"}],"is_trial":false,"path_per_floor":["M","?","?","?","M","E","R","?","T","E","?","$","R","$","R","B",null,"M","M","?","?","?","E","M"],"character_chosen":"THE_SILENT","items_purchased":["Deadly Poison"],"campfire_rested":0,"item_purchase_floors":[14],"current_hp_per_floor":[55,55,60,60,60,60,60,75,75,70,70,70,70,70,70,41,67,47,42,42,42,42,10,0],"gold":0,"neow_bonus":"BOSS_RELIC","is_prod":false,"is_daily":false,"chose_seed":false,"campfire_upgraded":2,"win_rate":0,"timestamp":1560806006,"path_taken":["M","?","?","?","?","E","R","?","T","E","?","$","R","$","R","BOSS","M","M","?","?","?","E","M"],"build_version":"2019-01-23","purchased_purges":0,"victory":false,"max_hp_per_floor":[70,70,75,75,75,75,75,75,75,75,75,75,75,75,75,75,75,75,75,75,75,75,75,75],"card_choices":[{"not_picked":["Quick Slash","Slice"],"picked":"All Out Attack","floor":1},{"not_picked":["Bouncing Flask","Dodge and Roll"],"picked":"Flying Knee","floor":5},{"not_picked":["Cloak And Dagger","Finisher"],"picked":"Riddle With Holes","floor":10},{"not_picked":["Storm of Steel","Tools of the Trade"],"picked":"Glass Knife","floor":16},{"not_picked":["Venomology","Concentrate"],"picked":"Leg Sweep","floor":17},{"not_picked":["Masterful Stab","Skewer"],"picked":"Accuracy","floor":17},{"not_picked":["Footwork","Escape Plan"],"picked":"Blade Dance","floor":17},{"not_picked":["Predator","Tactician"],"picked":"Backflip","floor":17},{"not_picked":["Deadly Poison","Dagger Throw+1"],"picked":"Infinite Blades+1","floor":18},{"not_picked":["Riddle With Holes","PiercingWail"],"picked":"Deadly Poison","floor":19},{"not_picked":["All Out Attack","Acrobatics"],"picked":"Noxious Fumes","floor":23}],"player_experience":463094,"relics_obtained":[{"floor":9,"key":"PreservedInsect"},{"floor":10,"key":"Shovel"},{"floor":13,"key":"Snake Skull"},{"floor":23,"key":"Omamori"}],"event_choices":[{"damage_healed":0,"gold_gain":70,"player_choice":"Gained Gold","damage_taken":0,"max_hp_gain":0,"max_hp_loss":0,"event_name":"Golden Wing","floor":2,"gold_loss":0},{"damage_healed":0,"gold_gain":0,"player_choice":"Donut","damage_taken":0,"max_hp_gain":5,"max_hp_loss":0,"event_name":"Big Fish","floor":3,"gold_loss":0},{"damage_healed":0,"gold_gain":0,"player_choice":"Trade","damage_taken":0,"relics_obtained":["SsserpentHead"],"max_hp_gain":0,"max_hp_loss":0,"event_name":"FaceTrader","floor":4,"gold_loss":0},{"damage_healed":18,"gold_gain":0,"player_choice":"Healed","damage_taken":0,"max_hp_gain":0,"max_hp_loss":0,"event_name":"The Cleric","floor":8,"gold_loss":35},{"damage_healed":0,"gold_gain":0,"player_choice":"2 cards matched","damage_taken":0,"max_hp_gain":0,"max_hp_loss":0,"event_name":"Match and Keep!","floor":11,"gold_loss":0,"cards_obtained":["Poisoned Stab","Neutralize"]},{"damage_healed":0,"gold_gain":0,"cards_transformed":["Strike_G","Strike_G"],"player_choice":"Became Test Subject","damage_taken":0,"max_hp_gain":0,"max_hp_loss":0,"event_name":"Drug Dealer","floor":20,"gold_loss":0,"cards_obtained":["Flechettes","Well Laid Plans"]},{"damage_healed":0,"gold_gain":99,"player_choice":"Stole From Cult","damage_taken":0,"max_hp_gain":0,"max_hp_loss":0,"event_name":"Nest","floor":21,"gold_loss":0},{"damage_healed":0,"gold_gain":0,"player_choice":"Ignored","damage_taken":0,"max_hp_gain":0,"max_hp_loss":0,"event_name":"Beggar","floor":22,"gold_loss":0}],"is_beta":false,"boss_relics":[{"not_picked":["HoveringKite","Empty Cage"],"picked":"Orrery"}],"items_purged_floors":[],"is_endless":false,"potions_floor_spawned":[5,6,23],"killed_by":"Snake Plant","ascension_level":7}