{"gold_per_floor":[119,119,139,162,36,36,50,125,198,198,213,232,251,265,265,394,394,408,432,432,432,432],"floor_reached":22,"playtime":1135,"items_purged":["Defend_G"],"score":198,"play_id":"8658cdd6-478b-4897-a0de-e4f71a9af76a","local_time":"20190219210720","is_ascension_mode":true,"campfire_choices":[{"data":"Envenom","floor":10,"key":"SMITH"},{"floor":15,"key":"REST"}],"neow_cost":"NONE","seed_source_timestamp":170891859205100,"circlet_count":0,"master_deck":["Defend_G","Defend_G","Defend_G","Strike_G","Strike_G","Strike_G","Strike_G","Survivor","Neutralize","Envenom+1","Backflip","Poisoned Stab","Catalyst","Catalyst","Deadly Poison","Footwork","Bane+1","Wraith Form v2"],"relics":["Ring of the Snake","Golden Idol","Bottled Flame","Philosopher\u0027s Stone"],"potions_floor_usage":[14,16,19],"damage_taken":[{"damage":1,"enemies":"Small Slimes","floor":1,"turns":5},{"damage":3,"enemies":"2 Louse","floor":3,"turns":4},{"damage":0,"enemies":"Jaw Worm","floor":4,"turns":6},{"damage":11,"enemies":"Gremlin Gang","floor":7,"turns":6},{"damage":2,"enemies":"3 Louse","floor":11,"turns":5},{"damage":14,"enemies":"Blue Slaver","floor":12,"turns":5},{"damage":12,"enemies":"Exordium Thugs","floor":13,"turns":4},{"damage":3,"enemies":"Red Slaver","floor":14,"turns":3},{"damage":5,"enemies":"Slime Boss","floor":16,"turns":7},{"damage":27,"enemies":"2 Thieves","floor":18,"turns":5},{"damage":25,"enemies":"3 Byrds","floor":19,"turns":3},{"damage":15,"enemies":"3 Cultists","floor":22,"turns":3}],"seed_played":"-5800235511666604415","potions_obtained":[{"floor":7,"key":"Dexterity Potion"},{"floor":11,"key":"Weak Potion"},{"floor":13,"key":"LiquidBronze"},{"floor":16,"key":"Fire Potion"}],"is_trial":false,"path_per_floor":["M","?","M","M","$","?","M","?","T","R","M","M","M","M","R","B",null,"M","M","?","?","M"],"character_chosen":"THE_SILENT","items_purchased":["Poisoned Stab"],"campfire_rested":1,"item_purchase_floors":[5],"current_hp_per_floor":[69,65,62,62,62,55,44,33,33,33,31,17,5,2,21,16,65,38,13,13,13,0],"gold":432,"neow_bonus":"ONE_RANDOM_RARE_CARD","is_prod":false,"is_daily":false,"chose_seed":false,"campfire_upgraded":1,"win_rate":0,"timestamp":1550639240,"path_taken":["M","?","M","M","$","?","M","?","T","R","M","M","?","M","R","BOSS","M","?","?","?","M"],"build_version":"2019-01-23","purchased_purges":1,"victory":false,"max_hp_per_floor":[70,65,65,65,65,65,65,65,65,65,65,65,65,65,65,65,65,65,65,65,65,65],"card_choices":[{"not_picked":["Flying Knee","Cloak And Dagger"],"picked":"Backflip","floor":1},{"not_picked":["Dagger Spray","Acrobatics","Heel Hook"],"picked":"SKIP","floor":3},{"not_picked":["Tactician","Underhanded Strike","Endless Agony"],"picked":"SKIP","floor":4},{"not_picked":["Escape Plan","Caltrops"],"picked":"Catalyst","floor":7},{"not_picked":["Choke","Blur"],"picked":"Catalyst","floor":11},{"not_picked":["Distraction","PiercingWail"],"picked":"Deadly Poison","floor":12},{"not_picked":["Unload","Concentrate","Flying Knee"],"picked":"SKIP","floor":13},{"not_picked":["Outmaneuver","Eviscerate"],"picked":"Footwork","floor":14},{"not_picked":["Blade Dance","Infinite Blades"],"picked":"Bane+1","floor":18},{"not_picked":["Flying Knee","Dodge and Roll","Deflect"],"picked":"SKIP","floor":19}],"player_experience":219847,"relics_obtained":[{"floor":9,"key":"Bottled Flame"}],"event_choices":[{"damage_healed":0,"gold_gain":0,"player_choice":"Lose Max HP","damage_taken":0,"relics_obtained":["Golden Idol"],"max_hp_gain":0,"max_hp_loss":5,"event_name":"Golden Idol","floor":2,"gold_loss":0},{"cards_removed":["Strike_G"],"damage_healed":0,"gold_gain":0,"player_choice":"Card Removal","damage_taken":7,"max_hp_gain":0,"max_hp_loss":0,"event_name":"Golden Wing","floor":6,"gold_loss":0},{"damage_healed":0,"gold_gain":75,"player_choice":"Gather Gold","damage_taken":11,"max_hp_gain":0,"max_hp_loss":0,"event_name":"World of Goop","floor":8,"gold_loss":0},{"damage_healed":0,"gold_gain":0,"player_choice":"Ignored","damage_taken":0,"max_hp_gain":0,"max_hp_loss":0,"event_name":"Ghosts","floor":20,"gold_loss":0},{"damage_healed":0,"gold_gain":0,"cards_transformed":["Defend_G"],"player_choice":"Transformed","damage_taken":0,"max_hp_gain":0,"max_hp_loss":0,"event_name":"Transmorgrifier","floor":21,"gold_loss":0,"cards_obtained":["Wraith Form v2"]}],"is_beta":false,"boss_relics":[{"not_picked":["Calling Bell","Ring of the Serpent"],"picked":"Philosopher\u0027s Stone"}],"items_purged_floors":[5],"is_endless":false,"potions_floor_spawned":[7,11,13,16],"killed_by":"3 Cultists","ascension_level":2}