{"gold_per_floor":[109,129,129,129,59,89,89,102,102,133,58,69,92,72,72,177,177,197,215,227,227,34,34,67,79,79,79,92,125,125,136,136,136],"floor_reached":33,"playtime":2323,"items_purged":["Strike_R","Strike_R"],"score":295,"play_id":"78b09788-1e61-428c-bbe6-1e5c5523cd2a","local_time":"20180928235330","is_ascension_mode":false,"campfire_choices":[{"data":"Rampage","floor":7,"key":"SMITH"},{"floor":15,"key":"REST"},{"data":"Forethought","floor":23,"key":"SMITH"},{"floor":27,"key":"REST"},{"floor":32,"key":"REST"}],"neow_cost":"","seed_source_timestamp":1227525867087695,"circlet_count":0,"master_deck":["Strike_R","Strike_R+1","Strike_R+1","Defend_R","Defend_R","Defend_R","Defend_R+1","Bash+1","Heavy Blade+1","Flex+1","Rampage+1","Dual Wield+1","Cleave","Seeing Red","Armaments","Double Tap","Iron Wave+1","Shrug It Off","Flex","Forethought+1","Infernal Blade","Clothesline","Double Tap","Inflame"],"relics":["Burning Blood","Whetstone","Gremlin Horn","Letter Opener","War Paint","Busted Crown","Question Card","Molten Egg 2","Centennial Puzzle"],"potions_floor_usage":[10,16,16,16,24,25,29],"damage_taken":[{"damage":2,"enemies":"2 Louse","floor":1,"turns":3},{"damage":1,"enemies":"Cultist","floor":2,"turns":3},{"damage":26,"enemies":"Lagavulin","floor":6,"turns":6},{"damage":3,"enemies":"Small Slimes","floor":8,"turns":2},{"damage":32,"enemies":"3 Sentries","floor":10,"turns":7},{"damage":1,"enemies":"3 Louse","floor":12,"turns":2},{"damage":38,"enemies":"The Guardian","floor":16,"turns":13},{"damage":12,"enemies":"2 Thieves","floor":18,"turns":3},{"damage":10,"enemies":"Chosen","floor":19,"turns":3},{"damage":2,"enemies":"Snecko","floor":20,"turns":4},{"damage":34,"enemies":"Book of Stabbing","floor":24,"turns":5},{"damage":32,"enemies":"Cultist and Chosen","floor":25,"turns":7},{"damage":10,"enemies":"Snake Plant","floor":28,"turns":3},{"damage":39,"enemies":"Gremlin Leader","floor":29,"turns":5},{"damage":15,"enemies":"Centurion and Healer","floor":31,"turns":7},{"damage":71,"enemies":"Automaton","floor":33,"turns":6}],"seed_played":"-4067841818383937769","potions_obtained":[{"floor":6,"key":"LiquidBronze"},{"floor":8,"key":"Poison Potion"},{"floor":12,"key":"Poison Potion"},{"floor":14,"key":"PowerPotion"},{"floor":16,"key":"Weak Potion"},{"floor":24,"key":"Regen Potion"},{"floor":25,"key":"Swift Potion"}],"is_trial":false,"path_per_floor":["M","M","?","?","$","E","R","M","T","E","$","M","T","?","R","B",null,"M","M","M","?","$","R","E","M","T","R","M","E","?","M","R"],"character_chosen":"IRONCLAD","items_purchased":["Rampage","Forethought"],"campfire_rested":3,"item_purchase_floors":[5,22],"current_hp_per_floor":[80,80,80,64,64,44,44,47,47,21,21,26,26,26,50,18,80,74,70,74,74,74,74,46,35,35,59,55,22,22,13,37,0],"gold":136,"neow_bonus":"","is_prod":false,"is_daily":false,"chose_seed":false,"campfire_upgraded":2,"win_rate":0,"timestamp":1538175210,"path_taken":["M","M","?","?","$","E","R","M","T","E","?","?","?","?","R","BOSS","M","M","M","?","$","R","E","?","T","R","M","E","?","M","R","BOSS"],"build_version":"2018-09-27","purchased_purges":2,"victory":false,"max_hp_per_floor":[80,80,80,80,80,80,80,80,80,80,80,80,80,80,80,80,80,80,80,80,80,80,80,80,80,80,80,80,80,80,80,80,80],"card_choices":[{"not_picked":["Sword Boomerang","Hemokinesis"],"picked":"Heavy Blade","floor":1},{"not_picked":["Anger","Rupture"],"picked":"Flex","floor":2},{"not_picked":["Impervious","Power Through"],"picked":"Dual Wield","floor":6},{"not_picked":["Iron Wave","Thunderclap"],"picked":"Cleave","floor":8},{"not_picked":["Dual Wield","Wild Strike"],"picked":"Seeing Red","floor":10},{"not_picked":["Wild Strike","Iron Wave"],"picked":"Armaments","floor":12},{"not_picked":["Offering","Bludgeon"],"picked":"Double Tap","floor":16},{"not_picked":[],"picked":"Iron Wave+1","floor":18},{"not_picked":[],"picked":"Shrug It Off","floor":19},{"not_picked":["Second Wind"],"picked":"SKIP","floor":20},{"not_picked":[],"picked":"Infernal Blade","floor":24},{"not_picked":["Anger+1"],"picked":"Clothesline","floor":25},{"not_picked":["Disarm","Heavy Blade+1"],"picked":"SKIP","floor":28},{"not_picked":["Iron Wave+1","Twin Strike+1"],"picked":"SKIP","floor":29},{"not_picked":["Dropkick+1"],"picked":"Inflame","floor":31}],"player_experience":667358,"relics_obtained":[{"floor":6,"key":"Whetstone"},{"floor":9,"key":"Gremlin Horn"},{"floor":10,"key":"Letter Opener"},{"floor":13,"key":"War Paint"},{"floor":24,"key":"Question Card"},{"floor":26,"key":"Molten Egg 2"},{"floor":29,"key":"Centennial Puzzle"}],"event_choices":[{"event_name":"Accursed Blacksmith","player_choice":"Forge","floor":3,"damage_taken":0},{"event_name":"Shining Light","player_choice":"Entered Light","floor":4,"damage_taken":0},{"event_name":"The Woman in Blue","player_choice":"Bought 1 Potion","floor":14,"damage_taken":0},{"event_name":"The Library","player_choice":"Read","floor":21,"damage_taken":0},{"event_name":"Duplicator","player_choice":"One dupe","floor":30,"damage_taken":0}],"is_beta":false,"boss_relics":[{"not_picked":["Runic Pyramid","Lizard Tail"],"picked":"Busted Crown"}],"items_purged_floors":[11,22],"is_endless":false,"potions_floor_spawned":[6,8,12,16,19,24,25],"killed_by":"Automaton","ascension_level":0}