{"gold_per_floor":[218,232,36,50,66,66,98,98,98,127,127,144,155,224,224,328,328,268,119,79,79,79,79,79,79,79,79,79],"floor_reached":28,"playtime":2765,"items_purged":[],"score":353,"play_id":"40b90681-e441-417e-9a29-f666907be336","local_time":"20181023194331","is_ascension_mode":true,"campfire_choices":[{"data":"Neutralize","floor":6,"key":"SMITH"},{"floor":8,"key":"REST"},{"data":"Cloak And Dagger","floor":11,"key":"SMITH"},{"data":"Backstab","floor":15,"key":"SMITH"},{"floor":24,"key":"REST"}],"neow_cost":"NONE","seed_source_timestamp":165575704922037,"circlet_count":0,"master_deck":["Defend_G","Defend_G","Defend_G","Defend_G","Defend_G","Strike_G","Strike_G","Strike_G","Strike_G","Strike_G","Survivor","Neutralize+1","Dagger Spray","Slice","Bandage Up","Backstab+1","Infinite Blades","Cloak And Dagger+1","Deflect","Prepared","Die Die Die","Cloak And Dagger","Well Laid Plans","Phantasmal Killer+1","Masterful Stab","Blade Dance","Blade Dance+1","Slice","Terror"],"special_seed":0,"relics":["Ring of the Snake","Kunai","Pantograph","Pear","Ectoplasm","Pen Nib","Vajra","Unceasing Top"],"potions_floor_usage":[7,18,25,27,27,27,27],"damage_taken":[{"damage":5,"enemies":"Jaw Worm","floor":1,"turns":8},{"damage":0,"enemies":"Small Slimes","floor":2,"turns":3},{"damage":0,"enemies":"2 Louse","floor":4,"turns":2},{"damage":5,"enemies":"Lots of Slimes","floor":5,"turns":4},{"damage":13,"enemies":"Gremlin Nob","floor":7,"turns":4},{"damage":5,"enemies":"Lagavulin","floor":10,"turns":10},{"damage":0,"enemies":"3 Louse","floor":12,"turns":3},{"damage":3,"enemies":"Red Slaver","floor":13,"turns":3},{"damage":73,"enemies":"Hexaghost","floor":16,"turns":17},{"damage":16,"enemies":"2 Thieves","floor":18,"turns":3},{"damage":8,"enemies":"Shell Parasite","floor":21,"turns":5},{"damage":17,"enemies":"3 Cultists","floor":22,"turns":4},{"damage":26,"enemies":"Slavers","floor":23,"turns":6},{"damage":1,"enemies":"Chosen and Byrds","floor":25,"turns":7},{"damage":15,"enemies":"Snake Plant","floor":27,"turns":4},{"damage":33,"enemies":"Gremlin Leader","floor":28,"turns":6}],"seed_played":"6246731695548227449","potions_obtained":[{"floor":2,"key":"Strength Potion"},{"floor":13,"key":"Ancient Potion"},{"floor":16,"key":"FearPotion"},{"floor":18,"key":"PowerPotion"},{"floor":22,"key":"LiquidBronze"},{"floor":25,"key":"EntropicBrew"}],"is_trial":false,"path_per_floor":["M","M","$","M","M","R","E","R","T","E","R","M","M","?","R","B",null,"M","$","?","M","M","E","R","M","T","M"],"character_chosen":"THE_SILENT","items_purchased":["Bandage Up","Backstab","Infinite Blades","Pen Nib"],"campfire_rested":2,"item_purchase_floors":[3,3,3,19],"current_hp_per_floor":[58,58,58,58,57,57,48,69,69,78,78,80,77,77,77,11,63,51,51,51,47,34,12,36,39,39,28,0],"gold":79,"neow_bonus":"HUNDRED_GOLD","is_prod":false,"is_daily":false,"chose_seed":false,"campfire_upgraded":3,"win_rate":0,"timestamp":1540320211,"path_taken":["M","M","$","M","M","R","E","R","T","E","R","M","M","?","R","BOSS","M","$","?","M","?","E","R","M","T","?","E"],"build_version":"2018-10-18","purchased_purges":0,"victory":false,"max_hp_per_floor":[70,70,70,70,70,70,70,70,70,80,80,80,80,80,80,80,80,80,80,80,80,80,80,80,80,80,80,80],"card_choices":[{"not_picked":["Backflip","Caltrops"],"picked":"Dagger Spray","floor":1},{"not_picked":["Quick Slash","Sucker Punch"],"picked":"Slice","floor":2},{"not_picked":["Sucker Punch","Deadly Poison"],"picked":"Cloak And Dagger","floor":4},{"not_picked":["Bouncing Flask","Underhanded Strike"],"picked":"Deflect","floor":5},{"not_picked":["Bane","Night Terror"],"picked":"Prepared","floor":7},{"not_picked":["Deflect","Blade Dance"],"picked":"Die Die Die","floor":10},{"not_picked":["Concentrate","Poisoned Stab"],"picked":"Cloak And Dagger","floor":12},{"not_picked":["Acrobatics","Poisoned Stab"],"picked":"Well Laid Plans","floor":13},{"not_picked":["Tools of the Trade","Die Die Die"],"picked":"Phantasmal Killer","floor":16},{"not_picked":["Sucker Punch","Backflip"],"picked":"Masterful Stab","floor":18},{"not_picked":["Concentrate","Calculated Gamble+1"],"picked":"Blade Dance","floor":21},{"not_picked":["Backflip","Underhanded Strike"],"picked":"Blade Dance+1","floor":22},{"not_picked":["Underhanded Strike","Blade Dance"],"picked":"Slice","floor":23},{"not_picked":["Outmaneuver","Predator","Masterful Stab"],"picked":"SKIP","floor":25},{"not_picked":["Deadly Poison+1","Eviscerate"],"picked":"Terror","floor":27}],"player_experience":736491,"relics_obtained":[{"floor":7,"key":"Kunai"},{"floor":9,"key":"Pantograph"},{"floor":10,"key":"Pear"},{"floor":23,"key":"Vajra"},{"floor":26,"key":"Unceasing Top"}],"event_choices":[{"damage_healed":0,"gold_gain":69,"player_choice":"Gained Gold","damage_taken":0,"max_hp_gain":0,"max_hp_loss":0,"event_name":"Golden Wing","floor":14,"gold_loss":0},{"damage_healed":0,"gold_gain":0,"player_choice":"Upgrade","damage_taken":0,"max_hp_gain":0,"max_hp_loss":0,"event_name":"Designer","floor":20,"gold_loss":40,"cards_upgraded":["Phantasmal Killer"]}],"is_beta":false,"boss_relics":[{"not_picked":["Astrolabe","Black Star"],"picked":"Ectoplasm"}],"items_purged_floors":[],"is_endless":false,"potions_floor_spawned":[2,13,16,18,22,25],"killed_by":"Gremlin Leader","ascension_level":8}