{"path_per_floor":["M","M","?","M","$","R","M","M","T","M","M","R","?","M","R","B",null],"character_chosen":"IRONCLAD","items_purchased":[],"gold_per_floor":[115,131,131,147,72,72,90,108,108,123,140,140,140,150,150,246,246,246],"floor_reached":18,"campfire_rested":0,"playtime":1670,"current_hp_per_floor":[88,86,86,88,88,88,72,68,68,74,80,80,80,86,86,54,88,88],"items_purged":["Bloodletting"],"gold":246,"score":156,"play_id":"1f19d403-8159-4e12-9fb5-9a0af2ff3a7b","local_time":"20180515190249","is_prod":false,"is_daily":false,"chose_seed":false,"is_ascension_mode":false,"campfire_upgraded":3,"timestamp":1526407369,"path_taken":["M","M","?","M","$","R","M","?","T","M","M","R","?","M","R","BOSS","M"],"build_version":"2018-05-10","seed_source_timestamp":170015659261762,"purchased_purges":1,"victory":false,"master_deck":["Strike_R","Strike_R","Strike_R","Strike_R","Defend_R","Defend_R","Defend_R","Defend_R","Bash","Pommel Strike","True Grit+1","Shrug It Off+1","Clash+1","Metallicize","Dropkick","Flex+1","Exhume","Carnage","Shrug It Off","Wild Strike","Anger"],"max_hp_per_floor":[88,88,88,88,88,88,88,88,88,88,88,88,88,88,88,88,88,88],"relics":["Burning Blood","Dream Catcher","Orrery"],"card_choices":[{"not_picked":["Clash","Wild Strike"],"picked":"Pommel Strike","floor":2},{"not_picked":["Fire Breathing","Body Slam"],"picked":"True Grit","floor":4},{"not_picked":["Wild Strike","Havoc"],"picked":"Shrug It Off","floor":7},{"not_picked":["Havoc","Wild Strike"],"picked":"Clash","floor":8},{"not_picked":["Iron Wave","Evolve"],"picked":"Metallicize","floor":10},{"not_picked":["Anger","Body Slam"],"picked":"Dropkick","floor":11},{"not_picked":["Rage","Heavy Blade"],"picked":"Flex","floor":14},{"not_picked":["Dark Embrace","Impervious"],"picked":"Exhume","floor":16},{"not_picked":["Headbutt","Disarm"],"picked":"Carnage","floor":17},{"not_picked":["Bloodletting","Perfected Strike"],"picked":"Shrug It Off","floor":17},{"not_picked":["Rupture","Clash"],"picked":"Wild Strike","floor":17},{"not_picked":["Metallicize","Body Slam"],"picked":"Anger","floor":17}],"player_experience":154500,"potions_floor_usage":[],"damage_taken":[{"damage":3,"enemies":"Small Slimes","floor":1,"turns":4},{"damage":8,"enemies":"Cultist","floor":2,"turns":5},{"damage":4,"enemies":"Jaw Worm","floor":4,"turns":4},{"damage":22,"enemies":"Lots of Slimes","floor":7,"turns":9},{"damage":10,"enemies":"Exordium Wildlife","floor":8,"turns":6},{"damage":0,"enemies":"Large Slime","floor":10,"turns":6},{"damage":0,"enemies":"Looter","floor":11,"turns":5},{"damage":0,"enemies":"Blue Slaver","floor":14,"turns":4},{"damage":38,"enemies":"The Guardian","floor":16,"turns":13},{"damage":0,"enemies":"Spheric Guardian","floor":18,"turns":3}],"event_choices":[{"event_name":"Transmorgrifier","player_choice":"Transform","floor":3,"damage_taken":0},{"event_name":"Living Wall","player_choice":"Grow","floor":13,"damage_taken":0}],"boss_relics":[{"not_picked":["Tiny House","Ectoplasm"],"picked":"Orrery"}],"potions_floor_spawned":[2,8,10,16],"seed_played":"-6403367777891610255","killed_by":"Spheric Guardian","ascension_level":0,"is_trial":false}