{"gold_per_floor":[118,193,193,81,97,97,97,97,97,107,107,25,25,44,44,145,145,156,156,0,20,39,39,70,70,93,19,37,54,54,54,54,54],"floor_reached":33,"playtime":1093,"items_purged":["Strike_G"],"score":380,"play_id":"6e4ec724-51d2-4bb4-8bea-18ab13dc0260","local_time":"20190609012105","is_ascension_mode":true,"campfire_choices":[{"data":"Cloak And Dagger","floor":6.0,"key":"SMITH"},{"floor":11.0,"key":"REST"},{"data":"Accuracy","floor":13.0,"key":"SMITH"},{"data":"Infinite Blades","floor":15.0,"key":"SMITH"},{"data":"Choke","floor":23,"key":"SMITH"},{"floor":25,"key":"REST"},{"floor":32,"key":"REST"}],"neow_cost":"NONE","seed_source_timestamp":0,"circlet_count":0,"master_deck":["AscendersBane","Survivor","Neutralize","All Out Attack+1","Infinite Blades+1","Cloak And Dagger+1","Accuracy+1","Backstab","Storm of Steel+1","Choke+1","Finisher","Die Die Die","Accuracy"],"special_seed":0,"relics":["Ring of the Snake","Ice Cream","Pandora\u0027s Box","Blood Vial","PreservedInsect","Art of War"],"potions_floor_usage":[22,24,28],"damage_taken":[{"damage":0.0,"enemies":"2 Louse","floor":1.0,"turns":3.0},{"damage":7.0,"enemies":"Small Slimes","floor":5.0,"turns":3.0},{"damage":0.0,"enemies":"Jaw Worm","floor":10.0,"turns":3.0},{"damage":0.0,"enemies":"Red Slaver","floor":14.0,"turns":4.0},{"damage":22.0,"enemies":"Slime Boss","floor":16.0,"turns":8.0},{"damage":0.0,"enemies":"3 Byrds","floor":18.0,"turns":3.0},{"damage":5.0,"enemies":"2 Thieves","floor":21.0,"turns":3.0},{"damage":9,"enemies":"Centurion and Healer","floor":22,"turns":4},{"damage":33,"enemies":"Book of Stabbing","floor":24,"turns":5},{"damage":14,"enemies":"Snecko","floor":28,"turns":4},{"damage":22,"enemies":"Snake Plant","floor":29,"turns":4},{"damage":30,"enemies":"Automaton","floor":33,"turns":4}],"seed_played":"5154551572593912816","potions_obtained":[{"floor":5.0,"key":"Ancient Potion"},{"floor":14.0,"key":"Block Potion"},{"floor":16.0,"key":"Fire Potion"},{"floor":21.0,"key":"Dexterity Potion"},{"floor":22,"key":"Swift Potion"}],"is_trial":false,"path_per_floor":["M","?","?","$","M","R","?","?","T","M","R","$","R","M","R","B",null,"M","?","$","M","M","R","E","R","T","$","M","M","?","$","R","B"],"character_chosen":"THE_SILENT","items_purchased":["Infinite Blades","Accuracy","Blood Vial","Die Die Die"],"campfire_rested":3,"item_purchase_floors":[4,12,20,27],"current_hp_per_floor":[63,52,52,52,45,45,31,24,24,24,45,45,45,45,45,23,58,58,58,58,55,48,48,17,38,38,38,26,6,6,6,27,0],"gold":54,"neow_bonus":"THREE_CARDS","is_prod":false,"is_daily":false,"chose_seed":false,"campfire_upgraded":4,"win_rate":0,"timestamp":1560068465,"path_taken":["M","?","?","$","M","R","?","?","T","M","R","$","R","M","R","BOSS","M","?","$","M","?","R","E","R","T","?","?","M","?","$","R","BOSS"],"build_version":"2019-01-23","purchased_purges":1,"victory":false,"max_hp_per_floor":[70,70,70,70,70,70,70,70,70,70,70,70,70,70,70,70,70,70,70,70,70,70,70,70,70,70,70,70,70,70,70,70,70],"card_choices":[{"not_picked":["Calculated Gamble","Poisoned Stab"],"picked":"All Out Attack","floor":0.0},{"not_picked":["Poisoned Stab","Slice","Calculated Gamble"],"picked":"SKIP","floor":1.0},{"not_picked":["Dash","Dodge and Roll"],"picked":"Cloak And Dagger","floor":5.0},{"not_picked":["Poisoned Stab","Dagger Spray","Heel Hook"],"picked":"SKIP","floor":10.0},{"not_picked":["Acrobatics","Dash"],"picked":"Backstab","floor":14.0},{"not_picked":["Doppelganger","Unload"],"picked":"Storm of Steel","floor":16.0},{"not_picked":["Escape Plan","Masterful Stab","Bane+1"],"picked":"SKIP","floor":18.0},{"not_picked":["Dagger Spray","Slice"],"picked":"Choke","floor":21.0},{"not_picked":["Distraction","Deflect+1","Choke+1"],"picked":"SKIP","floor":22},{"not_picked":["Dash","Slice"],"picked":"Finisher","floor":24},{"not_picked":["Poisoned Stab","Dagger Spray","Quick Slash"],"picked":"SKIP","floor":28},{"not_picked":["Backflip","Endless Agony"],"picked":"Accuracy","floor":29}],"player_experience":448719,"relics_obtained":[{"floor":9.0,"key":"Ice Cream"},{"floor":24,"key":"PreservedInsect"},{"floor":26,"key":"Art of War"}],"event_choices":[{"damage_healed":0.0,"max_hp_gain":0.0,"max_hp_loss":0.0,"gold_gain":75.0,"event_name":"World of Goop","player_choice":"Gather Gold","floor":2.0,"gold_loss":0.0,"damage_taken":11.0},{"damage_healed":0.0,"max_hp_gain":0.0,"max_hp_loss":0.0,"gold_gain":0.0,"event_name":"Liars Game","player_choice":"Ignored","floor":3.0,"gold_loss":0.0,"damage_taken":0.0},{"damage_healed":0.0,"max_hp_gain":0.0,"max_hp_loss":0.0,"gold_gain":0.0,"event_name":"Shining Light","player_choice":"Entered Light","floor":7.0,"gold_loss":0.0,"damage_taken":14.0,"cards_upgraded":["All Out Attack","Strike_G"]},{"cards_removed":["Defend_G"],"damage_healed":0.0,"max_hp_gain":0.0,"max_hp_loss":0.0,"gold_gain":0.0,"event_name":"Golden Wing","player_choice":"Card Removal","floor":8.0,"gold_loss":0.0,"damage_taken":7.0},{"damage_healed":0.0,"max_hp_gain":0.0,"max_hp_loss":0.0,"gold_gain":0.0,"event_name":"Accursed Blacksmith","player_choice":"Forge","floor":19.0,"gold_loss":0.0,"damage_taken":0.0,"cards_upgraded":["Storm of Steel"]},{"damage_healed":0,"gold_gain":0,"player_choice":"Ignored","damage_taken":0,"max_hp_gain":0,"max_hp_loss":0,"event_name":"Vampires","floor":30,"gold_loss":0}],"is_beta":false,"boss_relics":[{"not_picked":["Coffee Dripper","Philosopher\u0027s Stone"],"picked":"Pandora\u0027s Box"}],"items_purged_floors":[4],"is_endless":false,"potions_floor_spawned":[5,14,16,21,22],"killed_by":"Automaton","ascension_level":10}