{"gold_per_floor":[117,117,23,88,107,107,142,158,185,199,199,8,33,208,208,312,312,312,262,262,262,262,262,262,117,117,117,117,117,117,117],"floor_reached":31,"playtime":1282,"items_purged":[],"score":430,"play_id":"c8a066f6-b611-4fe7-b52b-3028fd4ae475","local_time":"20181116193813","is_ascension_mode":true,"campfire_choices":[{"data":"Flame Barrier","floor":6,"key":"SMITH"},{"data":"Whirlwind","floor":11,"key":"SMITH"},{"data":"Anger","floor":15,"key":"SMITH"},{"data":"Heavy Blade","floor":23,"key":"SMITH"},{"floor":28,"key":"REST"}],"neow_cost":"NONE","seed_source_timestamp":248571451216448,"circlet_count":0,"master_deck":["Strike_R","Strike_R","Strike_R","Strike_R","Strike_R","Defend_R","Defend_R","Defend_R","Defend_R","Bash+1","Flame Barrier+1","Inflame","Anger+1","Cleave","Whirlwind+1","Fire Breathing","Inflame","Seeing Red","Reaper","Ghostly Armor","Heavy Blade+1","Rampage","Barricade","Spot Weakness+1","Entrench","Armaments"],"relics":["Burning Blood","NeowsBlessing","PreservedInsect","Omamori","HandDrill","Juzu Bracelet","Ectoplasm","Old Coin","Boot","Girya"],"potions_floor_usage":[13,16,16,27,29],"damage_taken":[{"damage":0,"enemies":"Small Slimes","floor":1,"turns":1},{"damage":0,"enemies":"2 Louse","floor":5,"turns":1},{"damage":0,"enemies":"3 Sentries","floor":7,"turns":2},{"damage":9,"enemies":"Jaw Worm","floor":8,"turns":3},{"damage":0,"enemies":"Lots of Slimes","floor":10,"turns":1},{"damage":0,"enemies":"Gremlin Nob","floor":13,"turns":2},{"damage":28,"enemies":"The Guardian","floor":16,"turns":11},{"damage":7,"enemies":"Chosen","floor":18,"turns":4},{"damage":0,"enemies":"3 Byrds","floor":21,"turns":3},{"damage":49,"enemies":"Slavers","floor":24,"turns":4},{"damage":33,"enemies":"Book of Stabbing","floor":27,"turns":4},{"damage":32,"enemies":"Snecko","floor":29,"turns":4},{"damage":27,"enemies":"Centurion and Healer","floor":30,"turns":5},{"damage":32,"enemies":"Sentry and Sphere","floor":31,"turns":3}],"seed_played":"1703944328688930773","potions_obtained":[{"floor":1,"key":"SpeedPotion"},{"floor":10,"key":"Fire Potion"},{"floor":13,"key":"SpeedPotion"},{"floor":16,"key":"BloodPotion"},{"floor":21,"key":"Ancient Potion"},{"floor":27,"key":"Regen Potion"}],"is_trial":false,"path_per_floor":["M","?","$","?","M","R","E","M","T","M","R","$","E","?","R","B",null,"M","?","?","M","$","R","E","$","T","E","R","M","M","M"],"character_chosen":"IRONCLAD","items_purchased":["Inflame","Anger","HandDrill","Barricade"],"campfire_rested":1,"item_purchase_floors":[3,3,12,25],"current_hp_per_floor":[78,78,78,78,80,80,80,77,77,80,80,80,80,80,80,58,75,80,80,80,80,80,80,37,37,37,24,48,39,26,0],"gold":117,"neow_bonus":"THREE_ENEMY_KILL","is_prod":false,"is_daily":false,"chose_seed":false,"campfire_upgraded":4,"win_rate":0,"timestamp":1542397093,"path_taken":["M","?","$","?","M","R","E","M","T","M","R","$","E","?","R","BOSS","M","?","?","M","$","R","E","$","T","E","R","M","M","M"],"build_version":"2018-11-08","purchased_purges":0,"victory":false,"max_hp_per_floor":[80,80,80,80,80,80,80,80,80,80,80,80,80,80,80,80,80,80,80,80,80,80,80,80,80,80,80,80,80,80,80],"card_choices":[{"not_picked":["Intimidate","Shrug It Off"],"picked":"Flame Barrier","floor":1},{"not_picked":["Reckless Charge","Warcry"],"picked":"Cleave","floor":5},{"not_picked":["Thunderclap","Flex"],"picked":"Whirlwind","floor":7},{"not_picked":["Immolate","Twin Strike"],"picked":"Fire Breathing","floor":8},{"not_picked":["Pummel","Clothesline"],"picked":"Inflame","floor":10},{"not_picked":["Anger","Clothesline"],"picked":"Seeing Red","floor":13},{"not_picked":["Immolate","Dark Embrace"],"picked":"Reaper","floor":16},{"not_picked":["Flex","Anger+1"],"picked":"Ghostly Armor","floor":18},{"not_picked":["Wild Strike","Hemokinesis+1","Cleave"],"picked":"SKIP","floor":21},{"not_picked":["Fire Breathing","Warcry"],"picked":"Rampage","floor":24},{"not_picked":["Power Through","Double Tap"],"picked":"Spot Weakness+1","floor":27},{"not_picked":["Flex","Anger"],"picked":"Entrench","floor":29},{"not_picked":["Havoc","Searing Blow"],"picked":"Armaments","floor":30}],"player_experience":843194,"relics_obtained":[{"floor":7,"key":"PreservedInsect"},{"floor":9,"key":"Omamori"},{"floor":13,"key":"Juzu Bracelet"},{"floor":24,"key":"Old Coin"},{"floor":26,"key":"Boot"},{"floor":27,"key":"Girya"}],"event_choices":[{"damage_healed":0,"gold_gain":0,"player_choice":"Grow","damage_taken":0,"max_hp_gain":0,"max_hp_loss":0,"event_name":"Living Wall","floor":2,"gold_loss":0,"cards_upgraded":["Bash"]},{"damage_healed":0,"gold_gain":65,"player_choice":"Gained Gold","damage_taken":0,"max_hp_gain":0,"max_hp_loss":0,"event_name":"Golden Wing","floor":4,"gold_loss":0},{"damage_healed":0,"gold_gain":175,"player_choice":"AGREE","damage_taken":0,"max_hp_gain":0,"max_hp_loss":0,"event_name":"Liars Game","floor":14,"gold_loss":0,"cards_obtained":["Doubt"]},{"damage_healed":0,"gold_gain":100,"player_choice":"Bet on Murderer","damage_taken":0,"max_hp_gain":0,"max_hp_loss":0,"event_name":"The Joust","floor":19,"gold_loss":50},{"damage_healed":0,"gold_gain":0,"player_choice":"Read","damage_taken":0,"max_hp_gain":0,"max_hp_loss":0,"event_name":"The Library","floor":20,"gold_loss":0,"cards_obtained":["Heavy Blade"]}],"is_beta":false,"boss_relics":[{"not_picked":["Philosopher\u0027s Stone","Orrery"],"picked":"Ectoplasm"}],"items_purged_floors":[],"is_endless":false,"potions_floor_spawned":[1,10,13,16,21,27],"killed_by":"Sentry and Sphere","ascension_level":6}