{"gold_per_floor":[119,119,70,82,92,118,118,138,138,150,166,166,166,198,198,300,300,318,331,331,331,72,72,83,113,113,113,132,132,51,51,51,152,152,172,29,29,29,29,29,58,158,158,158,185,185,29,29,29,29],"floor_reached":51,"playtime":1568,"items_purged":[],"score":890,"play_id":"d7883dd1-53a2-4fae-ba32-cabd520a09df","local_time":"20190527075303","is_ascension_mode":true,"campfire_choices":[{"floor":7.0,"key":"REST"},{"floor":13.0,"key":"REST"},{"floor":15.0,"key":"REST"},{"data":"Noxious Fumes","floor":23.0,"key":"SMITH"},{"data":"Footwork","floor":29.0,"key":"SMITH"},{"data":"Neutralize","floor":32.0,"key":"SMITH"},{"data":"Bane","floor":40,"key":"SMITH"},{"data":"Quick Slash","floor":46,"key":"SMITH"},{"data":"Caltrops","floor":49,"key":"SMITH"}],"neow_cost":"NONE","seed_source_timestamp":0,"circlet_count":0,"master_deck":["Defend_G+1","Defend_G+1","Defend_G+1","Defend_G+1","Defend_G+1","Strike_G+1","Strike_G+1","Strike_G+1","Strike_G+1","Survivor+1","Neutralize+1","Sucker Punch","Bane+1","Footwork+1","Noxious Fumes+1","Caltrops+1","Dagger Throw","Dagger Spray","Crippling Poison+1","Bullet Time+1","Quick Slash+1","Deadly Poison+1","Bouncing Flask+1","Dash+1","Bane+1","Writhe"],"special_seed":0,"relics":["Runic Pyramid","Meat on the Bone","Toxic Egg 2","Unceasing Top","Coffee Dripper","Pear","Turnip","Paper Crane","Velvet Choker","War Paint","Mummified Hand","Calipers","Frozen Egg 2","Lantern","Happy Flower"],"potions_floor_usage":[50],"damage_taken":[{"damage":5.0,"enemies":"Small Slimes","floor":1.0,"turns":4.0},{"damage":7.0,"enemies":"Jaw Worm","floor":4.0,"turns":4.0},{"damage":8.0,"enemies":"2 Louse","floor":5.0,"turns":3.0},{"damage":34.0,"enemies":"Gremlin Nob","floor":6.0,"turns":5.0},{"damage":7.0,"enemies":"Looter","floor":8.0,"turns":4.0},{"damage":6.0,"enemies":"2 Fungi Beasts","floor":10.0,"turns":4.0},{"damage":0.0,"enemies":"Large Slime","floor":11.0,"turns":4.0},{"damage":10.0,"enemies":"3 Sentries","floor":14.0,"turns":6.0},{"damage":32.0,"enemies":"Hexaghost","floor":16.0,"turns":11.0},{"damage":18.0,"enemies":"Spheric Guardian","floor":18.0,"turns":5.0},{"damage":25.0,"enemies":"2 Thieves","floor":19.0,"turns":3.0},{"damage":27.0,"enemies":"Sentry and Sphere","floor":24.0,"turns":6.0},{"damage":24.0,"enemies":"Slavers","floor":25.0,"turns":4.0},{"damage":13.0,"enemies":"Centurion and Healer","floor":28.0,"turns":6.0},{"damage":28.0,"enemies":"Collector","floor":33.0,"turns":8.0},{"damage":28,"enemies":"3 Shapes","floor":35,"turns":5},{"damage":0,"enemies":"Nemesis","floor":41,"turns":7},{"damage":3,"enemies":"Mind Bloom Boss Battle","floor":42,"turns":6},{"damage":14,"enemies":"Time Eater","floor":50,"turns":12}],"seed_played":"7447889916079602079","potions_obtained":[{"floor":6.0,"key":"SneckoOil"},{"floor":11.0,"key":"Explosive Potion"},{"floor":14.0,"key":"Fire Potion"},{"floor":16.0,"key":"Weak Potion"},{"floor":24.0,"key":"EssenceOfSteel"},{"floor":28.0,"key":"Energy Potion"},{"floor":35,"key":"SpeedPotion"},{"floor":42,"key":"Poison Potion"}],"is_trial":false,"path_per_floor":["M","?","$","M","M","E","R","M","T","M","M","?","R","E","R","B",null,"M","M","?","?","$","R","M","E","T","?","M","R","$","?","R","B",null,"M","$","?","$","?","R","E","?","T","?","T","R","$","?","R","B",null],"character_chosen":"THE_SILENT","items_purchased":["Bane","Pear","Bouncing Flask+1","War Paint","Happy Flower"],"campfire_rested":3,"item_purchase_floors":[3,22,30,36,47],"current_hp_per_floor":[65,65,65,58,50,16,37,42,42,36,36,36,57,47,68,36,62,44,31,54,54,64,64,49,37,37,37,36,36,36,36,36,20,65,49,49,49,49,49,49,49,46,46,46,46,46,46,66,66,52],"gold":29,"neow_bonus":"BOSS_RELIC","is_prod":false,"is_daily":false,"chose_seed":false,"campfire_upgraded":6,"win_rate":0,"timestamp":1558957983,"path_taken":["M","?","$","M","M","E","R","M","T","M","M","?","R","E","R","BOSS","M","M","?","?","$","R","M","E","T","?","M","R","$","?","R","BOSS","M","$","?","$","?","R","E","?","T","?","?","R","?","?","R","BOSS"],"build_version":"2019-01-23","purchased_purges":0,"victory":true,"max_hp_per_floor":[70,70,70,70,70,70,70,70,70,70,70,70,70,70,70,70,70,70,70,70,70,80,80,80,80,80,80,80,80,80,80,80,80,80,80,80,80,80,80,80,80,80,80,80,80,80,80,80,80,80],"card_choices":[{"not_picked":["Prepared","Calculated Gamble"],"picked":"Sucker Punch","floor":1.0},{"not_picked":["Cloak And Dagger","Bane"],"picked":"Footwork","floor":4.0},{"not_picked":["Expertise","Dagger Throw"],"picked":"Noxious Fumes","floor":5.0},{"not_picked":["Heel Hook","Dodge and Roll"],"picked":"Caltrops","floor":6.0},{"not_picked":["Bane","All Out Attack"],"picked":"Dagger Throw","floor":8.0},{"not_picked":["Infinite Blades","Slice","Backflip+1"],"picked":"SKIP","floor":10.0},{"not_picked":["Acrobatics+1","All Out Attack"],"picked":"Dagger Spray","floor":11.0},{"not_picked":["Doppelganger+1","Endless Agony"],"picked":"Crippling Poison+1","floor":14.0},{"not_picked":["Grand Finale","Envenom"],"picked":"Bullet Time+1","floor":16.0},{"not_picked":["Expertise+1","Underhanded Strike+1"],"picked":"Quick Slash","floor":18.0},{"not_picked":["Prepared+1","All Out Attack+1"],"picked":"Deadly Poison+1","floor":19.0},{"not_picked":["Acrobatics+1","Cloak And Dagger+1","Concentrate+1"],"picked":"SKIP","floor":24.0},{"not_picked":["Acrobatics+1","Blade Dance+1","Outmaneuver+1"],"picked":"SKIP","floor":25.0},{"not_picked":["Masterful Stab","Slice","Endless Agony"],"picked":"SKIP","floor":28.0},{"not_picked":["Heel Hook","Backflip+1"],"picked":"Dash+1","floor":35},{"not_picked":["Bane+1","Well Laid Plans+1","Deadly Poison+1"],"picked":"SKIP","floor":41},{"not_picked":["Flying Knee","Choke"],"picked":"Bane+1","floor":42}],"player_experience":356589,"relics_obtained":[{"floor":6.0,"key":"Meat on the Bone"},{"floor":9.0,"key":"Toxic Egg 2"},{"floor":14.0,"key":"Unceasing Top"},{"floor":25.0,"key":"Turnip"},{"floor":26.0,"key":"Paper Crane"},{"floor":41,"key":"Mummified Hand"},{"floor":42,"key":"Calipers"},{"floor":43,"key":"Frozen Egg 2"},{"floor":45,"key":"Lantern"}],"event_choices":[{"cards_removed":["Strike_G"],"damage_healed":0.0,"max_hp_gain":0.0,"max_hp_loss":0.0,"gold_gain":0.0,"event_name":"Living Wall","player_choice":"Forget","floor":2.0,"gold_loss":0.0,"damage_taken":0.0},{"damage_healed":0.0,"max_hp_gain":0.0,"max_hp_loss":0.0,"gold_gain":0.0,"event_name":"Golden Wing","player_choice":"Ignored","floor":12.0,"gold_loss":0.0,"damage_taken":0.0},{"damage_healed":23.0,"max_hp_gain":0.0,"max_hp_loss":0.0,"gold_gain":0.0,"event_name":"The Library","player_choice":"Heal","floor":20.0,"gold_loss":0.0,"damage_taken":0.0},{"damage_healed":0.0,"max_hp_gain":0.0,"max_hp_loss":0.0,"gold_gain":0.0,"event_name":"The Mausoleum","player_choice":"Ignored","floor":21.0,"gold_loss":0.0,"damage_taken":0.0},{"damage_healed":0.0,"max_hp_gain":0.0,"max_hp_loss":0.0,"gold_gain":0.0,"event_name":"Back to Basics","player_choice":"Simplicity","floor":27.0,"gold_loss":0.0,"damage_taken":0.0,"cards_upgraded":["Defend_G","Defend_G","Defend_G","Defend_G","Defend_G","Strike_G","Strike_G","Strike_G","Strike_G"]},{"damage_healed":0.0,"max_hp_gain":0.0,"max_hp_loss":0.0,"gold_gain":0.0,"event_name":"Cursed Tome","player_choice":"Ignored","floor":31.0,"gold_loss":0.0,"damage_taken":0.0},{"damage_healed":0,"gold_gain":0,"player_choice":"Ignored","damage_taken":0,"max_hp_gain":0,"max_hp_loss":0,"event_name":"Mysterious Sphere","floor":37,"gold_loss":0},{"damage_healed":0,"gold_gain":0,"player_choice":"Memory 1","damage_taken":0,"max_hp_gain":0,"max_hp_loss":0,"event_name":"SensoryStone","floor":39,"gold_loss":0},{"damage_healed":0,"gold_gain":0,"player_choice":"Fight","damage_taken":0,"max_hp_gain":0,"max_hp_loss":0,"event_name":"MindBloom","floor":42,"gold_loss":0},{"damage_healed":0,"gold_gain":0,"player_choice":"Ignored","damage_taken":0,"max_hp_gain":0,"max_hp_loss":0,"event_name":"Tomb of Lord Red Mask","floor":44,"gold_loss":0},{"damage_healed":20,"gold_gain":0,"player_choice":"Writhe","damage_taken":0,"max_hp_gain":0,"max_hp_loss":0,"event_name":"Winding Halls","floor":48,"gold_loss":0,"cards_obtained":["Writhe"]}],"is_beta":false,"boss_relics":[{"not_picked":["Lizard Tail","Astrolabe"],"picked":"Coffee Dripper"},{"not_picked":["Tiny House","Eternal Feather"],"picked":"Velvet Choker"}],"items_purged_floors":[],"is_endless":false,"potions_floor_spawned":[6,11,14,16,24,28,35,42],"ascension_level":5}