{"gold_per_floor":[109,109,5,5,5,5,21,21,21,53,53,53,69,120,120,120],"floor_reached":16,"playtime":305,"items_purged":["Strike_R"],"score":178,"play_id":"5da55350-1f83-4b2d-98b2-6d1215bd3b38","local_time":"20190516215757","is_ascension_mode":true,"campfire_choices":[{"data":"Clash","floor":6,"key":"SMITH"},{"data":"Bash","floor":8,"key":"SMITH"},{"floor":15,"key":"REST"}],"neow_cost":"TEN_PERCENT_HP_LOSS","seed_source_timestamp":30809494803000,"circlet_count":0,"master_deck":["AscendersBane","Strike_R","Strike_R+1","Strike_R","Defend_R","Defend_R+1","Defend_R","Defend_R","Bash+1","Limit Break","Sword Boomerang","Clash+1"],"relics":["Burning Blood","Boot","Ornamental Fan","Golden Idol","Smiling Mask"],"potions_floor_usage":[10],"damage_taken":[{"damage":5,"enemies":"2 Louse","floor":1,"turns":3},{"damage":0,"enemies":"Jaw Worm","floor":7,"turns":3},{"damage":23,"enemies":"Lagavulin","floor":10,"turns":5},{"damage":7,"enemies":"Small Slimes","floor":13,"turns":3},{"damage":53,"enemies":"Hexaghost","floor":16,"turns":10}],"seed_played":"6780031053496890869","potions_obtained":[{"floor":7,"key":"Block Potion"}],"is_trial":false,"path_per_floor":["M","?","$","?","?","R","M","R","T","E","$","?","M","T","R","B"],"character_chosen":"IRONCLAD","items_purchased":["Clash"],"campfire_rested":1,"item_purchase_floors":[3],"current_hp_per_floor":[68,61,61,61,41,41,47,47,47,30,30,30,29,29,47,0],"gold":120,"neow_bonus":"THREE_RARE_CARDS","is_prod":false,"is_daily":false,"chose_seed":false,"campfire_upgraded":2,"win_rate":0,"timestamp":1558069077,"path_taken":["M","?","$","?","?","R","M","R","T","E","?","?","M","?","R","BOSS"],"build_version":"2019-01-23","purchased_purges":1,"victory":false,"max_hp_per_floor":[68,68,68,68,68,68,68,68,68,68,68,62,62,62,62,62],"card_choices":[{"not_picked":["Brutality","Impervious"],"picked":"Limit Break","floor":0},{"not_picked":["Feel No Pain","Havoc"],"picked":"Sword Boomerang","floor":1},{"not_picked":["Clothesline","Havoc","Perfected Strike"],"picked":"SKIP","floor":7},{"not_picked":["Rupture","Blood for Blood","Combust"],"picked":"SKIP","floor":10},{"not_picked":["Searing Blow","Clash","Havoc"],"picked":"SKIP","floor":13}],"player_experience":393535,"relics_obtained":[{"floor":9,"key":"Boot"},{"floor":10,"key":"Ornamental Fan"},{"floor":14,"key":"Smiling Mask"}],"event_choices":[{"cards_removed":["Strike_R"],"damage_healed":0,"gold_gain":0,"player_choice":"Card Removal","damage_taken":7,"max_hp_gain":0,"max_hp_loss":0,"event_name":"Golden Wing","floor":2,"gold_loss":0},{"damage_healed":0,"gold_gain":0,"player_choice":"Ignored","damage_taken":0,"max_hp_gain":0,"max_hp_loss":0,"event_name":"Liars Game","floor":4,"gold_loss":0},{"damage_healed":0,"gold_gain":0,"player_choice":"Entered Light","damage_taken":20,"max_hp_gain":0,"max_hp_loss":0,"event_name":"Shining Light","floor":5,"gold_loss":0,"cards_upgraded":["Defend_R","Strike_R"]},{"damage_healed":0,"gold_gain":0,"player_choice":"Lose Max HP","damage_taken":0,"relics_obtained":["Golden Idol"],"max_hp_gain":0,"max_hp_loss":6,"event_name":"Golden Idol","floor":12,"gold_loss":0}],"is_beta":false,"boss_relics":[],"items_purged_floors":[3],"is_endless":false,"potions_floor_spawned":[7],"killed_by":"Hexaghost","ascension_level":17}