{"gold_per_floor":[365,384,399,32,45,80,80,94,94,50,50,64,64,96,96,96],"floor_reached":16,"playtime":364,"items_purged":["Strike_R"],"score":202,"play_id":"b70c15b5-8999-4736-88b5-071e07d76a38","local_time":"20190514122009","is_ascension_mode":true,"campfire_choices":[{"data":"Flex","floor":7.0,"key":"SMITH"},{"data":"Flex","floor":13.0,"key":"SMITH"},{"data":"Thunderclap","floor":15.0,"key":"SMITH"}],"neow_cost":"PERCENT_DAMAGE","seed_source_timestamp":0,"circlet_count":0,"master_deck":["AscendersBane","Strike_R","Strike_R","Strike_R","Strike_R","Defend_R","Defend_R","Defend_R","Defend_R","Bash","Thunderclap+1","Flex+1","Flex+1","Parasite","Twin Strike+1"],"special_seed":0,"relics":["Burning Blood","Shuriken","Red Skull","Molten Egg 2","Anchor"],"potions_floor_usage":[16],"damage_taken":[{"damage":14.0,"enemies":"Jaw Worm","floor":1.0,"turns":4.0},{"damage":7.0,"enemies":"Small Slimes","floor":2.0,"turns":4.0},{"damage":0.0,"enemies":"2 Louse","floor":3.0,"turns":3.0},{"damage":11.0,"enemies":"Blue Slaver","floor":5.0,"turns":4.0},{"damage":24.0,"enemies":"Gremlin Nob","floor":6.0,"turns":4.0},{"damage":17.0,"enemies":"Exordium Thugs","floor":8.0,"turns":4.0},{"damage":0.0,"enemies":"2 Fungi Beasts","floor":12.0,"turns":2.0},{"damage":5.0,"enemies":"3 Sentries","floor":14.0,"turns":4.0},{"damage":38,"enemies":"Slime Boss","floor":16,"turns":3}],"seed_played":"1499961484056299175","potions_obtained":[{"floor":3.0,"key":"GamblersBrew"},{"floor":5.0,"key":"SpeedPotion"},{"floor":8.0,"key":"AttackPotion"},{"floor":14.0,"key":"SkillPotion"}],"is_trial":false,"path_per_floor":["M","M","M","$","M","E","R","M","T","?","?","M","R","E","R","B"],"character_chosen":"IRONCLAD","items_purchased":["Shuriken","Flex"],"campfire_rested":0,"item_purchase_floors":[4,4],"current_hp_per_floor":[42,41,47,47,42,24,24,13,13,13,31,37,37,38,38,0],"gold":96,"neow_bonus":"TWO_FIFTY_GOLD","is_prod":false,"is_daily":false,"chose_seed":false,"campfire_upgraded":3,"win_rate":0,"timestamp":1557861609,"path_taken":["M","M","M","$","M","E","R","M","T","?","?","M","R","E","R","BOSS"],"build_version":"2019-01-23","purchased_purges":1,"victory":false,"max_hp_per_floor":[75,75,75,75,75,75,75,75,75,75,75,75,75,75,75,75],"card_choices":[{"not_picked":["Anger","Inflame","True Grit"],"picked":"SKIP","floor":1.0},{"not_picked":["Wild Strike","Dropkick"],"picked":"Thunderclap","floor":2.0},{"not_picked":["Body Slam","Warcry","Intimidate"],"picked":"SKIP","floor":3.0},{"not_picked":["Havoc","Shrug It Off","True Grit"],"picked":"SKIP","floor":5.0},{"not_picked":["Iron Wave","Clothesline","Perfected Strike"],"picked":"SKIP","floor":6.0},{"not_picked":["Cleave","Headbutt"],"picked":"Flex","floor":8.0},{"not_picked":["True Grit","Juggernaut"],"picked":"Twin Strike+1","floor":12.0},{"not_picked":["Havoc","Armaments","Shockwave"],"picked":"SKIP","floor":14.0}],"player_experience":386431,"relics_obtained":[{"floor":6.0,"key":"Red Skull"},{"floor":9.0,"key":"Molten Egg 2"},{"floor":14.0,"key":"Anchor"}],"event_choices":[{"damage_healed":0.0,"max_hp_gain":0.0,"max_hp_loss":0.0,"gold_gain":0.0,"event_name":"World of Goop","player_choice":"Left Gold","floor":10.0,"gold_loss":44.0,"damage_taken":0.0},{"damage_healed":18.0,"max_hp_gain":0.0,"max_hp_loss":0.0,"gold_gain":0.0,"event_name":"Mushrooms","player_choice":"Healed and dodged fight","floor":11.0,"gold_loss":0.0,"damage_taken":0.0,"cards_obtained":["Parasite"]}],"is_beta":false,"boss_relics":[],"items_purged_floors":[4],"is_endless":false,"potions_floor_spawned":[3,5,6,8,14],"killed_by":"Slime Boss","ascension_level":16}