{"gold_per_floor":[114,114,129,79,79,79,94,94,94,109,109,159,159,9,9,9],"floor_reached":16,"playtime":1114,"items_purged":[],"score":88,"play_id":"e353d63c-9087-4124-9d51-8a9245bbced1","local_time":"20190205225114","daily_mods":["Shiny","Flight","Binary"],"is_ascension_mode":false,"campfire_choices":[{"data":"Double Tap","floor":6,"key":"SMITH"},{"data":"Heavy Blade","floor":8,"key":"SMITH"},{"data":"Rage","floor":11,"key":"SMITH"},{"data":"Immolate","floor":13,"key":"SMITH"},{"data":"Barricade","floor":15,"key":"SMITH"}],"neow_cost":"","seed_source_timestamp":247529292786778,"circlet_count":0,"master_deck":["Double Tap+1","Demon Form","Bludgeon+1","Feed+1","Limit Break","Barricade+1","Fiend Fire+1","Dark Embrace","Berserk","Impervious","Juggernaut","Brutality","Reaper","Exhume","Offering","Immolate+1","Heavy Blade+1","Rage+1"],"special_seed":17933,"relics":["Burning Blood","Question Card","Boot","Whetstone"],"potions_floor_usage":[10,16],"damage_taken":[{"damage":15,"enemies":"Cultist","floor":1,"turns":3},{"damage":18,"enemies":"Jaw Worm","floor":3,"turns":4},{"damage":7,"enemies":"2 Louse","floor":7,"turns":3},{"damage":0,"enemies":"Exordium Thugs","floor":10,"turns":3},{"damage":83,"enemies":"Hexaghost","floor":16,"turns":7}],"seed_played":"843888505984905002","potions_obtained":[{"floor":3,"key":"LiquidBronze"},{"floor":7,"key":"Poison Potion"}],"is_trial":false,"path_per_floor":["M","?","M","?","?","R","M","R","T","M","R","T","R","$","R","B"],"character_chosen":"IRONCLAD","items_purchased":["Whetstone"],"campfire_rested":0,"item_purchase_floors":[14],"current_hp_per_floor":[80,80,72,72,72,72,75,75,75,83,83,83,83,83,83,0],"gold":9,"neow_bonus":"","is_prod":false,"is_daily":true,"chose_seed":false,"campfire_upgraded":5,"win_rate":0.0,"timestamp":1549435874,"path_taken":["M","?","?","?","?","R","?","R","T","?","R","?","R","$","R","BOSS"],"build_version":"2019-01-23","purchased_purges":0,"victory":false,"max_hp_per_floor":[80,80,80,80,80,80,80,80,80,83,83,83,83,83,83,83],"card_choices":[{"not_picked":["True Grit"],"picked":"Anger","floor":1},{"not_picked":["Clash","Pommel Strike"],"picked":"SKIP","floor":3},{"not_picked":["Perfected Strike"],"picked":"Heavy Blade","floor":7},{"not_picked":["Flame Barrier","Body Slam"],"picked":"Rage","floor":10}],"player_experience":30270,"relics_obtained":[{"floor":9,"key":"Question Card"},{"floor":12,"key":"Boot"}],"event_choices":[{"damage_healed":0,"gold_gain":0,"player_choice":"Forge","damage_taken":0,"max_hp_gain":0,"max_hp_loss":0,"event_name":"Accursed Blacksmith","floor":2,"gold_loss":0,"cards_upgraded":["Bludgeon"]},{"cards_removed":["Anger"],"damage_healed":0,"gold_gain":0,"player_choice":"Card Removal","damage_taken":0,"max_hp_gain":0,"max_hp_loss":0,"event_name":"The Cleric","floor":4,"gold_loss":50},{"damage_healed":0,"gold_gain":0,"player_choice":"Ignored","damage_taken":0,"max_hp_gain":0,"max_hp_loss":0,"event_name":"Liars Game","floor":5,"gold_loss":0}],"is_beta":false,"boss_relics":[],"items_purged_floors":[],"is_endless":false,"potions_floor_spawned":[3,7],"killed_by":"Hexaghost","ascension_level":0}