{"gold_per_floor":[112,112,112,112,125,125,141,164,164,180,29,50,15,29,29,155,155,174,187,187,44,44,84,84,9,9,25,64,89,64,84,84,84],"floor_reached":33,"playtime":2825,"items_purged":["Strike_R"],"score":346,"play_id":"afe3e1ea-0c94-4d23-9856-ac428060e566","local_time":"20180724233651","is_ascension_mode":true,"campfire_choices":[{"floor":6,"key":"REST"},{"data":"Searing Blow","floor":15,"key":"SMITH"},{"floor":24,"key":"REST"},{"floor":32,"key":"REST"}],"neow_cost":"NONE","seed_source_timestamp":1201507602184847,"circlet_count":0,"master_deck":["Strike_R","Strike_R","Strike_R","Strike_R","Defend_R","Defend_R","Defend_R","Defend_R","Bash","Feel No Pain","Inflame","Whirlwind","Spot Weakness","Armaments","Iron Wave","Searing Blow+1","Reaper","Heavy Blade+1","Cleave","Feed","Flex","Spot Weakness","Searing Blow+1","Anger","Barricade"],"relics":["Burning Blood","Golden Idol","Letter Opener","Anchor","Sozu","Bag of Marbles","Bottled Tornado","Oddly Smooth Stone","Lantern"],"potions_floor_usage":[10,19,19],"damage_taken":[{"damage":8,"enemies":"Small Slimes","floor":1,"turns":4},{"damage":16,"enemies":"2 Louse","floor":5,"turns":3},{"damage":10,"enemies":"Cultist","floor":7,"turns":4},{"damage":19,"enemies":"Blue Slaver","floor":8,"turns":4},{"damage":12,"enemies":"Exordium Thugs","floor":10,"turns":4},{"damage":9,"enemies":"Exordium Wildlife","floor":12,"turns":5},{"damage":5,"enemies":"Looter","floor":14,"turns":4},{"damage":66,"enemies":"Slime Boss","floor":16,"turns":13},{"damage":3,"enemies":"3 Byrds","floor":18,"turns":4},{"damage":18,"enemies":"2 Thieves","floor":19,"turns":3},{"damage":51,"enemies":"Slavers","floor":23,"turns":5},{"damage":6,"enemies":"Snake Plant","floor":27,"turns":4},{"damage":64,"enemies":"Book of Stabbing","floor":28,"turns":6},{"damage":25,"enemies":"Sentry and Sphere","floor":29,"turns":4},{"damage":14,"enemies":"Centurion and Healer","floor":31,"turns":3},{"damage":93,"enemies":"Collector","floor":33,"turns":9}],"seed_played":"-6852390312430012890","potions_obtained":[{"floor":1,"key":"PowerPotion"},{"floor":5,"key":"BloodPotion"},{"floor":8,"key":"PowerPotion"}],"is_trial":false,"path_per_floor":["M","?","?","?","M","R","M","M","T","M","$","M","?","M","R","B",null,"M","M","?","$","?","E","R","$","T","M","E","M","$","M","R"],"character_chosen":"IRONCLAD","items_purchased":["Anchor","Bag of Marbles","Anger"],"campfire_rested":3,"item_purchase_floors":[11,21,30],"current_hp_per_floor":[86,91,91,68,58,85,81,68,68,71,71,68,91,92,92,32,93,93,90,90,90,90,57,84,84,84,84,26,10,10,32,60,0],"gold":84,"neow_bonus":"TEN_PERCENT_HP_BONUS","is_prod":false,"is_daily":false,"chose_seed":false,"campfire_upgraded":1,"win_rate":0,"timestamp":1532471811,"path_taken":["M","?","?","?","M","R","M","M","T","M","$","?","?","M","R","BOSS","M","?","?","$","?","E","R","?","T","M","E","M","$","M","R","BOSS"],"build_version":"2018-07-19v2","purchased_purges":1,"victory":false,"max_hp_per_floor":[88,93,93,93,93,93,93,93,93,93,93,93,93,93,93,93,93,93,93,93,93,93,93,93,93,93,93,93,96,96,96,96,96],"card_choices":[{"not_picked":["Blood for Blood","Havoc"],"picked":"Feel No Pain","floor":1},{"not_picked":["Warcry","Armaments"],"picked":"Whirlwind","floor":5},{"not_picked":["Shrug It Off","Thunderclap"],"picked":"Spot Weakness","floor":7},{"not_picked":["Blood for Blood","Wild Strike"],"picked":"Armaments","floor":8},{"not_picked":["Headbutt","Body Slam"],"picked":"Iron Wave","floor":10},{"not_picked":["Clash","Fiend Fire"],"picked":"Searing Blow","floor":12},{"not_picked":["Clothesline","Searing Blow","Havoc"],"picked":"SKIP","floor":14},{"not_picked":["Berserk","Immolate"],"picked":"Reaper","floor":16},{"not_picked":["Ghostly Armor","Body Slam"],"picked":"Heavy Blade+1","floor":18},{"not_picked":["Perfected Strike","Burning Pact"],"picked":"Cleave","floor":19},{"not_picked":["Cleave","Perfected Strike"],"picked":"Feed","floor":23},{"not_picked":["Warcry","Combust"],"picked":"Flex","floor":27},{"not_picked":["Second Wind","Twin Strike"],"picked":"Spot Weakness","floor":28},{"not_picked":["Infernal Blade+1","Pommel Strike"],"picked":"Searing Blow+1","floor":29},{"not_picked":["Wild Strike","Inflame"],"picked":"Barricade","floor":31}],"player_experience":497494,"relics_obtained":[{"floor":9,"key":"Letter Opener"},{"floor":23,"key":"Bottled Tornado"},{"floor":26,"key":"Oddly Smooth Stone"},{"floor":28,"key":"Lantern"}],"event_choices":[{"event_name":"Big Fish","player_choice":"Donut","floor":2,"damage_taken":0},{"event_name":"Match and Keep!","player_choice":"1 cards matched","floor":3,"damage_taken":0},{"event_name":"Golden Idol","player_choice":"Take Damage","floor":4,"damage_taken":0},{"event_name":"The Cleric","player_choice":"Healed","floor":13,"damage_taken":0},{"event_name":"Ghosts","player_choice":"Ignored","floor":20,"damage_taken":0},{"event_name":"Match and Keep!","player_choice":"0 cards matched","floor":22,"damage_taken":0}],"is_beta":false,"boss_relics":[{"not_picked":["Mark of Pain","Velvet Choker"],"picked":"Sozu"}],"items_purged_floors":[25],"is_endless":false,"potions_floor_spawned":[1,5,8,19,27,31],"killed_by":"Collector","ascension_level":3}