{"gold_per_floor":[115,115,115,130,145,145,155,155,155,165,184,259,51,51,51,154,154,169,180,35,35,35,35,52,52,52,52,12,32,132,163,163,265,265,282,297,322,322,333,333,62,96,152,165,176,206,219,39,39,39],"floor_reached":51,"playtime":4538,"items_purged":["Strike_R"],"score":725,"play_id":"5a1d380a-1d4a-4b8d-8f73-d8ec572301fa","local_time":"20180719100634","is_ascension_mode":true,"campfire_choices":[{"data":"Searing Blow","floor":6.0,"key":"SMITH"},{"data":"Searing Blow+1","floor":8.0,"key":"SMITH"},{"data":"Enlightenment","floor":15.0,"key":"SMITH"},{"data":"Searing Blow+2","floor":23.0,"key":"SMITH"},{"data":"Searing Blow+3","floor":25.0,"key":"SMITH"},{"floor":27.0,"key":"REST"},{"floor":32,"key":"REST"},{"data":"Rampage","floor":40,"key":"SMITH"},{"floor":49,"key":"REST"}],"neow_cost":"NONE","seed_source_timestamp":0,"circlet_count":0,"master_deck":["Strike_R","Defend_R","Defend_R","Defend_R","Defend_R","Bash","Metallicize+1","Whirlwind","Searing Blow+4","Rage","Flame Barrier","Iron Wave","Enlightenment+1","Bludgeon","Disarm+1","Clothesline","Shrug It Off","Rampage+1","Pommel Strike+1","Demon Form","Cleave+1","Barricade","Pummel","Enlightenment+1","Armaments+1","Reaper","Headbutt+1","Sadistic Nature"],"special_seed":0,"relics":["Burning Blood","Vajra","Busted Crown","Blood Vial","FaceOfCleric","Charon\u0027s Ashes","Matryoshka","Eternal Feather","Gremlin Horn","Bronze Scales","DollysMirror","Incense Burner","Regal Pillow","Tiny Chest","Red Skull"],"potions_floor_usage":[33,39,45,50,50],"damage_taken":[{"damage":15.0,"enemies":"Jaw Worm","floor":1.0,"turns":6.0},{"damage":0.0,"enemies":"Cultist","floor":4.0,"turns":4.0},{"damage":0.0,"enemies":"Small Slimes","floor":5.0,"turns":2.0},{"damage":4.0,"enemies":"Looter","floor":7.0,"turns":4.0},{"damage":1.0,"enemies":"Lots of Slimes","floor":10.0,"turns":2.0},{"damage":4.0,"enemies":"Exordium Thugs","floor":11.0,"turns":5.0},{"damage":40.0,"enemies":"Slime Boss","floor":16.0,"turns":13.0},{"damage":0.0,"enemies":"Chosen","floor":18.0,"turns":3.0},{"damage":19.0,"enemies":"Spheric Guardian","floor":19.0,"turns":4.0},{"damage":25.0,"enemies":"Slaver and Parasite","floor":24.0,"turns":7.0},{"damage":17.0,"enemies":"Snake Plant","floor":29.0,"turns":3.0},{"damage":32.0,"enemies":"Book of Stabbing","floor":31.0,"turns":7.0},{"damage":111,"enemies":"Automaton","floor":33,"turns":14},{"damage":0,"enemies":"3 Shapes","floor":35,"turns":4},{"damage":28,"enemies":"3 Darklings","floor":36,"turns":5},{"damage":3,"enemies":"Flame Bruiser 2 Orb","floor":39,"turns":6},{"damage":14,"enemies":"Nemesis","floor":42,"turns":11},{"damage":20,"enemies":"Transient","floor":44,"turns":5},{"damage":22,"enemies":"3 Darklings","floor":45,"turns":4},{"damage":48,"enemies":"Giant Head","floor":46,"turns":10},{"damage":10,"enemies":"Flame Bruiser 2 Orb","floor":47,"turns":4},{"damage":64,"enemies":"Awakened One","floor":50,"turns":11}],"seed_played":"5673847273397349698","potions_obtained":[{"floor":1.0,"key":"EssenceOfSteel"},{"floor":4.0,"key":"Dexterity Potion"},{"floor":5.0,"key":"Strength Potion"},{"floor":16.0,"key":"FairyPotion"},{"floor":33,"key":"Dexterity Potion"},{"floor":35,"key":"Swift Potion"},{"floor":39,"key":"Regen Potion"},{"floor":46,"key":"AttackPotion"}],"is_trial":false,"path_per_floor":["M","?","?","M","M","R","M","R","T","M","M","?","$","?","R","B",null,"M","M","$","?","?","R","M","R","T","R","$","M","?","E","R","B",null,"M","M","T","?","M","R","$","E","T","M","M","E","M","$","R","B"],"character_chosen":"IRONCLAD","items_purchased":["Enlightenment","Blood Vial","Rampage","DollysMirror","Sadistic Nature"],"campfire_rested":3,"item_purchase_floors":[13,20,28,41,48],"current_hp_per_floor":[79,71,71,77,83,83,85,85,85,88,88,77,77,70,70,36,88,88,75,75,75,75,75,59,59,59,85,85,77,77,54,81,16,92,93,72,72,72,78,86,86,81,81,70,66,27,49,49,100,67],"gold":39,"neow_bonus":"TEN_PERCENT_HP_BONUS","is_prod":false,"is_daily":false,"chose_seed":false,"campfire_upgraded":6,"win_rate":0,"timestamp":1531991194,"path_taken":["M","?","?","M","M","R","M","R","T","M","M","?","$","?","R","BOSS","M","M","$","?","?","R","M","R","T","R","?","M","?","E","R","BOSS","M","M","?","?","M","R","?","E","T","M","?","E","M","?","R","BOSS"],"build_version":"2018-07-12","purchased_purges":1,"victory":true,"max_hp_per_floor":[88,88,88,88,88,88,88,88,88,88,88,88,88,88,88,88,88,88,88,88,88,88,88,89,89,89,89,89,90,90,91,91,92,92,93,94,94,94,95,95,95,96,96,97,98,99,100,100,100,101],"card_choices":[{"not_picked":["Infernal Blade","Rupture"],"picked":"Metallicize","floor":1.0},{"not_picked":["Power Through","Perfected Strike"],"picked":"Whirlwind","floor":4.0},{"not_picked":["Clash","Evolve"],"picked":"Searing Blow","floor":5.0},{"not_picked":["Havoc","Entrench"],"picked":"Rage","floor":7.0},{"not_picked":["Rage","Feel No Pain"],"picked":"Flame Barrier","floor":10.0},{"not_picked":["Warcry","Heavy Blade"],"picked":"Iron Wave","floor":11.0},{"not_picked":["Feed","Fiend Fire"],"picked":"Bludgeon","floor":16.0},{"not_picked":[],"picked":"Disarm+1","floor":18.0},{"not_picked":[],"picked":"Clothesline","floor":19.0},{"not_picked":[],"picked":"Shrug It Off","floor":24.0},{"not_picked":["Searing Blow"],"picked":"SKIP","floor":29.0},{"not_picked":[],"picked":"Pommel Strike+1","floor":31.0},{"not_picked":[],"picked":"Demon Form","floor":33},{"not_picked":[],"picked":"Cleave+1","floor":35},{"not_picked":["Flex"],"picked":"SKIP","floor":36},{"not_picked":[],"picked":"Pummel","floor":39},{"not_picked":["Second Wind"],"picked":"SKIP","floor":42},{"not_picked":["Warcry+1"],"picked":"SKIP","floor":44},{"not_picked":[],"picked":"Armaments+1","floor":45},{"not_picked":[],"picked":"Reaper","floor":46},{"not_picked":[],"picked":"Headbutt+1","floor":47}],"player_experience":401436,"relics_obtained":[{"floor":9.0,"key":"Vajra"},{"floor":26.0,"key":"Charon\u0027s Ashes"},{"floor":31.0,"key":"Matryoshka"},{"floor":37,"key":"Gremlin Horn"},{"floor":37,"key":"Bronze Scales"},{"floor":42,"key":"Incense Burner"},{"floor":43,"key":"Regal Pillow"},{"floor":43,"key":"Tiny Chest"},{"floor":46,"key":"Red Skull"}],"event_choices":[{"event_name":"Wheel of Change","player_choice":"Damage","floor":2.0,"damage_taken":0.0},{"event_name":"Upgrade Shrine","player_choice":"Upgraded","floor":3.0,"damage_taken":0.0},{"event_name":"World of Goop","player_choice":"Gather Gold","floor":12.0,"damage_taken":0.0},{"event_name":"Golden Wing","player_choice":"Card Removal","floor":14.0,"damage_taken":0.0},{"event_name":"FaceTrader","player_choice":"Trade","floor":21.0,"damage_taken":0.0},{"event_name":"Purifier","player_choice":"One Purge","floor":22.0,"damage_taken":0.0},{"event_name":"Golden Shrine","player_choice":"Pray","floor":30.0,"damage_taken":0.0},{"event_name":"Transmorgrifier","player_choice":"Transform","floor":38,"damage_taken":0}],"boss_relics":[{"not_picked":["Pandora\u0027s Box","Black Blood"],"picked":"Busted Crown"},{"not_picked":["Snecko Eye","Calling Bell"],"picked":"Eternal Feather"}],"items_purged_floors":[41],"is_endless":false,"potions_floor_spawned":[1,4,5,16,19,24,33,35,39,46],"ascension_level":1}