{"gold_per_floor":[111,36,36,36,36,61,61,91,91,104,104,117,67,84,84,163,163,176,176,176,190,205,205,205,205,257,267,292,310,310,0,0,72,72,82,94,94,114,14,14,14,14,38,38,70,81,31,58,58,58],"floor_reached":51,"playtime":1395,"items_purged":["Strike_R","Bash"],"score":1461,"play_id":"0e1a0ae4-f3c9-4bff-9471-aa995726816c","local_time":"20190510215602","is_ascension_mode":true,"campfire_choices":[{"data":"Flex","floor":7,"key":"SMITH"},{"data":"Heavy Blade","floor":11,"key":"SMITH"},{"data":"Flex","floor":15,"key":"SMITH"},{"floor":24,"key":"REST"},{"data":"Flex","floor":30,"key":"SMITH"},{"floor":32,"key":"REST"},{"data":"Battle Trance","floor":40,"key":"SMITH"},{"data":"Thunderclap","floor":42,"key":"SMITH"},{"data":"Sword Boomerang","floor":44,"key":"SMITH"},{"data":"Battle Trance","floor":49,"key":"SMITH"}],"neow_cost":"NONE","seed_source_timestamp":192069124049600,"circlet_count":0,"master_deck":["AscendersBane","Cleave","Flex+1","Thunderclap+1","Heavy Blade+1","Flex+1","Reaper","Sword Boomerang+1","Flex+1","Battle Trance+1"],"relics":["Burning Blood","NeowsBlessing","Boot","Gambling Chip","Dodecahedron","Bag of Preparation","Philosopher\u0027s Stone","Enchiridion","Art of War","Meat on the Bone","Paper Frog","Pandora\u0027s Box","PreservedInsect","Dream Catcher","Gremlin Horn"],"potions_floor_usage":[16,28,28,33,33,45,48,50],"damage_taken":[{"damage":0,"enemies":"Cultist","floor":1,"turns":1},{"damage":0,"enemies":"Lagavulin","floor":6,"turns":1},{"damage":0,"enemies":"Gremlin Nob","floor":8,"turns":1},{"damage":7,"enemies":"Jaw Worm","floor":10,"turns":2},{"damage":0,"enemies":"Small Slimes","floor":12,"turns":2},{"damage":0,"enemies":"Blue Slaver","floor":14,"turns":1},{"damage":28,"enemies":"The Guardian","floor":16,"turns":6},{"damage":18,"enemies":"3 Byrds","floor":18,"turns":4},{"damage":33,"enemies":"2 Thieves","floor":21,"turns":3},{"damage":0,"enemies":"Shelled Parasite and Fungi","floor":22,"turns":1},{"damage":0,"enemies":"Snake Plant","floor":27,"turns":1},{"damage":31,"enemies":"Book of Stabbing","floor":28,"turns":3},{"damage":14,"enemies":"Cultist and Chosen","floor":29,"turns":3},{"damage":68,"enemies":"Automaton","floor":33,"turns":8},{"damage":4,"enemies":"3 Shapes","floor":35,"turns":1},{"damage":0,"enemies":"Orb Walker","floor":36,"turns":1},{"damage":0,"enemies":"3 Darklings","floor":38,"turns":1},{"damage":0,"enemies":"Nemesis","floor":45,"turns":1},{"damage":0,"enemies":"Sphere and 2 Shapes","floor":46,"turns":1},{"damage":0,"enemies":"Giant Head","floor":48,"turns":1},{"damage":69,"enemies":"Awakened One","floor":50,"turns":4}],"seed_played":"9199341347447484837","potions_obtained":[{"floor":1,"key":"Ancient Potion"},{"floor":6,"key":"EssenceOfSteel"},{"floor":14,"key":"Fire Potion"},{"floor":21,"key":"SkillPotion"},{"floor":28,"key":"AttackPotion"},{"floor":36,"key":"Swift Potion"},{"floor":48,"key":"Regen Potion"}],"is_trial":false,"path_per_floor":["M","$","?","?","?","E","R","E","T","M","R","M","$","M","R","B",null,"M","?","?","M","M","?","R","?","T","M","E","M","R","$","R","B",null,"M","M","?","M","$","R","?","R","T","R","E","M","$","E","R","B",null],"character_chosen":"IRONCLAD","items_purchased":["Flex","Paper Frog","Weak Potion","AttackPotion"],"campfire_rested":2,"item_purchase_floors":[13,31,31,47],"current_hp_per_floor":[74,74,74,69,69,75,75,75,75,74,74,75,75,75,75,53,70,62,41,41,38,44,23,47,47,47,53,40,48,48,48,72,30,68,70,76,76,80,80,80,80,80,80,80,80,80,80,80,80,50],"gold":58,"neow_bonus":"THREE_ENEMY_KILL","is_prod":false,"is_daily":false,"chose_seed":false,"campfire_upgraded":8,"win_rate":0,"timestamp":1557550562,"path_taken":["M","?","?","?","?","E","R","E","T","M","R","M","$","?","R","BOSS","M","?","?","M","M","?","R","?","T","?","E","M","R","$","R","BOSS","M","M","?","?","?","R","?","R","T","R","E","M","$","E","R","BOSS"],"build_version":"2019-01-23","purchased_purges":2,"victory":true,"max_hp_per_floor":[75,75,75,75,75,75,75,75,75,75,75,75,75,75,75,75,75,75,80,80,80,80,80,80,80,80,80,80,80,80,80,80,80,80,80,80,80,80,80,80,80,80,80,80,80,80,80,80,80,80],"card_choices":[{"not_picked":["Bloodletting","True Grit"],"picked":"Cleave","floor":1},{"not_picked":["Exhume","Clothesline"],"picked":"Flex","floor":6},{"not_picked":["Clothesline","Intimidate"],"picked":"Thunderclap","floor":8},{"not_picked":["Body Slam","Seeing Red"],"picked":"Heavy Blade","floor":10},{"not_picked":["Flame Barrier","Perfected Strike","Clothesline"],"picked":"SKIP","floor":12},{"not_picked":["Infernal Blade","Uppercut","Cleave"],"picked":"SKIP","floor":14},{"not_picked":["Demon Form","Immolate"],"picked":"Reaper","floor":16},{"not_picked":["Armaments","Iron Wave+1","Sentinel"],"picked":"SKIP","floor":18},{"not_picked":["True Grit","Burning Pact"],"picked":"Sword Boomerang","floor":21},{"not_picked":["Armaments","Iron Wave+1","Infernal Blade"],"picked":"SKIP","floor":22},{"not_picked":["Reckless Charge","Twin Strike","Hemokinesis"],"picked":"SKIP","floor":27},{"not_picked":["Armaments","Wild Strike+1","Feed"],"picked":"SKIP","floor":28},{"not_picked":["Body Slam","Armaments"],"picked":"Flex","floor":29},{"not_picked":["Cleave+1","Clothesline"],"picked":"Battle Trance","floor":35},{"not_picked":["Clothesline","Anger+1","Iron Wave"],"picked":"SKIP","floor":36},{"not_picked":["Warcry","Twin Strike","Clash"],"picked":"SKIP","floor":38},{"not_picked":["Twin Strike","Evolve","Shockwave+1"],"picked":"SKIP","floor":45},{"not_picked":["Headbutt+1","Sever Soul","Heavy Blade"],"picked":"SKIP","floor":46},{"not_picked":["Second Wind","Pommel Strike+1"],"picked":"Battle Trance","floor":48}],"player_experience":383351,"relics_obtained":[{"floor":6,"key":"Gambling Chip"},{"floor":8,"key":"Dodecahedron"},{"floor":9,"key":"Bag of Preparation"},{"floor":23,"key":"Enchiridion"},{"floor":26,"key":"Art of War"},{"floor":28,"key":"Meat on the Bone"},{"floor":43,"key":"PreservedInsect"},{"floor":45,"key":"Dream Catcher"},{"floor":48,"key":"Gremlin Horn"}],"event_choices":[{"damage_healed":0,"gold_gain":0,"player_choice":"Leave","damage_taken":0,"max_hp_gain":0,"max_hp_loss":0,"event_name":"The Cleric","floor":3,"gold_loss":0},{"damage_healed":0,"gold_gain":0,"player_choice":"Success","damage_taken":5,"relics_obtained":["Boot"],"max_hp_gain":0,"max_hp_loss":0,"event_name":"Scrap Ooze","floor":4,"gold_loss":0},{"cards_removed":["Strike_R"],"damage_healed":0,"gold_gain":0,"player_choice":"Forget","damage_taken":0,"max_hp_gain":0,"max_hp_loss":0,"event_name":"Living Wall","floor":5,"gold_loss":0},{"damage_healed":0,"gold_gain":0,"player_choice":"Shed Blood","damage_taken":26,"max_hp_gain":5,"max_hp_loss":0,"event_name":"Forgotten Altar","floor":19,"gold_loss":0},{"damage_healed":0,"gold_gain":0,"player_choice":"Ignored","damage_taken":0,"max_hp_gain":0,"max_hp_loss":0,"event_name":"The Mausoleum","floor":20,"gold_loss":0},{"damage_healed":0,"gold_gain":0,"player_choice":"Obtained Book","damage_taken":21,"max_hp_gain":0,"max_hp_loss":0,"event_name":"Cursed Tome","floor":23,"gold_loss":0},{"cards_removed":["Strike_R"],"damage_healed":0,"gold_gain":0,"player_choice":"Purged","damage_taken":0,"max_hp_gain":0,"max_hp_loss":0,"event_name":"Purifier","floor":25,"gold_loss":0},{"damage_healed":0,"gold_gain":0,"player_choice":"Ignored","damage_taken":0,"max_hp_gain":0,"max_hp_loss":0,"event_name":"SecretPortal","floor":37,"gold_loss":0},{"cards_removed":["Battle Trance"],"damage_healed":0,"gold_gain":0,"player_choice":"Removed Skill","damage_taken":0,"max_hp_gain":0,"max_hp_loss":0,"event_name":"Falling","floor":41,"gold_loss":0}],"is_beta":false,"boss_relics":[{"not_picked":["Lizard Tail","Cursed Key"],"picked":"Philosopher\u0027s Stone"},{"not_picked":["White Beast Statue","Black Blood"],"picked":"Pandora\u0027s Box"}],"items_purged_floors":[2,39],"is_endless":false,"potions_floor_spawned":[1,6,14,21,28,36,48],"ascension_level":15}