{"gold_per_floor":[109,109,119,44,59,59,7,7,61,61,61,61,78,94,94,172,172,190,205,221,221,121,121,137,137,137,12,37,37,69,88,88,165,165,184,199,199,199,52,85,85,85,112,124,151,1,1,1,1,1],"floor_reached":50,"playtime":1929,"items_purged":["Strike_R","Strike_R","Strike_R","Defend_R"],"score":988,"play_id":"a75062da-fcfd-4b56-a85c-f2ec2cf7d894","local_time":"20190507112121","is_ascension_mode":true,"campfire_choices":[{"data":"Whirlwind","floor":6.0,"key":"SMITH"},{"data":"Flex","floor":8.0,"key":"SMITH"},{"data":"Thunderclap","floor":12.0,"key":"SMITH"},{"data":"Heavy Blade","floor":15.0,"key":"SMITH"},{"floor":23.0,"key":"REST"},{"floor":25.0,"key":"REST"},{"data":"Demon Form","floor":32.0,"key":"SMITH"},{"floor":41,"key":"REST"},{"data":"Sword Boomerang","floor":47,"key":"SMITH"},{"floor":49,"key":"REST"}],"neow_cost":"NONE","seed_source_timestamp":0,"circlet_count":0,"master_deck":["AscendersBane","Defend_R+1","Bash","Thunderclap+1","Whirlwind+1","Flex+1","Heavy Blade+1","Offering+1","Sword Boomerang+1","Demon Form+1","Flex+1"],"special_seed":0,"relics":["Burning Blood","NeowsBlessing","Art of War","Orrery","Bottled Lightning","Bronze Scales","Pantograph","Empty Cage","Bag of Marbles","War Paint","Strawberry","Blue Candle"],"potions_floor_usage":[45,50],"damage_taken":[{"damage":0.0,"enemies":"2 Louse","floor":1.0,"turns":1.0},{"damage":0.0,"enemies":"Cultist","floor":3.0,"turns":1.0},{"damage":0.0,"enemies":"Jaw Worm","floor":5.0,"turns":1.0},{"damage":6.0,"enemies":"Gremlin Gang","floor":13.0,"turns":2.0},{"damage":0.0,"enemies":"2 Fungi Beasts","floor":14.0,"turns":1.0},{"damage":59.0,"enemies":"Hexaghost","floor":16.0,"turns":9.0},{"damage":28.0,"enemies":"Spheric Guardian","floor":18.0,"turns":4.0},{"damage":6.0,"enemies":"3 Byrds","floor":19.0,"turns":3.0},{"damage":37.0,"enemies":"Shelled Parasite and Fungi","floor":20.0,"turns":3.0},{"damage":20.0,"enemies":"Snake Plant","floor":24.0,"turns":2.0},{"damage":6.0,"enemies":"Colosseum Slavers","floor":29.0,"turns":1.0},{"damage":6.0,"enemies":"Gremlin Leader","floor":30.0,"turns":5.0},{"damage":6.0,"enemies":"Centurion and Healer","floor":31.0,"turns":1.0},{"damage":26.0,"enemies":"Automaton","floor":33.0,"turns":6.0},{"damage":6.0,"enemies":"3 Darklings","floor":35.0,"turns":1.0},{"damage":17,"enemies":"Orb Walker","floor":36,"turns":2},{"damage":62,"enemies":"Giant Head","floor":40,"turns":6},{"damage":18,"enemies":"Writhing Mass","floor":44,"turns":2},{"damage":6,"enemies":"Nemesis","floor":45,"turns":1},{"damage":82,"enemies":"Donu and Deca","floor":50,"turns":3}],"seed_played":"3475969544485062050","potions_obtained":[{"floor":1.0,"key":"EssenceOfSteel"},{"floor":2.0,"key":"Fire Potion"},{"floor":13.0,"key":"Swift Potion"},{"floor":14.0,"key":"AttackPotion"},{"floor":20.0,"key":"Swift Potion"},{"floor":31.0,"key":"FairyPotion"},{"floor":35.0,"key":"Energy Potion"},{"floor":40,"key":"SteroidPotion"}],"is_trial":false,"path_per_floor":["M","?","M","$","M","R","$","R","T","?","$","R","M","M","R","B",null,"M","M","M","?","$","R","M","R","T","$","T","?","E","M","R","B",null,"M","M","?","?","$","E","R","$","T","M","E","$","R","$","R","B"],"character_chosen":"IRONCLAD","items_purchased":["Flex","Bag of Marbles"],"campfire_rested":4,"item_purchase_floors":[7,39],"current_hp_per_floor":[74,74,75,75,75,75,75,75,75,75,75,75,75,75,75,22,62,40,40,9,9,9,31,17,39,39,39,39,39,39,39,39,44,67,67,56,56,56,56,13,35,35,42,30,30,30,30,30,54,0],"gold":1,"neow_bonus":"THREE_ENEMY_KILL","is_prod":false,"is_daily":false,"chose_seed":false,"campfire_upgraded":6,"win_rate":0,"timestamp":1557253281,"path_taken":["M","?","M","$","?","R","?","R","T","?","$","R","M","M","R","BOSS","M","?","M","?","$","R","M","R","T","$","?","?","E","M","R","BOSS","M","M","?","?","?","E","R","$","T","M","E","$","R","$","R","BOSS"],"build_version":"2019-01-23","purchased_purges":4,"victory":false,"max_hp_per_floor":[75,75,75,75,75,75,75,75,75,75,75,75,75,75,75,75,75,75,75,75,75,75,75,75,75,75,75,75,75,75,75,75,75,75,75,75,75,75,75,75,75,75,82,82,82,82,82,82,82,82],"card_choices":[{"not_picked":["Searing Blow","Metallicize","Infernal Blade"],"picked":"SKIP","floor":1.0},{"not_picked":["Feel No Pain","Armaments"],"picked":"Thunderclap","floor":3.0},{"not_picked":["Sword Boomerang","Reckless Charge"],"picked":"Whirlwind","floor":5.0},{"not_picked":["Shrug It Off","Clash"],"picked":"Heavy Blade","floor":13.0},{"not_picked":["Havoc","Perfected Strike","Cleave"],"picked":"SKIP","floor":14.0},{"not_picked":["Brutality","Reaper"],"picked":"Offering","floor":16.0},{"not_picked":["Dual Wield","Anger"],"picked":"Sword Boomerang","floor":17.0},{"not_picked":["Fire Breathing","Corruption+1","Havoc"],"picked":"SKIP","floor":18.0},{"not_picked":["Seeing Red","Infernal Blade","Blood for Blood"],"picked":"SKIP","floor":19.0},{"not_picked":["Warcry+1","Sword Boomerang","Hemokinesis"],"picked":"SKIP","floor":20.0},{"not_picked":["Twin Strike","Clothesline","Iron Wave"],"picked":"SKIP","floor":24.0},{"not_picked":["Twin Strike","Clothesline","Iron Wave"],"picked":"SKIP","floor":24.0},{"not_picked":["Evolve","Clothesline"],"picked":"Demon Form","floor":30.0},{"not_picked":["Shrug It Off","Warcry","Battle Trance"],"picked":"SKIP","floor":31.0},{"not_picked":["Battle Trance","Second Wind"],"picked":"Flex","floor":35.0},{"not_picked":["Pommel Strike+1","Armaments","Sword Boomerang+1"],"picked":"SKIP","floor":36},{"not_picked":["Spot Weakness+1","Rupture+1","Clash"],"picked":"SKIP","floor":40},{"not_picked":["Spot Weakness+1","Rupture+1","Clash"],"picked":"SKIP","floor":40},{"not_picked":["Perfected Strike","Uppercut+1","Blood for Blood"],"picked":"SKIP","floor":44},{"not_picked":["Iron Wave","Reckless Charge","Uppercut"],"picked":"SKIP","floor":45}],"player_experience":375994,"relics_obtained":[{"floor":9.0,"key":"Art of War"},{"floor":26.0,"key":"Bottled Lightning"},{"floor":28.0,"key":"Bronze Scales"},{"floor":30.0,"key":"Pantograph"},{"floor":40,"key":"War Paint"},{"floor":43,"key":"Strawberry"},{"floor":45,"key":"Blue Candle"}],"event_choices":[{"damage_healed":0.0,"max_hp_gain":0.0,"max_hp_loss":0.0,"gold_gain":0.0,"event_name":"Lab","player_choice":"Got Potions","floor":2.0,"gold_loss":0.0,"damage_taken":0.0},{"cards_removed":["Strike_R"],"damage_healed":0.0,"max_hp_gain":0.0,"max_hp_loss":0.0,"gold_gain":0.0,"event_name":"Wheel of Change","player_choice":"Card Removal","floor":10.0,"gold_loss":0.0,"damage_taken":0.0},{"damage_healed":0.0,"max_hp_gain":0.0,"max_hp_loss":0.0,"gold_gain":0.0,"event_name":"Accursed Blacksmith","player_choice":"Forge","floor":21.0,"gold_loss":0.0,"damage_taken":0.0,"cards_upgraded":["Offering"]},{"damage_healed":0.0,"max_hp_gain":0.0,"max_hp_loss":0.0,"gold_gain":0.0,"event_name":"Colosseum","player_choice":"Fight","floor":29.0,"gold_loss":0.0,"damage_taken":0.0},{"damage_healed":0.0,"max_hp_gain":0.0,"max_hp_loss":0.0,"gold_gain":0.0,"event_name":"Colosseum","player_choice":"Fled From Nobs","floor":29.0,"gold_loss":0.0,"damage_taken":0.0},{"damage_healed":0,"gold_gain":0,"player_choice":"Ignored","damage_taken":0,"max_hp_gain":0,"max_hp_loss":0,"event_name":"Mysterious Sphere","floor":37,"gold_loss":0},{"cards_removed":["Defend_R"],"damage_healed":0,"gold_gain":0,"player_choice":"Removed Skill","damage_taken":0,"max_hp_gain":0,"max_hp_loss":0,"event_name":"Falling","floor":38,"gold_loss":0}],"is_beta":false,"boss_relics":[{"not_picked":["Lizard Tail","Mark of Pain"],"picked":"Orrery"},{"not_picked":["Black Blood","Velvet Choker"],"picked":"Empty Cage"}],"items_purged_floors":[4,22,27,46],"is_endless":false,"potions_floor_spawned":[1,5,13,14,20,31,35,36,40],"killed_by":"Donu and Deca","ascension_level":14}