{"gold_per_floor":[110,110,47,63,79,79,91,166,166,178,188,188,188,188,188,188],"floor_reached":16,"playtime":1016,"items_purged":[],"score":101,"play_id":"8c230cce-2468-4ba1-a632-37213f3a312e","local_time":"20190219143947","is_ascension_mode":true,"campfire_choices":[{"data":"Crippling Poison","floor":6,"key":"SMITH"},{"data":"Poisoned Stab","floor":13,"key":"SMITH"},{"floor":15,"key":"REST"}],"neow_cost":"NONE","seed_source_timestamp":147757133691100,"circlet_count":0,"master_deck":["Defend_G+1","Defend_G","Defend_G","Defend_G","Defend_G","Strike_G","Strike_G","Strike_G","Strike_G","Survivor+1","Neutralize","Crippling Poison+1","Poisoned Stab+1"],"relics":["Ring of the Snake","Torii","Meat on the Bone","Golden Idol","Toxic Egg 2"],"potions_floor_usage":[5,10],"damage_taken":[{"damage":1,"enemies":"Jaw Worm","floor":1,"turns":8},{"damage":0,"enemies":"Small Slimes","floor":4,"turns":3},{"damage":0,"enemies":"Cultist","floor":5,"turns":5},{"damage":0,"enemies":"Blue Slaver","floor":7,"turns":6},{"damage":2,"enemies":"3 Louse","floor":10,"turns":2},{"damage":2,"enemies":"Large Slime","floor":11,"turns":8},{"damage":53,"enemies":"Slime Boss","floor":16,"turns":8}],"seed_played":"-7402518110760061154","potions_obtained":[{"floor":4,"key":"Dexterity Potion"},{"floor":5,"key":"Fruit Juice"},{"floor":11,"key":"Weak Potion"}],"is_trial":false,"path_per_floor":["M","?","?","M","M","R","M","?","T","M","M","?","R","?","R","B"],"character_chosen":"THE_SILENT","items_purchased":[],"campfire_rested":1,"item_purchase_floors":[],"current_hp_per_floor":[69,55,55,55,60,60,60,49,49,47,45,45,45,33,53,0],"gold":188,"neow_bonus":"REMOVE_CARD","is_prod":false,"is_daily":false,"chose_seed":false,"campfire_upgraded":2,"win_rate":0,"timestamp":1550615987,"path_taken":["M","?","?","?","M","R","M","?","T","M","M","?","R","?","R","BOSS"],"build_version":"2019-01-23","purchased_purges":0,"victory":false,"max_hp_per_floor":[70,70,70,70,75,75,75,75,75,75,75,69,69,69,69,69],"card_choices":[{"not_picked":["Deadly Poison","Escape Plan"],"picked":"Crippling Poison","floor":1},{"not_picked":["Dagger Spray","Riddle With Holes","Skewer"],"picked":"SKIP","floor":4},{"not_picked":["Dagger Spray","Backflip","Acrobatics"],"picked":"SKIP","floor":5},{"not_picked":["Cloak And Dagger","Quick Slash","Escape Plan"],"picked":"SKIP","floor":7},{"not_picked":["Reflex","Dagger Spray"],"picked":"Poisoned Stab","floor":10},{"not_picked":["Leg Sweep","Expertise","Deflect"],"picked":"SKIP","floor":11}],"player_experience":215261,"relics_obtained":[{"floor":9,"key":"Meat on the Bone"}],"event_choices":[{"damage_healed":0,"gold_gain":0,"player_choice":"Entered Light","damage_taken":14,"max_hp_gain":0,"max_hp_loss":0,"event_name":"Shining Light","floor":2,"gold_loss":0,"cards_upgraded":["Survivor","Defend_G"]},{"damage_healed":0,"gold_gain":0,"player_choice":"Paid Gold","damage_taken":0,"relics_obtained":["Torii"],"max_hp_gain":0,"max_hp_loss":0,"event_name":"WeMeetAgain","floor":3,"gold_loss":63},{"damage_healed":0,"gold_gain":75,"player_choice":"Gather Gold","damage_taken":11,"max_hp_gain":0,"max_hp_loss":0,"event_name":"World of Goop","floor":8,"gold_loss":0},{"damage_healed":0,"gold_gain":0,"player_choice":"Lose Max HP","damage_taken":0,"relics_obtained":["Golden Idol"],"max_hp_gain":0,"max_hp_loss":6,"event_name":"Golden Idol","floor":12,"gold_loss":0},{"damage_healed":0,"gold_gain":0,"player_choice":"Success","damage_taken":12,"relics_obtained":["Toxic Egg 2"],"max_hp_gain":0,"max_hp_loss":0,"event_name":"Scrap Ooze","floor":14,"gold_loss":0}],"is_beta":false,"boss_relics":[],"items_purged_floors":[],"is_endless":false,"potions_floor_spawned":[4,5,11],"killed_by":"Slime Boss","ascension_level":2}