{"gold_per_floor":[109,10,10,30,30,65,65,90,113,113,123,123,155,166,166,241,241,252,252,99,111,121,121,140,140,166,166,91,108,108,108],"floor_reached":31,"playtime":1242,"items_purged":["Strike_R","Strike_R"],"score":528,"play_id":"7fae47ac-4aed-4715-9682-3a47faf23214","local_time":"20190730151325","is_ascension_mode":true,"campfire_choices":[{"data":"Rampage","floor":7.0,"key":"SMITH"},{"data":"Bash","floor":12.0,"key":"SMITH"},{"floor":15.0,"key":"REST"},{"floor":23,"key":"REST"},{"data":"Thunderclap","floor":25,"key":"SMITH"},{"data":"Twin Strike","floor":27,"key":"SMITH"}],"neow_cost":"NONE","seed_source_timestamp":0,"circlet_count":0,"master_deck":["AscendersBane","Strike_R","Defend_R","Defend_R","Defend_R","Defend_R","Bash+1","Rampage+1","Thunderclap+1","Twin Strike+1","Heavy Blade","Sword Boomerang+1","Decay"],"special_seed":0,"relics":["Burning Blood","NeowsBlessing","Art of War","Vajra","Ancient Tea Set","Anchor","Orichalcum","Lizard Tail","CultistMask","PreservedInsect"],"potions_floor_usage":[22,31],"damage_taken":[{"damage":0.0,"enemies":"Small Slimes","floor":1.0,"turns":1.0},{"damage":0.0,"enemies":"Cultist","floor":4.0,"turns":1.0},{"damage":0.0,"enemies":"Lagavulin","floor":6.0,"turns":2.0},{"damage":55.0,"enemies":"3 Sentries","floor":8.0,"turns":10.0},{"damage":0.0,"enemies":"Jaw Worm","floor":11.0,"turns":3.0},{"damage":26.0,"enemies":"Lagavulin","floor":13.0,"turns":4.0},{"damage":6.0,"enemies":"Blue Slaver","floor":14.0,"turns":4.0},{"damage":19.0,"enemies":"Hexaghost","floor":16.0,"turns":8.0},{"damage":17.0,"enemies":"Chosen","floor":18.0,"turns":6.0},{"damage":44.0,"enemies":"2 Thieves","floor":21.0,"turns":4.0},{"damage":23,"enemies":"Centurion and Healer","floor":22,"turns":5},{"damage":39,"enemies":"Cultist and Chosen","floor":24,"turns":7},{"damage":30,"enemies":"Snecko","floor":29,"turns":5},{"damage":12,"enemies":"Shelled Parasite and Fungi","floor":31,"turns":1}],"seed_played":"8607766760567862510","potions_obtained":[{"floor":4.0,"key":"Dexterity Potion"},{"floor":13.0,"key":"SkillPotion"},{"floor":16.0,"key":"Regen Potion"},{"floor":21.0,"key":"SteroidPotion"},{"floor":29,"key":"FearPotion"}],"is_trial":false,"path_per_floor":["M","$","?","M","$","E","R","E","T","?","M","R","E","M","R","B",null,"M","?","$","M","M","R","M","R","T","R","?","M","?","M"],"character_chosen":"IRONCLAD","items_purchased":["Cleave","Heavy Blade"],"campfire_rested":2,"item_purchase_floors":[2,20],"current_hp_per_floor":[74,74,74,75,75,75,75,26,26,26,32,32,12,12,34,21,62,51,51,51,25,8,30,34,34,34,34,34,10,10,0],"gold":108,"neow_bonus":"THREE_ENEMY_KILL","is_prod":false,"is_daily":false,"chose_seed":false,"campfire_upgraded":4,"win_rate":0,"timestamp":1564524805,"path_taken":["M","$","?","?","$","E","R","E","T","?","M","R","E","M","R","BOSS","M","?","$","?","M","R","M","R","T","R","?","?","?","M"],"build_version":"2019-07-17","purchased_purges":2,"victory":false,"max_hp_per_floor":[75,75,75,75,75,75,75,75,75,75,75,75,75,75,75,75,75,75,75,75,75,75,75,75,75,75,75,75,75,75,75],"card_choices":[{"not_picked":["Warcry","Havoc"],"picked":"Rampage","floor":1.0},{"not_picked":["Fire Breathing","Armaments","Second Wind"],"picked":"SKIP","floor":4.0},{"not_picked":["Bloodletting","Iron Wave"],"picked":"Thunderclap","floor":6.0},{"not_picked":["Intimidate","Anger","Thunderclap"],"picked":"SKIP","floor":8.0},{"not_picked":["Body Slam","Power Through"],"picked":"Twin Strike","floor":11.0},{"not_picked":["Disarm","Carnage","Hemokinesis"],"picked":"SKIP","floor":13.0},{"not_picked":["Thunderclap","Warcry","Cleave"],"picked":"SKIP","floor":14.0},{"not_picked":["Blood for Blood","Anger","Inflame"],"picked":"SKIP","floor":18.0},{"not_picked":["Reckless Charge","Searing Blow"],"picked":"Sword Boomerang+1","floor":21.0},{"not_picked":["Intimidate","Heavy Blade+1","Thunderclap"],"picked":"SKIP","floor":22},{"not_picked":["Warcry","Infernal Blade","Juggernaut"],"picked":"SKIP","floor":24},{"not_picked":["Feel No Pain","Body Slam","Pommel Strike"],"picked":"SKIP","floor":29}],"player_experience":477099,"relics_obtained":[{"floor":6.0,"key":"Vajra"},{"floor":8.0,"key":"Ancient Tea Set"},{"floor":9.0,"key":"Anchor"},{"floor":13.0,"key":"Orichalcum"},{"floor":26,"key":"PreservedInsect"}],"event_choices":[{"cards_removed":["Cleave"],"damage_healed":0.0,"max_hp_gain":0.0,"max_hp_loss":0.0,"gold_gain":0.0,"event_name":"WeMeetAgain","player_choice":"Gave Card","floor":3.0,"gold_loss":0.0,"damage_taken":0.0,"relics_obtained":["Art of War"]},{"cards_removed":["Strike_R"],"damage_healed":0.0,"max_hp_gain":0.0,"max_hp_loss":0.0,"gold_gain":0.0,"event_name":"Living Wall","player_choice":"Forget","floor":10.0,"gold_loss":0.0,"damage_taken":0.0},{"damage_healed":0.0,"max_hp_gain":0.0,"max_hp_loss":0.0,"gold_gain":0.0,"event_name":"FaceTrader","player_choice":"Trade","floor":19.0,"gold_loss":0.0,"damage_taken":0.0,"relics_obtained":["CultistMask"]},{"cards_removed":["Strike_R"],"damage_healed":0,"gold_gain":0,"player_choice":"Single Remove","damage_taken":0,"max_hp_gain":0,"max_hp_loss":0,"event_name":"Designer","floor":28,"gold_loss":75},{"damage_healed":0,"gold_gain":0,"player_choice":"Smashed Altar","damage_taken":0,"max_hp_gain":0,"max_hp_loss":0,"event_name":"Forgotten Altar","floor":30,"gold_loss":0,"cards_obtained":["Decay"]}],"is_beta":false,"boss_relics":[{"not_picked":["White Beast Statue","Ectoplasm"],"picked":"Lizard Tail"}],"items_purged_floors":[2,20],"is_endless":false,"potions_floor_spawned":[4,13,16,21,29],"killed_by":"Shelled Parasite and Fungi","ascension_level":18}