{"gold_per_floor":[109,124,124,49,66,66,93,93,117,117,136,162,57,77,77,172,172,172,172,172,172,172,172,172,172,172,172,28,28,28,28,28,28,28,28,28,28,0,0,0,0,0,0,0,0,0,0,0,0,0],"floor_reached":50,"playtime":1564,"items_purged":[],"score":641,"play_id":"f191545d-7195-4612-84da-df48d047eee9","local_time":"20190627193130","is_ascension_mode":true,"campfire_choices":[{"data":"Leg Sweep","floor":6,"key":"SMITH"},{"floor":8,"key":"REST"},{"data":"Quick Slash","floor":10,"key":"SMITH"},{"floor":15,"key":"REST"},{"floor":23,"key":"REST"},{"floor":27,"key":"REST"},{"floor":30,"key":"REST"},{"floor":32,"key":"REST"},{"floor":40,"key":"REST"},{"data":"Night Terror","floor":42,"key":"SMITH"},{"data":"Catalyst","floor":49,"key":"SMITH"}],"neow_cost":"NONE","seed_source_timestamp":92804213866784,"circlet_count":0,"master_deck":["Defend_G","Defend_G","Defend_G","Defend_G","Defend_G","Strike_G","Survivor","Neutralize","Flechettes+1","Die Die Die+1","Slice+1","Finisher","Infinite Blades+1","Quick Slash","PiercingWail+1","Leg Sweep+1","Quick Slash+1","Noxious Fumes","Noxious Fumes","Riddle With Holes","Noxious Fumes","PiercingWail","Corpse Explosion","Poisoned Stab","All Out Attack","Sucker Punch+1","Bane","Terror+1","Night Terror+1","Writhe","Catalyst+1","Shame","PiercingWail"],"relics":["Astrolabe","Smiling Mask","Dream Catcher","Bag of Preparation","Ectoplasm","WingedGreaves","Lantern","Pen Nib","MutagenicStrength","Cursed Key","Red Mask","Bottled Lightning","Bird Faced Urn"],"potions_floor_usage":[7,18,19,25,25,33,47,50,50,50],"damage_taken":[{"damage":1,"enemies":"Small Slimes","floor":1,"turns":3},{"damage":0,"enemies":"Cultist","floor":2,"turns":2},{"damage":7,"enemies":"Jaw Worm","floor":5,"turns":4},{"damage":16,"enemies":"Gremlin Nob","floor":7,"turns":4},{"damage":27,"enemies":"Exordium Thugs","floor":11,"turns":4},{"damage":0,"enemies":"Blue Slaver","floor":14,"turns":3},{"damage":7,"enemies":"Slime Boss","floor":16,"turns":8},{"damage":10,"enemies":"Spheric Guardian","floor":18,"turns":5},{"damage":7,"enemies":"Chosen","floor":19,"turns":4},{"damage":14,"enemies":"Snecko","floor":22,"turns":5},{"damage":20,"enemies":"Snake Plant","floor":24,"turns":4},{"damage":25,"enemies":"Book of Stabbing","floor":25,"turns":6},{"damage":0,"enemies":"3 Cultists","floor":29,"turns":2},{"damage":27,"enemies":"Champ","floor":33,"turns":9},{"damage":19,"enemies":"3 Shapes","floor":35,"turns":3},{"damage":17,"enemies":"3 Darklings","floor":37,"turns":4},{"damage":1,"enemies":"4 Shapes","floor":41,"turns":5},{"damage":0,"enemies":"Jaw Worm Horde","floor":47,"turns":2},{"damage":0,"enemies":"Mind Bloom Boss Battle","floor":48,"turns":5},{"damage":82,"enemies":"Awakened One","floor":50,"turns":8}],"seed_played":"-461642438635556721","potions_obtained":[{"floor":2,"key":"EssenceOfSteel"},{"floor":5,"key":"AttackPotion"},{"floor":11,"key":"Energy Potion"},{"floor":16,"key":"GamblersBrew"},{"floor":22,"key":"Swift Potion"},{"floor":25,"key":"SkillPotion"},{"floor":29,"key":"Fire Potion"},{"floor":33,"key":"AttackPotion"},{"floor":47,"key":"Fruit Juice"},{"floor":48,"key":"PowerPotion"}],"is_trial":false,"path_per_floor":["M","M","?","$","M","R","E","R","T","R","M","T","$","M","R","B",null,"M","M","$","?","M","R","M","E","T","R","$","M","R","?","R","B",null,"M","?","M","?","?","R","M","R","T","$","$","?","M","?","R","B"],"character_chosen":"THE_SILENT","items_purchased":["Quick Slash","PiercingWail","Noxious Fumes","Riddle With Holes","Pen Nib"],"campfire_rested":7,"item_purchase_floors":[4,4,13,13,28],"current_hp_per_floor":[62,62,62,62,55,55,39,60,60,60,33,33,33,33,54,47,64,54,47,47,47,33,54,34,9,9,30,30,30,51,51,70,43,63,44,62,45,45,45,66,65,65,65,65,65,65,70,70,70,0],"gold":0,"neow_bonus":"BOSS_RELIC","is_prod":false,"is_daily":false,"chose_seed":false,"campfire_upgraded":4,"win_rate":0,"timestamp":1561678290,"path_taken":["M","M","?","$","?","R","E","R","T","R","?","?","?","M","R","BOSS","M","M","$","?","M","R","M","E","T","R","?","M","R","?","R","BOSS","M","?","M","?","?","R","M","R","T","?","$","?","M","?","R","BOSS"],"build_version":"2019-01-23","purchased_purges":0,"victory":false,"max_hp_per_floor":[70,70,70,70,70,70,70,70,70,70,70,70,70,70,70,70,70,70,70,70,70,70,70,70,70,70,70,70,70,70,70,70,70,70,70,70,70,70,70,70,70,70,70,70,70,70,75,75,75,75],"card_choices":[{"not_picked":["Sucker Punch","Deadly Poison"],"picked":"Finisher","floor":1},{"not_picked":["Flechettes","Bane"],"picked":"Infinite Blades","floor":2},{"not_picked":["Riddle With Holes","Dodge and Roll"],"picked":"Leg Sweep","floor":5},{"not_picked":["Deflect","Underhanded Strike"],"picked":"Quick Slash","floor":7},{"not_picked":["Sucker Punch","Grand Finale"],"picked":"Noxious Fumes","floor":11},{"not_picked":["Underhanded Strike","Dagger Throw"],"picked":"Noxious Fumes","floor":14},{"not_picked":["Tactician","Dodge and Roll"],"picked":"PiercingWail","floor":15},{"not_picked":["Glass Knife","Night Terror"],"picked":"Corpse Explosion","floor":16},{"not_picked":["Outmaneuver","Underhanded Strike+1"],"picked":"Poisoned Stab","floor":18},{"not_picked":["Quick Slash","Acrobatics+1"],"picked":"All Out Attack","floor":19},{"not_picked":["Concentrate","Acrobatics","Outmaneuver"],"picked":"SKIP","floor":22},{"not_picked":["Blade Dance+1","Escape Plan"],"picked":"Sucker Punch+1","floor":24},{"not_picked":["Malaise","Prepared+1"],"picked":"Bane","floor":25},{"not_picked":["Deflect+1","Dagger Spray","Well Laid Plans"],"picked":"SKIP","floor":29},{"not_picked":["Dagger Spray+1","Backflip"],"picked":"Terror+1","floor":32},{"not_picked":["Envenom","Doppelganger"],"picked":"Night Terror","floor":33},{"not_picked":["Poisoned Stab","Outmaneuver","Slice+1"],"picked":"SKIP","floor":35},{"not_picked":["Underhanded Strike","Slice"],"picked":"Catalyst","floor":37},{"not_picked":["Dagger Throw+1","Cloak And Dagger","Prepared+1"],"picked":"SKIP","floor":41},{"not_picked":["Backstab","Tactician+1"],"picked":"PiercingWail","floor":47}],"player_experience":496751,"relics_obtained":[{"floor":7,"key":"Smiling Mask"},{"floor":9,"key":"Dream Catcher"},{"floor":12,"key":"Bag of Preparation"},{"floor":25,"key":"WingedGreaves"},{"floor":26,"key":"Lantern"},{"floor":43,"key":"Bottled Lightning"},{"floor":48,"key":"Bird Faced Urn"}],"event_choices":[{"damage_healed":0,"gold_gain":0,"player_choice":"Forge","damage_taken":0,"max_hp_gain":0,"max_hp_loss":0,"event_name":"Accursed Blacksmith","floor":3,"gold_loss":0,"cards_upgraded":["Infinite Blades"]},{"damage_healed":0,"gold_gain":0,"player_choice":"Upgraded","damage_taken":0,"max_hp_gain":0,"max_hp_loss":0,"event_name":"Upgrade Shrine","floor":21,"gold_loss":0,"cards_upgraded":["PiercingWail"]},{"damage_healed":0,"gold_gain":0,"player_choice":"Inject Mutagens","damage_taken":0,"relics_obtained":["MutagenicStrength"],"max_hp_gain":0,"max_hp_loss":0,"event_name":"Drug Dealer","floor":31,"gold_loss":0},{"damage_healed":18,"gold_gain":0,"player_choice":"Writhe","damage_taken":0,"max_hp_gain":0,"max_hp_loss":0,"event_name":"Winding Halls","floor":36,"gold_loss":0,"cards_obtained":["Writhe"]},{"damage_healed":0,"gold_gain":0,"player_choice":"Paid","damage_taken":0,"relics_obtained":["Red Mask"],"max_hp_gain":0,"max_hp_loss":0,"event_name":"Tomb of Lord Red Mask","floor":38,"gold_loss":28},{"cards_removed":["Strike_G"],"damage_healed":0,"gold_gain":0,"player_choice":"Removed Attack","damage_taken":0,"max_hp_gain":0,"max_hp_loss":0,"event_name":"Falling","floor":39,"gold_loss":0},{"damage_healed":0,"gold_gain":0,"player_choice":"Memory 1","damage_taken":0,"max_hp_gain":0,"max_hp_loss":0,"event_name":"SensoryStone","floor":46,"gold_loss":0},{"damage_healed":0,"gold_gain":0,"player_choice":"Fight","damage_taken":0,"max_hp_gain":0,"max_hp_loss":0,"event_name":"MindBloom","floor":48,"gold_loss":0}],"is_beta":false,"boss_relics":[{"not_picked":["Calling Bell","Velvet Choker"],"picked":"Ectoplasm"},{"not_picked":["Eternal Feather","Coffee Dripper"],"picked":"Cursed Key"}],"items_purged_floors":[],"is_endless":false,"potions_floor_spawned":[2,5,11,16,22,25,29,33,47,48],"killed_by":"Awakened One","ascension_level":8}