{"gold_per_floor":[113,124,124,124,143,143,154,174,174,185,110,129,149,173,173,274,274,290,290,305,379,34,34,34,34,34,34,51,51,67,82,82,82],"floor_reached":33,"playtime":2028,"items_purged":["Strike_R","Strike_R"],"score":241,"play_id":"97ad01f5-e906-4b2f-abad-9a657ba3be77","local_time":"20180712134129","is_ascension_mode":false,"campfire_choices":[{"data":"Searing Blow","floor":6,"key":"SMITH"},{"data":"Searing Blow+1","floor":15,"key":"SMITH"},{"data":"Searing Blow+2","floor":23,"key":"SMITH"},{"data":"Mind Blast","floor":29,"key":"SMITH"},{"floor":32,"key":"REST"}],"neow_cost":"NONE","seed_source_timestamp":142833054321475,"circlet_count":0,"master_deck":["Strike_R","Strike_R","Defend_R","Defend_R","Defend_R","Defend_R","Bash","Searing Blow+3","Dropkick","Thunderclap","Clash","Rampage+1","Mind Blast+1"],"relics":["Burning Blood","Bag of Marbles","Ice Cream","Dream Catcher","Velvet Choker","Mummified Hand","Oddly Smooth Stone","The Courier"],"potions_floor_usage":[30,30,33],"damage_taken":[{"damage":3,"enemies":"Small Slimes","floor":1,"turns":3},{"damage":1,"enemies":"Cultist","floor":2,"turns":3},{"damage":6,"enemies":"2 Louse","floor":5,"turns":2},{"damage":5,"enemies":"Exordium Thugs","floor":7,"turns":4},{"damage":0,"enemies":"Large Slime","floor":8,"turns":4},{"damage":6,"enemies":"Exordium Wildlife","floor":10,"turns":3},{"damage":0,"enemies":"Lots of Slimes","floor":12,"turns":3},{"damage":0,"enemies":"Large Slime","floor":13,"turns":4},{"damage":35,"enemies":"The Guardian","floor":16,"turns":11},{"damage":0,"enemies":"Chosen","floor":18,"turns":3},{"damage":0,"enemies":"3 Byrds","floor":20,"turns":4},{"damage":0,"enemies":"Cultist and Chosen","floor":28,"turns":4},{"damage":29,"enemies":"Slaver and Parasite","floor":30,"turns":6},{"damage":9,"enemies":"Snake Plant","floor":31,"turns":2},{"damage":91,"enemies":"Collector","floor":33,"turns":7}],"seed_played":"-436077334109534983","potions_obtained":[{"floor":5,"key":"Poison Potion"},{"floor":8,"key":"Swift Potion"},{"floor":10,"key":"Block Potion"},{"floor":16,"key":"BloodPotion"}],"is_trial":false,"path_per_floor":["M","M","?","?","M","R","M","M","T","M","$","M","M","T","R","B",null,"M","?","M","T","$","R","?","?","T","?","M","R","M","M","R"],"character_chosen":"IRONCLAD","items_purchased":["Mind Blast","Oddly Smooth Stone"],"campfire_rested":1,"item_purchase_floors":[22,22],"current_hp_per_floor":[80,80,80,80,80,80,80,80,80,80,80,80,80,80,80,51,80,80,80,80,80,80,80,80,80,80,80,80,80,65,62,80,0],"gold":82,"neow_bonus":"RANDOM_COMMON_RELIC","is_prod":false,"is_daily":false,"chose_seed":false,"campfire_upgraded":4,"win_rate":0,"timestamp":1531399289,"path_taken":["M","M","?","?","M","R","M","M","T","?","$","M","?","?","R","BOSS","M","?","M","?","$","R","?","?","T","?","M","R","?","M","R","BOSS"],"build_version":"2018-07-05","purchased_purges":2,"victory":false,"max_hp_per_floor":[80,80,80,80,80,80,80,80,80,80,80,80,80,80,80,80,80,80,80,80,80,80,80,80,80,80,80,80,80,80,80,80,80],"card_choices":[{"not_picked":["Wild Strike","Power Through"],"picked":"Searing Blow","floor":1},{"not_picked":["Intimidate","Second Wind","Sword Boomerang"],"picked":"SKIP","floor":2},{"not_picked":["Warcry","Perfected Strike"],"picked":"Dropkick","floor":5},{"not_picked":["Havoc","Flex"],"picked":"Thunderclap","floor":7},{"not_picked":["Warcry","Rupture","Havoc"],"picked":"SKIP","floor":8},{"not_picked":["True Grit","Carnage","Iron Wave"],"picked":"SKIP","floor":10},{"not_picked":["Pummel","Twin Strike","Thunderclap"],"picked":"SKIP","floor":12},{"not_picked":["Brutality","Clothesline"],"picked":"Clash","floor":13},{"not_picked":["Flex","Perfected Strike+1"],"picked":"Rampage+1","floor":18},{"not_picked":["Clothesline+1","Sever Soul+1","Twin Strike"],"picked":"SKIP","floor":20},{"not_picked":["Pommel Strike","Pummel","Sword Boomerang"],"picked":"SKIP","floor":28},{"not_picked":["Twin Strike","Reckless Charge","Shrug It Off"],"picked":"SKIP","floor":30},{"not_picked":["Clothesline","Pummel+1","Combust"],"picked":"SKIP","floor":31}],"player_experience":290517,"relics_obtained":[{"floor":9,"key":"Ice Cream"},{"floor":14,"key":"Dream Catcher"},{"floor":21,"key":"Mummified Hand"},{"floor":26,"key":"The Courier"}],"event_choices":[{"event_name":"Liars Game","player_choice":"disagreed","floor":3,"damage_taken":0},{"event_name":"Bonfire Elementals","player_choice":"BASIC","floor":4,"damage_taken":0},{"event_name":"Vampires","player_choice":"Ignored","floor":19,"damage_taken":0},{"event_name":"Ghosts","player_choice":"Ignored","floor":24,"damage_taken":0},{"event_name":"Addict","player_choice":"Ignored","floor":25,"damage_taken":0},{"event_name":"The Lab","player_choice":"Got Potions","floor":27,"damage_taken":0}],"boss_relics":[{"not_picked":["Black Star","Calling Bell"],"picked":"Velvet Choker"}],"items_purged_floors":[11,22],"is_endless":false,"potions_floor_spawned":[5,8,10,16,20],"killed_by":"Collector","ascension_level":0}