{"gold_per_floor":[111,33,53,65,82,82,114,114,114,139,204,275,285,298,298,403,403,423,338,338,102,118,118,138,138,138,172,172,2,2,15,15,113,113,130,37,54,54,54],"floor_reached":39,"playtime":3390,"items_purged":[],"score":491,"play_id":"292b23b3-684e-4e85-a249-cb384d7afea5","local_time":"20181106193046","is_ascension_mode":true,"campfire_choices":[{"data":"Heavy Blade","floor":6,"key":"SMITH"},{"floor":8,"key":"REST"},{"floor":15,"key":"REST"},{"floor":23,"key":"REST"},{"data":"Barricade","floor":28,"key":"SMITH"},{"data":"Bash","floor":30,"key":"SMITH"},{"floor":32,"key":"REST"}],"neow_cost":"NONE","seed_source_timestamp":1560494221260541,"circlet_count":0,"master_deck":["Strike_R","Strike_R","Strike_R","Strike_R","Defend_R","Defend_R","Defend_R","Defend_R","Bash+1","Cleave","Armaments","Whirlwind","Spot Weakness","Heavy Blade+1","Juggernaut","Spot Weakness","Shockwave","Barricade+1","Rage+1","Metallicize","Blind+1","Warcry+1","Entrench+1","Secret Weapon+1","Shrug It Off+1","Demon Form","Flame Barrier+1","Dramatic Entrance"],"relics":["Burning Blood","Regal Pillow","Blue Candle","StoneCalendar","Potion Belt","Mark of Pain","Toxic Egg 2","Matryoshka","Anchor","Eternal Feather"],"potions_floor_usage":[10,14,16,24,27,35],"damage_taken":[{"damage":4,"enemies":"Small Slimes","floor":1,"turns":4},{"damage":6,"enemies":"Jaw Worm","floor":3,"turns":4},{"damage":1,"enemies":"Cultist","floor":4,"turns":4},{"damage":2,"enemies":"3 Louse","floor":5,"turns":2},{"damage":25,"enemies":"3 Sentries","floor":7,"turns":7},{"damage":36,"enemies":"Lagavulin","floor":10,"turns":7},{"damage":22,"enemies":"3 Sentries","floor":11,"turns":5},{"damage":16,"enemies":"Exordium Wildlife","floor":13,"turns":5},{"damage":0,"enemies":"Lots of Slimes","floor":14,"turns":1},{"damage":50,"enemies":"Hexaghost","floor":16,"turns":8},{"damage":25,"enemies":"Shell Parasite","floor":18,"turns":7},{"damage":33,"enemies":"Spheric Guardian","floor":22,"turns":6},{"damage":15,"enemies":"Snake Plant","floor":24,"turns":4},{"damage":13,"enemies":"Gremlin Leader","floor":27,"turns":5},{"damage":16,"enemies":"Shelled Parasite and Fungi","floor":31,"turns":6},{"damage":76,"enemies":"Automaton","floor":33,"turns":10},{"damage":15,"enemies":"3 Darklings","floor":35,"turns":7},{"damage":42,"enemies":"Orb Walker","floor":37,"turns":7},{"damage":46,"enemies":"Transient","floor":39,"turns":3}],"seed_played":"7871775733044020947","potions_obtained":[{"floor":3,"key":"Fire Potion"},{"floor":11,"key":"PowerPotion"},{"floor":13,"key":"AttackPotion"},{"floor":16,"key":"Weak Potion"},{"floor":22,"key":"Poison Potion"},{"floor":33,"key":"Energy Potion"}],"is_trial":false,"path_per_floor":["M","$","M","M","M","R","E","R","T","E","?","?","M","M","R","B",null,"M","?","?","$","M","R","M","?","T","E","R","$","R","M","R","B",null,"M","$","M","$","M"],"character_chosen":"IRONCLAD","items_purchased":["Whirlwind","Rage+1","Metallicize","Blind+1","Secret Weapon+1","Dramatic Entrance"],"campfire_rested":4,"item_purchase_floors":[2,21,21,21,29,36],"current_hp_per_floor":[80,80,80,80,80,80,61,80,80,50,34,34,24,30,69,25,80,61,61,61,61,34,73,64,80,80,73,73,73,73,63,80,10,80,71,71,35,35,0],"gold":54,"neow_bonus":"THREE_CARDS","is_prod":false,"is_daily":false,"chose_seed":false,"campfire_upgraded":3,"win_rate":0,"timestamp":1541532646,"path_taken":["M","$","M","M","M","R","E","R","T","E","?","?","?","M","R","BOSS","M","?","?","$","M","R","?","?","T","E","R","$","R","M","R","BOSS","M","$","M","$","M"],"build_version":"2018-11-01","purchased_purges":0,"victory":false,"max_hp_per_floor":[80,80,80,80,80,80,80,80,80,80,80,80,80,80,80,80,80,80,80,80,80,80,80,80,80,80,80,80,80,80,80,80,80,80,80,80,80,80,80],"card_choices":[{"not_picked":["Fire Breathing","Pommel Strike"],"picked":"Cleave","floor":0},{"not_picked":["Clothesline","Flex"],"picked":"Armaments","floor":1},{"not_picked":["Warcry","Flex"],"picked":"Spot Weakness","floor":3},{"not_picked":["Evolve","Thunderclap","Sword Boomerang"],"picked":"SKIP","floor":4},{"not_picked":["Twin Strike","Armaments"],"picked":"Heavy Blade","floor":5},{"not_picked":["Body Slam","Spot Weakness"],"picked":"Juggernaut","floor":7},{"not_picked":["Evolve","Intimidate"],"picked":"Spot Weakness","floor":10},{"not_picked":["Clash","Carnage"],"picked":"Shockwave","floor":13},{"not_picked":["Thunderclap","Bloodletting","Sentinel"],"picked":"SKIP","floor":14},{"not_picked":["Juggernaut","Dark Embrace"],"picked":"Barricade","floor":16},{"not_picked":["Anger","Flex","Seeing Red"],"picked":"SKIP","floor":18},{"not_picked":["Anger","Havoc+1","Clash"],"picked":"SKIP","floor":22},{"not_picked":["Sword Boomerang","Bludgeon"],"picked":"Warcry+1","floor":24},{"not_picked":["Iron Wave","Anger"],"picked":"Entrench+1","floor":27},{"not_picked":["Havoc+1","Headbutt"],"picked":"Shrug It Off+1","floor":31},{"not_picked":["Brutality","Reaper"],"picked":"Demon Form","floor":33},{"not_picked":["Havoc+1","Heavy Blade+1"],"picked":"Flame Barrier+1","floor":35},{"not_picked":["Headbutt+1","Twin Strike+1","Thunderclap"],"picked":"SKIP","floor":37}],"player_experience":784507,"relics_obtained":[{"floor":7,"key":"Regal Pillow"},{"floor":9,"key":"Blue Candle"},{"floor":10,"key":"StoneCalendar"},{"floor":11,"key":"Potion Belt"},{"floor":26,"key":"Matryoshka"},{"floor":27,"key":"Anchor"}],"event_choices":[{"damage_healed":0,"gold_gain":0,"player_choice":"Searched \u00271\u0027 times","damage_taken":0,"max_hp_gain":0,"max_hp_loss":0,"event_name":"Dead Adventurer","floor":11,"gold_loss":0},{"damage_healed":0,"gold_gain":71,"player_choice":"Gained Gold","damage_taken":0,"max_hp_gain":0,"max_hp_loss":0,"event_name":"Golden Wing","floor":12,"gold_loss":0},{"damage_healed":0,"gold_gain":0,"player_choice":"Obtained Relic","damage_taken":0,"relics_obtained":["Toxic Egg 2"],"max_hp_gain":0,"max_hp_loss":0,"event_name":"Addict","floor":19,"gold_loss":85},{"cards_removed":["Strike_R"],"damage_healed":0,"gold_gain":0,"player_choice":"Purged","damage_taken":0,"max_hp_gain":0,"max_hp_loss":0,"event_name":"Purifier","floor":20,"gold_loss":0},{"damage_healed":26,"gold_gain":0,"player_choice":"Heal","damage_taken":0,"max_hp_gain":0,"max_hp_loss":0,"event_name":"The Library","floor":25,"gold_loss":0}],"is_beta":false,"boss_relics":[{"not_picked":["Black Blood","Lizard Tail"],"picked":"Mark of Pain"},{"not_picked":["White Beast Statue","Philosopher\u0027s Stone"],"picked":"Eternal Feather"}],"items_purged_floors":[],"is_endless":false,"potions_floor_spawned":[3,11,13,16,22,33],"killed_by":"Transient","ascension_level":4}