{"path_per_floor":["M","M","M","?","M","R","E","R","T","$","M","M","R","M","R","B",null,"M","M","?","?","M","R"],"character_chosen":"IRONCLAD","items_purchased":["Berserk","Sword Boomerang","Swift Strike"],"gold_per_floor":[111,130,140,240,256,256,282,282,308,22,32,46,46,58,58,161,161,143,154,154,254,273,273,273],"floor_reached":24,"campfire_rested":3,"playtime":3821,"current_hp_per_floor":[80,80,80,80,78,78,58,80,80,80,77,79,79,64,80,12,80,64,52,37,37,29,54,0],"items_purged":[],"gold":273,"score":200,"play_id":"794f4114-9e44-449d-ba27-3b1a428099df","local_time":"20180506232802","is_prod":false,"is_daily":false,"chose_seed":false,"is_ascension_mode":false,"campfire_upgraded":2,"timestamp":1525645682,"path_taken":["M","?","M","?","M","R","E","R","T","$","M","M","R","M","R","BOSS","M","M","?","?","M","R","E"],"build_version":"2018-05-03","seed_source_timestamp":0,"purchased_purges":0,"victory":false,"master_deck":["Strike_R","Strike_R","Strike_R","Strike_R","Strike_R","Defend_R+1","Defend_R","Defend_R","Defend_R+1","Bash","Cleave+1","Searing Blow","Iron Wave","Flame Barrier+1","Body Slam","Berserk","Sword Boomerang","Swift Strike","Pommel Strike","Dual Wield","Corruption","Juggernaut","Rage","Metallicize+1","Armaments"],"max_hp_per_floor":[80,80,80,80,80,80,80,80,80,80,80,80,80,80,80,80,80,80,80,85,85,85,85,85],"relics":["Black Blood","War Paint","Orichalcum"],"card_choices":[{"not_picked":["Armaments","Seeing Red"],"picked":"Cleave","floor":1.0},{"not_picked":["Battle Trance","Burning Pact"],"picked":"Searing Blow","floor":2.0},{"not_picked":["True Grit","Thunderclap"],"picked":"Iron Wave","floor":3.0},{"not_picked":["Reckless Charge","Anger"],"picked":"Flame Barrier","floor":5.0},{"not_picked":["Armaments","Disarm"],"picked":"Body Slam","floor":7.0},{"not_picked":["Pummel","Shrug It Off"],"picked":"Pommel Strike","floor":11.0},{"not_picked":["Thunderclap","Twin Strike"],"picked":"Dual Wield","floor":12.0},{"not_picked":["Power Through","Flex"],"picked":"Corruption","floor":14.0},{"not_picked":["Offering","Dark Embrace"],"picked":"Juggernaut","floor":16.0},{"not_picked":["Searing Blow","Anger"],"picked":"Rage","floor":18.0},{"not_picked":["Anger","Ghostly Armor"],"picked":"Metallicize","floor":19},{"not_picked":["Corruption","Twin Strike"],"picked":"Armaments","floor":22}],"player_experience":0,"potions_floor_usage":[24],"damage_taken":[{"damage":5.0,"enemies":"Cultist","floor":1.0,"turns":4.0},{"damage":0.0,"enemies":"2 Louse","floor":2.0,"turns":3.0},{"damage":0.0,"enemies":"Small Slimes","floor":3.0,"turns":3.0},{"damage":8.0,"enemies":"Red Slaver","floor":5.0,"turns":3.0},{"damage":26.0,"enemies":"Lagavulin","floor":7.0,"turns":9.0},{"damage":9.0,"enemies":"Large Slime","floor":11.0,"turns":7.0},{"damage":4.0,"enemies":"Looter","floor":12.0,"turns":3.0},{"damage":21.0,"enemies":"Gremlin Gang","floor":14.0,"turns":4.0},{"damage":74.0,"enemies":"The Guardian","floor":16.0,"turns":15.0},{"damage":26.0,"enemies":"2 Thieves","floor":18.0,"turns":4.0},{"damage":22.0,"enemies":"Shell Parasite","floor":19.0,"turns":7.0},{"damage":18,"enemies":"Snecko","floor":22,"turns":7},{"damage":63,"enemies":"Slavers","floor":24,"turns":4}],"event_choices":[{"event_name":"Golden Shrine","player_choice":"Pray","floor":4.0,"damage_taken":0.0},{"event_name":"Forgotten Altar","player_choice":"Shed Blood","floor":20,"damage_taken":0},{"event_name":"Golden Shrine","player_choice":"Pray","floor":21,"damage_taken":0}],"boss_relics":[],"potions_floor_spawned":[2,3,7,12,19,22],"seed_played":"5115815103645014310","killed_by":"Slavers","ascension_level":0,"is_trial":false}