{"gold_per_floor":[114,127,127,140,140,140,165,178,224,242,242,167,186,86,86,86],"floor_reached":16,"playtime":467,"items_purged":["Searing Blow","Strike_R"],"score":153,"play_id":"959cee77-6847-414b-bee4-60de2539f234","local_time":"20190219110841","is_ascension_mode":true,"campfire_choices":[{"data":"Rampage","floor":6,"key":"SMITH"},{"data":"Double Tap","floor":15,"key":"SMITH"}],"neow_cost":"NONE","seed_source_timestamp":0,"circlet_count":0,"master_deck":["Strike_R","Strike_R","Strike_R","Strike_R","Defend_R","Defend_R","Defend_R","Bash","Rampage+1","Spot Weakness","Thunderclap","Double Tap+1","Shrug It Off","Headbutt"],"special_seed":0,"relics":["Burning Blood","Juzu Bracelet","Pear","Bag of Preparation"],"potions_floor_usage":[16,16,16],"damage_taken":[{"damage":2.0,"enemies":"2 Louse","floor":1.0,"turns":3.0},{"damage":7.0,"enemies":"Small Slimes","floor":2.0,"turns":4.0},{"damage":1,"enemies":"Cultist","floor":4,"turns":3},{"damage":55,"enemies":"3 Sentries","floor":7,"turns":6},{"damage":11,"enemies":"Looter","floor":8,"turns":2},{"damage":7,"enemies":"2 Fungi Beasts","floor":10,"turns":3},{"damage":6,"enemies":"Exordium Wildlife","floor":13,"turns":2},{"damage":40,"enemies":"The Guardian","floor":16,"turns":7}],"seed_played":"7323621869393180643","potions_obtained":[{"floor":2.0,"key":"SkillPotion"},{"floor":7,"key":"FearPotion"},{"floor":8,"key":"Strength Potion"}],"is_trial":false,"path_per_floor":["M","M","?","M","?","R","E","M","T","M","?","$","M","$","R","B"],"character_chosen":"IRONCLAD","items_purchased":[],"campfire_rested":0,"item_purchase_floors":[],"current_hp_per_floor":[80,79,84,85,85,85,46,41,41,40,40,40,40,40,40,0],"gold":86,"neow_bonus":"RANDOM_COMMON_RELIC","is_prod":false,"is_daily":false,"chose_seed":false,"campfire_upgraded":2,"win_rate":0,"timestamp":1550603321,"path_taken":["M","M","?","M","?","R","E","M","T","M","?","$","M","$","R","BOSS"],"build_version":"2019-01-23","purchased_purges":2,"victory":false,"max_hp_per_floor":[80,80,85,85,85,85,95,95,95,95,95,95,95,95,95,95],"card_choices":[{"not_picked":["Wild Strike","Heavy Blade"],"picked":"Rampage","floor":1.0},{"not_picked":["Bloodletting","True Grit"],"picked":"Spot Weakness","floor":2.0},{"not_picked":["Warcry","Body Slam"],"picked":"Thunderclap","floor":4},{"not_picked":["Warcry","Clothesline"],"picked":"Double Tap","floor":7},{"not_picked":["True Grit","Warcry"],"picked":"Shrug It Off","floor":8},{"not_picked":["Cleave","Burning Pact"],"picked":"Headbutt","floor":10},{"not_picked":["Iron Wave","Warcry","Sentinel"],"picked":"SKIP","floor":13}],"player_experience":211528,"relics_obtained":[{"floor":7,"key":"Pear"},{"floor":9,"key":"Bag of Preparation"}],"event_choices":[{"damage_healed":0,"gold_gain":0,"player_choice":"Donut","damage_taken":0,"max_hp_gain":5,"max_hp_loss":0,"event_name":"Big Fish","floor":3,"gold_loss":0},{"damage_healed":0,"gold_gain":0,"cards_transformed":["Defend_R"],"player_choice":"Transformed","damage_taken":0,"max_hp_gain":0,"max_hp_loss":0,"event_name":"Transmorgrifier","floor":5,"gold_loss":0,"cards_obtained":["Searing Blow"]},{"damage_healed":0,"gold_gain":0,"player_choice":"Ignored","damage_taken":0,"max_hp_gain":0,"max_hp_loss":0,"event_name":"Liars Game","floor":11,"gold_loss":0}],"is_beta":false,"boss_relics":[],"items_purged_floors":[12,14],"is_endless":false,"potions_floor_spawned":[2,7,8,10],"killed_by":"The Guardian","ascension_level":5}