{"gold_per_floor":[110,122,135,20,20,55,55,66,111,141,151,151,161,177,177,280,280,295,295,265,87,102,102,112,112],"floor_reached":25,"playtime":2461,"items_purged":[],"score":246,"play_id":"13ae942d-0c54-42d0-ab25-42672ac1c8ff","local_time":"20180809230608","is_ascension_mode":true,"campfire_choices":[{"floor":7,"key":"REST"},{"data":"Neutralize","floor":12,"key":"SMITH"},{"floor":15,"key":"REST"},{"floor":23,"key":"REST"}],"neow_cost":"","seed_source_timestamp":531026275816257,"circlet_count":0,"master_deck":["Defend_G","Defend_G","Defend_G","Defend_G","Defend_G","Strike_G","Strike_G","Strike_G","Strike_G","Strike_G","Survivor","Neutralize+1","Leg Sweep","Flying Knee","Slice","Well Laid Plans","Skewer","Leg Sweep","Deflect","Dodge and Roll","Accuracy","Noxious Fumes","A Thousand Cuts","Dagger Throw+1","Panache","Noxious Fumes","A Thousand Cuts"],"relics":["Ring of the Snake","Meat on the Bone","Art of War","Pen Nib","Odd Mushroom","White Beast Statue","Nilry\u0027s Codex"],"potions_floor_usage":[6,10,14,16,22,24,25,25,25],"damage_taken":[{"damage":1,"enemies":"Cultist","floor":1,"turns":4},{"damage":0,"enemies":"2 Louse","floor":2,"turns":4},{"damage":0,"enemies":"Jaw Worm","floor":3,"turns":3},{"damage":23,"enemies":"3 Sentries","floor":6,"turns":9},{"damage":1,"enemies":"Looter","floor":8,"turns":4},{"damage":21,"floor":10,"turns":3},{"damage":0,"enemies":"Exordium Wildlife","floor":11,"turns":2},{"damage":6,"enemies":"Gremlin Gang","floor":13,"turns":7},{"damage":2,"enemies":"2 Fungi Beasts","floor":14,"turns":4},{"damage":33,"enemies":"Hexaghost","floor":16,"turns":14},{"damage":16,"enemies":"Shell Parasite","floor":18,"turns":10},{"damage":14,"enemies":"Chosen","floor":22,"turns":5},{"damage":13,"enemies":"Snecko","floor":24,"turns":5},{"damage":51,"enemies":"Book of Stabbing","floor":25,"turns":7}],"seed_played":"9005464483007147478","potions_obtained":[{"floor":2,"key":"Fire Potion"},{"floor":3,"key":"EssenceOfSteel"},{"floor":8,"key":"Explosive Potion"},{"floor":13,"key":"Regen Potion"},{"floor":14,"key":"FearPotion"},{"floor":18,"key":"Fire Potion"},{"floor":20,"key":"Fruit Juice"},{"floor":20,"key":"Strength Potion"},{"floor":22,"key":"Ancient Potion"},{"floor":24,"key":"Weak Potion"}],"is_trial":false,"path_per_floor":["M","M","M","$","?","E","R","M","T","?","M","R","M","M","R","B",null,"M","?","?","$","M","R","M"],"character_chosen":"THE_SILENT","items_purchased":["Well Laid Plans","Skewer","Panache"],"campfire_rested":3,"item_purchase_floors":[4,4,21],"current_hp_per_floor":[69,69,69,69,69,46,67,66,66,45,45,45,39,49,70,37,70,54,38,38,38,41,63,50,0],"gold":112,"neow_bonus":"","is_prod":false,"is_daily":false,"chose_seed":false,"campfire_upgraded":1,"win_rate":0,"timestamp":1533852368,"path_taken":["M","M","M","?","?","E","R","M","T","?","?","R","M","M","R","BOSS","M","?","?","$","M","R","M","E"],"build_version":"2018-08-02","purchased_purges":0,"victory":false,"max_hp_per_floor":[70,70,70,70,70,70,70,70,70,70,70,70,70,70,70,70,70,70,70,70,70,75,75,75,75],"card_choices":[{"not_picked":["Dagger Throw","Predator"],"picked":"Leg Sweep","floor":1},{"not_picked":["Poisoned Stab","Finisher"],"picked":"Flying Knee","floor":2},{"not_picked":["Deadly Poison","All Out Attack"],"picked":"Slice","floor":3},{"not_picked":["Flying Knee","Skewer"],"picked":"Leg Sweep","floor":6},{"not_picked":["Deadly Poison","Flechettes"],"picked":"Deflect","floor":8},{"not_picked":["Tactician","Sucker Punch"],"picked":"Dodge and Roll","floor":10},{"not_picked":["Eviscerate","Masterful Stab","Underhanded Strike"],"picked":"SKIP","floor":11},{"not_picked":["Escape Plan","Acrobatics"],"picked":"Accuracy","floor":13},{"not_picked":["Dodge and Roll","Blade Dance"],"picked":"Noxious Fumes","floor":14},{"not_picked":["Phantasmal Killer","Die Die Die"],"picked":"A Thousand Cuts","floor":16},{"not_picked":["Flying Knee","Escape Plan"],"picked":"Dagger Throw+1","floor":18},{"not_picked":["PiercingWail","Underhanded Strike+1"],"picked":"Noxious Fumes","floor":22},{"not_picked":["Bouncing Flask","Eviscerate"],"picked":"A Thousand Cuts","floor":24}],"player_experience":623439,"relics_obtained":[{"floor":6,"key":"Art of War"},{"floor":9,"key":"Pen Nib"},{"floor":10,"key":"Odd Mushroom"},{"floor":19,"key":"Nilry\u0027s Codex"}],"event_choices":[{"event_name":"WeMeetAgain","player_choice":"Potion","floor":5,"damage_taken":0},{"event_name":"Mushrooms","player_choice":"Fought Mushrooms","floor":10,"damage_taken":0},{"event_name":"Cursed Tome","player_choice":"Obtained Book","floor":19,"damage_taken":0},{"event_name":"The Woman in Blue","player_choice":"Bought 2 Potions","floor":20,"damage_taken":0}],"is_beta":false,"boss_relics":[{"not_picked":["Runic Dome","Snecko Eye"],"picked":"White Beast Statue"}],"items_purged_floors":[],"is_endless":false,"potions_floor_spawned":[2,3,8,13,14,18,22,24],"killed_by":"Book of Stabbing","ascension_level":4}