{"gold_per_floor":[117,42,42,53,70,70,70,70,97,197,212,212,212,225,225,326,326,338,438,314,324,338,338,338,253,253,264,264,264],"floor_reached":29,"playtime":2542,"items_purged":["Strike_B","Defend_B"],"score":213,"play_id":"bb7fde32-6485-4e98-aaff-2e345ab2a3fd","local_time":"20190207135640","is_ascension_mode":false,"campfire_choices":[{"data":"Echo Form","floor":6,"key":"SMITH"},{"data":"Cold Snap","floor":13,"key":"SMITH"},{"floor":15,"key":"REST"},{"data":"Streamline","floor":23,"key":"SMITH"},{"floor":28,"key":"REST"}],"neow_cost":"TEN_PERCENT_HP_LOSS","seed_source_timestamp":9346681040155,"circlet_count":0,"master_deck":["Defend_B+1","Defend_B","Zap","Dualcast+1","Echo Form+1","Go for the Eyes","Cold Snap+1","Rebound","Machine Learning","Streamline+1","Streamline+1","Leap","Coolheaded+1"],"relics":["Cracked Core","War Paint","Empty Cage","Pocketwatch","Meat on the Bone","StoneCalendar","Smiling Mask"],"potions_floor_usage":[11,16,19,21,22],"damage_taken":[{"damage":14,"enemies":"Small Slimes","floor":1,"turns":4},{"damage":11,"enemies":"Jaw Worm","floor":4,"turns":3},{"damage":0,"enemies":"Cultist","floor":5,"turns":4},{"damage":0,"enemies":"2 Fungi Beasts","floor":11,"turns":3},{"damage":5,"enemies":"Large Slime","floor":14,"turns":6},{"damage":19,"enemies":"The Guardian","floor":16,"turns":13},{"damage":0,"enemies":"Spheric Guardian","floor":18,"turns":5},{"damage":22,"enemies":"Colosseum Slavers","floor":19,"turns":5},{"damage":32,"enemies":"Colosseum Nobs","floor":19,"turns":6},{"damage":13,"enemies":"2 Thieves","floor":21,"turns":3},{"damage":6,"enemies":"Cultist and Chosen","floor":22,"turns":5},{"damage":17,"enemies":"3 Cultists","floor":27,"turns":7},{"damage":39,"enemies":"Slavers","floor":29,"turns":4}],"seed_played":"8036225365945067979","potions_obtained":[{"floor":4,"key":"AttackPotion"},{"floor":14,"key":"Ancient Potion"},{"floor":18,"key":"LiquidBronze"},{"floor":19,"key":"EssenceOfSteel"},{"floor":21,"key":"FocusPotion"}],"is_trial":false,"path_per_floor":["M","$","?","M","M","R","$","?","T","?","M","?","R","M","R","B",null,"M","?","$","M","M","R","?","?","T","M","R","E"],"character_chosen":"DEFECT","items_purchased":["Streamline"],"campfire_rested":2,"item_purchase_floors":[20],"current_hp_per_floor":[54,54,54,43,43,43,43,43,43,43,43,36,36,31,51,32,68,68,14,14,13,19,19,19,19,19,14,34,0],"gold":264,"neow_bonus":"THREE_RARE_CARDS","is_prod":false,"is_daily":false,"chose_seed":false,"campfire_upgraded":3,"win_rate":0.0,"timestamp":1549576600,"path_taken":["M","$","?","M","M","R","$","?","T","?","?","?","R","M","R","BOSS","M","?","$","M","M","R","?","?","T","M","R","E"],"build_version":"2019-01-23","purchased_purges":2,"victory":false,"max_hp_per_floor":[68,68,68,68,68,68,68,68,68,68,68,68,68,68,68,68,68,68,68,68,68,68,68,68,68,68,68,68,68],"card_choices":[{"not_picked":["All For One","Fission"],"picked":"Echo Form","floor":0},{"not_picked":["Stack","Gash","Darkness"],"picked":"SKIP","floor":1},{"not_picked":["Stack","Turbo","Compile Driver"],"picked":"SKIP","floor":4},{"not_picked":["Gash","Compile Driver"],"picked":"Go for the Eyes","floor":5},{"not_picked":["Meteor Strike","Turbo"],"picked":"Cold Snap","floor":11},{"not_picked":["Redo","Gash"],"picked":"Rebound","floor":14},{"not_picked":["Multi-Cast","Rainbow"],"picked":"Machine Learning","floor":16},{"not_picked":["Blizzard","Gash","Lockon"],"picked":"SKIP","floor":18},{"not_picked":["Consume","Hologram"],"picked":"Streamline+1","floor":19},{"not_picked":["Compile Driver+1","Hello World","Rebound"],"picked":"SKIP","floor":21},{"not_picked":["Double Energy","Gash"],"picked":"Leap","floor":22},{"not_picked":["Auto Shields","Rebound"],"picked":"Coolheaded+1","floor":27}],"player_experience":76584,"relics_obtained":[{"floor":9,"key":"War Paint"},{"floor":19,"key":"Pocketwatch"},{"floor":19,"key":"Meat on the Bone"},{"floor":26,"key":"Smiling Mask"}],"event_choices":[{"damage_healed":0,"gold_gain":0,"player_choice":"Ignored","damage_taken":0,"max_hp_gain":0,"max_hp_loss":0,"event_name":"Liars Game","floor":3,"gold_loss":0},{"cards_removed":["Strike_B"],"damage_healed":0,"gold_gain":0,"player_choice":"Forget","damage_taken":0,"max_hp_gain":0,"max_hp_loss":0,"event_name":"Living Wall","floor":8,"gold_loss":0},{"damage_healed":0,"gold_gain":100,"player_choice":"Pray","damage_taken":0,"max_hp_gain":0,"max_hp_loss":0,"event_name":"Golden Shrine","floor":10,"gold_loss":0},{"cards_removed":["Strike_B"],"damage_healed":0,"gold_gain":0,"player_choice":"Card Removal","damage_taken":7,"max_hp_gain":0,"max_hp_loss":0,"event_name":"Golden Wing","floor":12,"gold_loss":0},{"damage_healed":0,"gold_gain":0,"player_choice":"Fight","damage_taken":0,"max_hp_gain":0,"max_hp_loss":0,"event_name":"Colosseum","floor":19,"gold_loss":0},{"damage_healed":0,"gold_gain":0,"player_choice":"Fought Nobs","damage_taken":0,"max_hp_gain":0,"max_hp_loss":0,"event_name":"Colosseum","floor":19,"gold_loss":0},{"damage_healed":0,"gold_gain":0,"player_choice":"Ignored","damage_taken":0,"max_hp_gain":0,"max_hp_loss":0,"event_name":"Ghosts","floor":24,"gold_loss":0},{"damage_healed":0,"gold_gain":0,"player_choice":"Obtained Relic","damage_taken":0,"relics_obtained":["StoneCalendar"],"max_hp_gain":0,"max_hp_loss":0,"event_name":"Addict","floor":25,"gold_loss":85}],"is_beta":false,"boss_relics":[{"not_picked":["Cursed Key","FrozenCore"],"picked":"Empty Cage"}],"items_purged_floors":[2,20],"is_endless":false,"potions_floor_spawned":[4,14,18,19,21],"killed_by":"Slavers","ascension_level":0}