{"gold_per_floor":[109,120,137,62,81,110,123,135,186,186,186,214,214,228,228,353,353,374,357,161,161,161,161,72,72,147,147,147,163,178,88,88,207,207,227,241,78,102,121,154,154,167,218,239,279,129,129,129,129,129,129,129,9,45,45],"floor_reached":55,"playtime":22433,"items_purged":["Strike_R","Strike_R","Anger","Regret"],"score":714,"play_id":"6bb19b4c-0a08-4e20-9b85-72a793dad5d9","local_time":"20190730014928","is_ascension_mode":false,"campfire_choices":[{"data":"Shockwave","floor":11.0,"key":"SMITH"},{"data":"Armaments","floor":15.0,"key":"SMITH"},{"data":"Offering","floor":23.0,"key":"SMITH"},{"data":"Entrench","floor":25.0,"key":"SMITH"},{"data":"Dual Wield","floor":28.0,"key":"SMITH"},{"data":"Warcry","floor":32.0,"key":"SMITH"},{"floor":47,"key":"RECALL"},{"data":"Berserk","floor":49,"key":"SMITH"},{"data":"Feel No Pain","floor":52,"key":"SMITH"}],"neow_cost":"NONE","seed_source_timestamp":0,"circlet_count":0,"master_deck":["Defend_R+1","Defend_R+1","Bash","Armaments+1","Headbutt","Shockwave+1","Feed","Rampage","Dropkick+1","Body Slam","Entrench+1","Bludgeon","Offering+1","Shrug It Off","Dual Wield+1","Purity","Ghostly Armor","Flash of Steel","Warcry+1","Berserk+1","Second Wind","Seeing Red+1","Disarm+1","Carnage+1","Feel No Pain+1","Intimidate+1","Sever Soul","Intimidate"],"special_seed":0,"relics":["Burning Blood","War Paint","Red Skull","Bag of Preparation","Golden Idol","Eternal Feather","Self Forming Clay","Cursed Key","Letter Opener","PreservedInsect","Bottled Flame"],"potions_floor_usage":[39,40,45,45,50,55,55],"damage_taken":[{"damage":2.0,"enemies":"2 Louse","floor":1.0,"turns":4.0},{"damage":0.0,"enemies":"Small Slimes","floor":2.0,"turns":3.0},{"damage":1.0,"enemies":"Jaw Worm","floor":3.0,"turns":4.0},{"damage":5.0,"enemies":"Exordium Wildlife","floor":5.0,"turns":5.0},{"damage":29.0,"enemies":"Lagavulin","floor":6.0,"turns":11.0},{"damage":3.0,"enemies":"Exordium Thugs","floor":7.0,"turns":6.0},{"damage":1.0,"enemies":"Blue Slaver","floor":8.0,"turns":6.0},{"damage":24.0,"enemies":"Gremlin Nob","floor":12.0,"turns":4.0},{"damage":0.0,"enemies":"Looter","floor":14.0,"turns":3.0},{"damage":18.0,"enemies":"Hexaghost","floor":16.0,"turns":8.0},{"damage":1.0,"enemies":"Chosen","floor":18.0,"turns":4.0},{"damage":11.0,"enemies":"2 Thieves","floor":19.0,"turns":4.0},{"damage":17.0,"enemies":"Colosseum Slavers","floor":27.0,"turns":5.0},{"damage":5.0,"enemies":"Centurion and Healer","floor":29.0,"turns":7.0},{"damage":6.0,"enemies":"3 Cultists","floor":30.0,"turns":7.0},{"damage":60.0,"enemies":"Automaton","floor":33.0,"turns":9.0},{"damage":2.0,"enemies":"Orb Walker","floor":35.0,"turns":3.0},{"damage":6,"enemies":"3 Darklings","floor":36,"turns":4},{"damage":20,"enemies":"Spire Growth","floor":38,"turns":5},{"damage":17,"enemies":"Jaw Worm Horde","floor":39,"turns":4},{"damage":0,"enemies":"Nemesis","floor":40,"turns":5},{"damage":8,"enemies":"4 Shapes","floor":42,"turns":5},{"damage":2,"enemies":"Transient","floor":44,"turns":5},{"damage":30,"enemies":"Giant Head","floor":45,"turns":7},{"damage":36,"enemies":"Donu and Deca","floor":50,"turns":9},{"damage":11,"enemies":"Shield and Spear","floor":54,"turns":6},{"damage":80,"enemies":"The Heart","floor":55,"turns":5}],"seed_played":"1127979562270456611","potions_obtained":[{"floor":5.0,"key":"Weak Potion"},{"floor":6.0,"key":"SkillPotion"},{"floor":7.0,"key":"SteroidPotion"},{"floor":14.0,"key":"LiquidBronze"},{"floor":16.0,"key":"BloodPotion"},{"floor":36,"key":"Poison Potion"},{"floor":40,"key":"EntropicBrew"}],"is_trial":false,"path_per_floor":["M","M","M","$","M","E","M","M","T","?","R","E","?","M","R","B",null,"M","M","$","?","?","R","$","R","T","?","R","M","M","?","R","B",null,"M","M","$","M","M","E","?","M","T","M","E","$","R","?","R","B",null,"R","$","E","B"],"character_chosen":"IRONCLAD","items_purchased":["Purity","Flash of Steel","Second Wind","Sever Soul","Swift Potion"],"campfire_rested":0,"item_purchase_floors":[20,24,37,53,53],"current_hp_per_floor":[80,80,80,80,83,63,66,74,74,74,74,56,56,65,65,53,85,85,80,80,80,80,85,85,85,85,74,85,85,85,85,85,31,85,85,85,85,71,60,66,66,68,68,72,69,69,84,84,85,55,85,85,85,80,0],"gold":45,"neow_bonus":"TRANSFORM_CARD","is_prod":false,"is_daily":false,"chose_seed":false,"campfire_upgraded":8,"win_rate":0,"timestamp":1564465768,"path_taken":["M","M","M","$","M","E","M","M","T","?","R","E","?","M","R","BOSS","M","M","$","?","?","R","$","R","T","?","R","M","?","?","R","BOSS","M","M","$","M","M","E","?","M","T","M","E","$","R","?","R","BOSS","R","$","E","BOSS"],"build_version":"2019-07-17","purchased_purges":4,"victory":false,"max_hp_per_floor":[80,80,80,80,83,86,86,89,89,89,89,89,82,85,85,85,85,85,85,85,85,85,85,85,85,85,85,85,85,85,85,85,85,85,85,85,85,85,85,85,81,85,85,85,85,85,85,85,85,85,85,85,85,85,85],"card_choices":[{"not_picked":["Armaments","Warcry"],"picked":"Headbutt","floor":1.0},{"not_picked":["Clothesline","Flex"],"picked":"Shockwave","floor":2.0},{"not_picked":["Burning Pact","Headbutt"],"picked":"Feed","floor":3.0},{"not_picked":["Body Slam","Anger"],"picked":"Rampage","floor":5.0},{"not_picked":["Flex","True Grit"],"picked":"Dropkick","floor":6.0},{"not_picked":["Second Wind","Fire Breathing","Pummel"],"picked":"SKIP","floor":7.0},{"not_picked":["Searing Blow","Wild Strike"],"picked":"Body Slam","floor":8.0},{"not_picked":["Armaments","Pommel Strike"],"picked":"Entrench","floor":12.0},{"not_picked":["Warcry","Shrug It Off"],"picked":"Bludgeon","floor":14.0},{"not_picked":["Bludgeon","Juggernaut"],"picked":"Offering","floor":16.0},{"not_picked":["Uppercut","Wild Strike+1"],"picked":"Shrug It Off","floor":18.0},{"not_picked":["Pummel+1","Perfected Strike"],"picked":"Dual Wield","floor":19.0},{"not_picked":["Anger+1","Armaments","Havoc"],"picked":"SKIP","floor":29.0},{"not_picked":["Pommel Strike+1","Reaper"],"picked":"Warcry","floor":30.0},{"not_picked":["Juggernaut","Bludgeon"],"picked":"Berserk","floor":33.0},{"not_picked":["Heavy Blade","Rampage+1","Whirlwind+1"],"picked":"SKIP","floor":35},{"not_picked":["Headbutt","Cleave","Anger+1"],"picked":"SKIP","floor":36},{"not_picked":["Clothesline+1","True Grit"],"picked":"Seeing Red+1","floor":38},{"not_picked":["Rage+1","Body Slam+1"],"picked":"Disarm+1","floor":39},{"not_picked":["Infernal Blade","Pommel Strike+1"],"picked":"Carnage+1","floor":40},{"not_picked":["Clothesline+1","Burning Pact+1"],"picked":"Feel No Pain","floor":42},{"not_picked":["Brutality","Iron Wave+1","Anger+1"],"picked":"SKIP","floor":44},{"not_picked":["Ghostly Armor","Cleave+1"],"picked":"Intimidate+1","floor":45},{"not_picked":["Combust+1","Clash"],"picked":"Intimidate","floor":54}],"player_experience":257717,"relics_obtained":[{"floor":6.0,"key":"War Paint"},{"floor":9.0,"key":"Red Skull"},{"floor":12.0,"key":"Bag of Preparation"},{"floor":26.0,"key":"Self Forming Clay"},{"floor":40,"key":"Letter Opener"},{"floor":45,"key":"PreservedInsect"},{"floor":54,"key":"Bottled Flame"}],"event_choices":[{"cards_removed":["Strike_R"],"damage_healed":0.0,"max_hp_gain":0.0,"max_hp_loss":0.0,"gold_gain":0.0,"event_name":"Living Wall","player_choice":"Forget","floor":10.0,"gold_loss":0.0,"damage_taken":0.0},{"damage_healed":0.0,"max_hp_gain":0.0,"max_hp_loss":7.0,"gold_gain":0.0,"event_name":"Golden Idol","player_choice":"Lose Max HP","floor":13.0,"gold_loss":0.0,"damage_taken":0.0,"relics_obtained":["Golden Idol"]},{"damage_healed":0.0,"max_hp_gain":0.0,"max_hp_loss":0.0,"gold_gain":0.0,"cards_transformed":["Strike_R","Defend_R"],"event_name":"Drug Dealer","player_choice":"Became Test Subject","floor":22.0,"gold_loss":0.0,"damage_taken":0.0,"cards_obtained":["Ghostly Armor","Anger"]},{"damage_healed":0.0,"max_hp_gain":0.0,"max_hp_loss":0.0,"gold_gain":0.0,"event_name":"Colosseum","player_choice":"Fight","floor":27.0,"gold_loss":0.0,"damage_taken":0.0},{"damage_healed":0.0,"max_hp_gain":0.0,"max_hp_loss":0.0,"gold_gain":0.0,"event_name":"Colosseum","player_choice":"Fled From Nobs","floor":27.0,"gold_loss":0.0,"damage_taken":0.0},{"cards_removed":["Defend_R"],"damage_healed":0.0,"max_hp_gain":0.0,"max_hp_loss":0.0,"gold_gain":0.0,"event_name":"Designer","player_choice":"Upgrade and Remove","floor":31.0,"gold_loss":90.0,"damage_taken":0.0,"cards_upgraded":["Dropkick"]},{"damage_healed":0,"gold_gain":0,"player_choice":"Max HP","damage_taken":0,"max_hp_gain":0,"max_hp_loss":4,"event_name":"Winding Halls","floor":41,"gold_loss":0},{"damage_healed":0,"gold_gain":0,"player_choice":"Ignored","damage_taken":0,"max_hp_gain":0,"max_hp_loss":0,"event_name":"Tomb of Lord Red Mask","floor":48,"gold_loss":0}],"is_beta":false,"boss_relics":[{"not_picked":["White Beast Statue","Black Star"],"picked":"Eternal Feather"},{"not_picked":["Runic Cube","Astrolabe"],"picked":"Cursed Key"}],"items_purged_floors":[4,20,37,46],"is_endless":false,"potions_floor_spawned":[5,6,7,14,16,27,36,40,45],"killed_by":"The Heart","ascension_level":0}