{"gold_per_floor":[113,113,113,14,14,14,42,42,93,44,44,54,54,79,79,177,177,188,188,188,188,203,203,238,238,264,264,290,306,84,97,97,97],"floor_reached":33,"playtime":863,"items_purged":["Strike_G"],"score":402,"play_id":"6ce1d530-e4f5-49cc-9f98-47d32bc9b490","local_time":"20190527213224","is_ascension_mode":true,"campfire_choices":[{"data":"Dagger Spray","floor":6.0,"key":"SMITH"},{"floor":8.0,"key":"REST"},{"data":"Poisoned Stab","floor":11.0,"key":"SMITH"},{"data":"Poisoned Stab","floor":13.0,"key":"SMITH"},{"floor":15.0,"key":"REST"},{"data":"Deadly Poison","floor":23.0,"key":"SMITH"},{"data":"A Thousand Cuts","floor":25.0,"key":"SMITH"},{"floor":32,"key":"REST"}],"neow_cost":"NONE","seed_source_timestamp":0,"circlet_count":0,"master_deck":["Defend_G","Defend_G","Defend_G","Defend_G","Defend_G","Strike_G","Strike_G","Strike_G","Survivor","Neutralize","Poisoned Stab+1","Dagger Spray+1","Deadly Poison+1","Poisoned Stab+1","Deadly Poison+1","Bane","A Thousand Cuts+1","Backflip+1","Terror+1","Catalyst","Catalyst","Poisoned Stab+1"],"special_seed":0,"relics":["Ring of the Snake","PreservedInsect","Mercury Hourglass","Anchor","Torii","Eternal Feather","Enchiridion","Omamori","Ancient Tea Set","Girya","Snake Skull"],"potions_floor_usage":[31,31],"damage_taken":[{"damage":1.0,"enemies":"Jaw Worm","floor":1.0,"turns":4.0},{"damage":25.0,"enemies":"Lagavulin","floor":7.0,"turns":4.0},{"damage":0.0,"enemies":"2 Louse","floor":12.0,"turns":1.0},{"damage":11.0,"enemies":"Gremlin Nob","floor":14.0,"turns":3.0},{"damage":8.0,"enemies":"Hexaghost","floor":16.0,"turns":8.0},{"damage":6.0,"enemies":"Spheric Guardian","floor":18.0,"turns":3.0},{"damage":1.0,"enemies":"Chosen","floor":22.0,"turns":3.0},{"damage":23.0,"enemies":"Slavers","floor":24.0,"turns":5.0},{"damage":32.0,"enemies":"Gremlin Leader","floor":28.0,"turns":4.0},{"damage":10.0,"enemies":"Snecko","floor":29.0,"turns":4.0},{"damage":0,"enemies":"Centurion and Healer","floor":31,"turns":4},{"damage":44,"enemies":"Collector","floor":33,"turns":3}],"seed_played":"-1176855853338339948","potions_obtained":[{"floor":12.0,"key":"Dexterity Potion"},{"floor":16.0,"key":"Swift Potion"},{"floor":24.0,"key":"Regen Potion"},{"floor":29.0,"key":"Swift Potion"}],"is_trial":false,"path_per_floor":["M","?","?","$","?","R","E","R","T","$","R","M","R","E","R","B",null,"M","?","?","?","M","R","E","R","T","?","E","M","$","M","R","B"],"character_chosen":"THE_SILENT","items_purchased":["Deadly Poison","Deadly Poison","Catalyst","Snake Skull"],"campfire_rested":3,"item_purchase_floors":[4,10,30,30],"current_hp_per_floor":[62,67,60,60,53,53,28,50,50,50,50,50,50,39,61,53,70,64,64,48,48,47,56,33,42,42,35,12,2,2,2,36,0],"gold":97,"neow_bonus":"THREE_CARDS","is_prod":false,"is_daily":false,"chose_seed":false,"campfire_upgraded":5,"win_rate":0,"timestamp":1559017944,"path_taken":["M","?","?","$","?","R","E","R","T","$","R","M","R","E","R","BOSS","M","?","?","?","?","R","E","R","T","?","E","M","$","M","R","BOSS"],"build_version":"2019-01-23","purchased_purges":1,"victory":false,"max_hp_per_floor":[70,75,75,75,75,75,75,75,75,75,75,75,75,75,75,75,75,75,75,75,75,75,75,75,75,75,75,75,75,75,75,75,75],"card_choices":[{"not_picked":["Blade Dance","Reflex"],"picked":"Poisoned Stab","floor":0.0},{"not_picked":["Poisoned Stab","Backflip"],"picked":"Dagger Spray","floor":1.0},{"not_picked":["Infinite Blades","Underhanded Strike"],"picked":"Poisoned Stab","floor":7.0},{"not_picked":["Acrobatics","Tactician","Eviscerate"],"picked":"SKIP","floor":12.0},{"not_picked":["Choke","Tactician"],"picked":"Bane","floor":14.0},{"not_picked":["Night Terror","Glass Knife"],"picked":"A Thousand Cuts","floor":16.0},{"not_picked":["Prepared+1","Dagger Spray","Expertise"],"picked":"SKIP","floor":18.0},{"not_picked":["Acrobatics","Slice+1"],"picked":"Backflip+1","floor":22.0},{"not_picked":["Escape Plan","Underhanded Strike+1"],"picked":"Terror+1","floor":24.0},{"not_picked":["Finisher","Flying Knee+1","Slice"],"picked":"SKIP","floor":28.0},{"not_picked":["Caltrops+1","Bane"],"picked":"Catalyst","floor":29.0},{"not_picked":["Backflip","Deadly Poison"],"picked":"Poisoned Stab+1","floor":31}],"player_experience":416674,"relics_obtained":[{"floor":7.0,"key":"Mercury Hourglass"},{"floor":9.0,"key":"Anchor"},{"floor":14.0,"key":"Torii"},{"floor":20.0,"key":"Enchiridion"},{"floor":24.0,"key":"Omamori"},{"floor":26.0,"key":"Ancient Tea Set"},{"floor":28.0,"key":"Girya"}],"event_choices":[{"damage_healed":0.0,"max_hp_gain":5.0,"max_hp_loss":0.0,"gold_gain":0.0,"event_name":"Big Fish","player_choice":"Donut","floor":2.0,"gold_loss":0.0,"damage_taken":0.0},{"damage_healed":0.0,"max_hp_gain":0.0,"max_hp_loss":0.0,"gold_gain":0.0,"event_name":"Scrap Ooze","player_choice":"Success","floor":3.0,"gold_loss":0.0,"damage_taken":7.0,"relics_obtained":["PreservedInsect"]},{"cards_removed":["Strike_G"],"damage_healed":0.0,"max_hp_gain":0.0,"max_hp_loss":0.0,"gold_gain":0.0,"event_name":"Golden Wing","player_choice":"Card Removal","floor":5.0,"gold_loss":0.0,"damage_taken":7.0},{"damage_healed":0.0,"max_hp_gain":0.0,"max_hp_loss":0.0,"gold_gain":0.0,"event_name":"Ghosts","player_choice":"Ignored","floor":19.0,"gold_loss":0.0,"damage_taken":0.0},{"damage_healed":0.0,"max_hp_gain":0.0,"max_hp_loss":0.0,"gold_gain":0.0,"event_name":"Cursed Tome","player_choice":"Obtained Book","floor":20.0,"gold_loss":0.0,"damage_taken":16.0},{"damage_healed":0.0,"max_hp_gain":0.0,"max_hp_loss":0.0,"gold_gain":0.0,"event_name":"Accursed Blacksmith","player_choice":"Forge","floor":21.0,"gold_loss":0.0,"damage_taken":0.0,"cards_upgraded":["Deadly Poison"]},{"damage_healed":0.0,"max_hp_gain":0.0,"max_hp_loss":0.0,"gold_gain":0.0,"event_name":"Knowing Skull","player_choice":"","floor":27.0,"potions_obtained":[],"gold_loss":0.0,"damage_taken":7.0,"cards_obtained":[]}],"is_beta":false,"boss_relics":[{"not_picked":["Ectoplasm","Lizard Tail"],"picked":"Eternal Feather"}],"items_purged_floors":[4],"is_endless":false,"potions_floor_spawned":[12,16,24,29],"killed_by":"Collector","ascension_level":8}