{"gold_per_floor":[109,109,129,129,129,129,145,175,249,249,260,260,278,296,296,397,397,397,397,397,322,322,322,322,322,322,322,322,322,66,66,66,66,66,66,66,66,66,66,66,66,66,66,66,66,66,66,66,66,66],"floor_reached":51,"playtime":4973,"items_purged":[],"score":697,"play_id":"7d4eab59-023d-422a-88c8-1260a1767fe2","local_time":"20180722182127","is_ascension_mode":true,"campfire_choices":[{"data":"Neutralize","floor":6,"key":"SMITH"},{"data":"Prepared","floor":10,"key":"SMITH"},{"floor":12,"key":"REST"},{"data":"Flying Knee","floor":15,"key":"SMITH"},{"data":"Tools of the Trade","floor":23,"key":"SMITH"},{"floor":32,"key":"REST"},{"floor":40,"key":"REST"},{"floor":46,"key":"REST"},{"floor":49,"key":"REST"}],"neow_cost":"NONE","seed_source_timestamp":996968480993949,"circlet_count":0,"master_deck":["Defend_G","Defend_G","Defend_G","Defend_G","Strike_G","Survivor","Neutralize+1","Skewer+1","Prepared+1","Deadly Poison","Backflip","Dagger Throw","Flying Knee+1","Tools of the Trade+1","Poisoned Stab+1","Catalyst+1","Bouncing Flask","Poisoned Stab","Footwork","Bullet Time","Footwork","Crippling Poison","Noxious Fumes","Apotheosis","Catalyst+1","After Image","PiercingWail","Trip","Outmaneuver+1"],"relics":["Ring of the Snake","Mercury Hourglass","Question Card","Ectoplasm","Gremlin Horn","Potion Belt","Busted Crown","Mango","Snake Skull","Shuriken"],"potions_floor_usage":[22,25,31,47,50,50,50],"damage_taken":[{"damage":0,"enemies":"Jaw Worm","floor":1,"turns":3},{"damage":0,"enemies":"Cultist","floor":3,"turns":3},{"damage":0,"enemies":"2 Louse","floor":7,"turns":3},{"damage":0,"enemies":"Blue Slaver","floor":11,"turns":3},{"damage":0,"enemies":"Lots of Slimes","floor":13,"turns":3},{"damage":0,"enemies":"Large Slime","floor":14,"turns":4},{"damage":37,"enemies":"Hexaghost","floor":16,"turns":14},{"damage":4,"enemies":"3 Byrds","floor":18,"turns":4},{"damage":3,"enemies":"Shell Parasite","floor":19,"turns":5},{"damage":1,"enemies":"Snecko","floor":22,"turns":3},{"damage":10,"enemies":"Snake Plant","floor":24,"turns":3},{"damage":0,"enemies":"Centurion and Healer","floor":25,"turns":5},{"damage":0,"enemies":"Snecko","floor":28,"turns":4},{"damage":3,"enemies":"Sentry and Sphere","floor":29,"turns":3},{"damage":24,"enemies":"Book of Stabbing","floor":31,"turns":7},{"damage":10,"enemies":"Champ","floor":33,"turns":7},{"damage":19,"enemies":"3 Darklings","floor":35,"turns":5},{"damage":7,"floor":38,"turns":4},{"damage":0,"enemies":"Flame Bruiser 1 Orb","floor":41,"turns":5},{"damage":20,"enemies":"Spire Growth","floor":42,"turns":5},{"damage":0,"enemies":"Sphere and 2 Shapes","floor":44,"turns":4},{"damage":36,"enemies":"2 Orb Walkers","floor":47,"turns":6},{"damage":28,"enemies":"Time Eater","floor":50,"turns":6}],"seed_played":"6892794562073983176","potions_obtained":[{"floor":3,"key":"Dexterity Potion"},{"floor":11,"key":"FearPotion"},{"floor":13,"key":"AttackPotion"},{"floor":18,"key":"Regen Potion"},{"floor":22,"key":"SkillPotion"},{"floor":25,"key":"Poison Potion"},{"floor":33,"key":"Strength Potion"},{"floor":41,"key":"SteroidPotion"},{"floor":42,"key":"Weak Potion"},{"floor":47,"key":"SteroidPotion"}],"is_trial":false,"path_per_floor":["M","?","M","?","?","R","M","?","T","R","M","R","M","M","R","B",null,"M","M","?","?","M","R","M","M","T","?","M","M","$","E","R","B",null,"M","?","?","?","$","R","M","M","T","M","?","R","E","$","R","B"],"character_chosen":"THE_SILENT","items_purchased":["Noxious Fumes","Apotheosis"],"campfire_rested":5,"item_purchase_floors":[30,30],"current_hp_per_floor":[70,63,63,51,51,51,51,51,51,51,51,70,70,70,70,33,70,66,63,63,63,62,62,52,64,64,64,64,61,61,37,58,48,70,51,51,51,58,58,83,83,63,63,63,63,84,48,48,73,45],"gold":66,"neow_bonus":"TRANSFORM_CARD","is_prod":false,"is_daily":false,"chose_seed":false,"campfire_upgraded":4,"win_rate":0,"timestamp":1532280087,"path_taken":["M","?","M","?","?","R","M","?","T","R","M","R","?","M","R","BOSS","M","M","?","?","M","R","M","M","T","?","M","?","$","E","R","BOSS","M","?","?","?","$","R","M","M","T","M","?","R","E","$","R","BOSS"],"build_version":"2018-07-19v2","purchased_purges":0,"victory":true,"max_hp_per_floor":[70,70,70,70,70,70,70,70,70,70,70,70,70,70,70,70,70,70,70,70,70,70,70,70,70,70,70,70,70,70,70,70,70,70,70,70,70,84,84,84,84,84,84,84,84,84,84,84,84,84],"card_choices":[{"not_picked":["PiercingWail","Distraction"],"picked":"Prepared","floor":1},{"not_picked":["Infinite Blades","Dash"],"picked":"Deadly Poison","floor":3},{"not_picked":["All Out Attack","Cloak And Dagger","Accuracy"],"picked":"SKIP","floor":7},{"not_picked":["Deadly Poison","Blade Dance","Heel Hook"],"picked":"Backflip","floor":11},{"not_picked":["Flechettes","Deflect","Deadly Poison"],"picked":"Dagger Throw","floor":13},{"not_picked":["Underhanded Strike","Flechettes","Cloak And Dagger"],"picked":"Flying Knee","floor":14},{"not_picked":["Wraith Form v2","Die Die Die","Storm of Steel"],"picked":"Tools of the Trade","floor":16},{"not_picked":["Sucker Punch","Backflip+1","Flying Knee"],"picked":"Poisoned Stab+1","floor":18},{"not_picked":["Acrobatics","Quick Slash","Flying Knee"],"picked":"Catalyst","floor":19},{"not_picked":["Well Laid Plans","PiercingWail","Slice+1"],"picked":"Bouncing Flask","floor":22},{"not_picked":["Masterful Stab+1","Slice","Dagger Spray","Prepared"],"picked":"SKIP","floor":24},{"not_picked":["Concentrate","PiercingWail","Distraction","Flechettes"],"picked":"SKIP","floor":25},{"not_picked":["Choke","Corpse Explosion","Slice"],"picked":"Footwork","floor":28},{"not_picked":["Skewer","Dagger Throw","All Out Attack+1"],"picked":"Crippling Poison","floor":29},{"not_picked":["Poisoned Stab+1","Flying Knee","Grand Finale"],"picked":"Catalyst+1","floor":31},{"not_picked":["Burst","Tools of the Trade","Night Terror"],"picked":"After Image","floor":33},{"not_picked":["PiercingWail","Cloak And Dagger+1"],"picked":"SKIP","floor":35},{"not_picked":["Cloak And Dagger+1"],"picked":"PiercingWail","floor":35},{"not_picked":["Swift Strike"],"picked":"Trip","floor":36},{"not_picked":["Underhanded Strike+1"],"picked":"Outmaneuver+1","floor":38},{"not_picked":["Backstab+1","Choke+1"],"picked":"SKIP","floor":41},{"not_picked":["Accuracy+1","All Out Attack"],"picked":"SKIP","floor":42},{"not_picked":["Predator+1","Acrobatics+1"],"picked":"SKIP","floor":44},{"not_picked":["Tactician","Well Laid Plans"],"picked":"SKIP","floor":47}],"player_experience":439481,"relics_obtained":[{"floor":9,"key":"Question Card"},{"floor":26,"key":"Gremlin Horn"},{"floor":31,"key":"Potion Belt"},{"floor":38,"key":"Mango"},{"floor":43,"key":"Snake Skull"},{"floor":47,"key":"Shuriken"}],"event_choices":[{"event_name":"Golden Wing","player_choice":"Card Removal","floor":2,"damage_taken":0},{"event_name":"Scrap Ooze","player_choice":"success","floor":4,"damage_taken":12},{"event_name":"Living Wall","player_choice":"Grow","floor":5,"damage_taken":0},{"event_name":"Dead Adventurer","player_choice":"Searched \u00272\u0027 times","floor":8,"damage_taken":0},{"event_name":"Accursed Blacksmith","player_choice":"Forge","floor":20,"damage_taken":0},{"event_name":"Beggar","player_choice":"Gave Gold","floor":21,"damage_taken":0},{"event_name":"Match and Keep!","player_choice":"3 cards matched","floor":27,"damage_taken":0},{"event_name":"SensoryStone","player_choice":"Memory 1","floor":36,"damage_taken":0},{"event_name":"Bonfire Elementals","player_choice":"BASIC","floor":37,"damage_taken":0},{"event_name":"Mysterious Sphere","player_choice":"Fight","floor":38,"damage_taken":0},{"event_name":"Falling","player_choice":"Removed Skill","floor":45,"damage_taken":0}],"is_beta":false,"boss_relics":[{"not_picked":["WristBlade","Fusion Hammer"],"picked":"Ectoplasm"},{"not_picked":["Runic Dome","HoveringKite"],"picked":"Busted Crown"}],"items_purged_floors":[],"is_endless":false,"potions_floor_spawned":[3,11,13,18,22,25,33,41,42,47],"ascension_level":1}