{"gold_per_floor":[113,130,145,145,34,34,78,78,156,156,44,14,54,75,75,75],"floor_reached":16,"playtime":1244,"items_purged":["Injury"],"score":157,"play_id":"a1db7e0e-dd06-4aa7-a456-49831ee5fe7d","local_time":"20181118004945","is_ascension_mode":true,"campfire_choices":[{"floor":6,"key":"REST"},{"floor":8,"key":"REST"},{"floor":15,"key":"REST"}],"neow_cost":"NONE","seed_source_timestamp":353723828228329,"circlet_count":0,"master_deck":["Defend_G","Defend_G","Defend_G+1","Defend_G","Defend_G+1","Strike_G","Strike_G","Strike_G","Strike_G","Strike_G","Survivor","Neutralize","Blur","Slice","Quick Slash","Flechettes","Dash","Trip","Deadly Poison","All Out Attack","Sucker Punch","Backstab"],"relics":["Ring of the Snake","Golden Idol","War Paint","Sundial","Bag of Preparation","Toxic Egg 2"],"potions_floor_usage":[2,16],"damage_taken":[{"damage":4,"enemies":"Small Slimes","floor":1,"turns":7},{"damage":12,"enemies":"Jaw Worm","floor":2,"turns":8},{"damage":0,"enemies":"2 Louse","floor":3,"turns":3},{"damage":30,"enemies":"Gremlin Nob","floor":7,"turns":5},{"damage":0,"enemies":"Looter","floor":12,"turns":4},{"damage":18,"enemies":"3 Sentries","floor":13,"turns":9},{"damage":4,"enemies":"3 Louse","floor":14,"turns":2},{"damage":59,"enemies":"Slime Boss","floor":16,"turns":10}],"seed_played":"-2765249606302277598","potions_obtained":[{"floor":1,"key":"Energy Potion"},{"floor":3,"key":"LiquidBronze"},{"floor":14,"key":"Ancient Potion"}],"is_trial":false,"path_per_floor":["M","M","M","?","$","R","E","R","T","?","$","M","E","M","R","B"],"character_chosen":"THE_SILENT","items_purchased":["Flechettes","Trip","Deadly Poison"],"campfire_rested":3,"item_purchase_floors":[5,11,11],"current_hp_per_floor":[66,54,54,54,54,77,47,70,70,58,58,58,40,36,59,0],"gold":75,"neow_bonus":"TEN_PERCENT_HP_BONUS","is_prod":false,"is_daily":false,"chose_seed":false,"campfire_upgraded":0,"win_rate":0,"timestamp":1542502185,"path_taken":["M","M","M","?","$","R","E","R","T","?","$","M","E","M","R","BOSS"],"build_version":"2018-11-15","purchased_purges":1,"victory":false,"max_hp_per_floor":[77,77,77,77,77,77,77,77,77,77,77,77,77,77,77,77],"card_choices":[{"not_picked":["Predator","Flying Knee"],"picked":"Blur","floor":1},{"not_picked":["Predator","Underhanded Strike"],"picked":"Slice","floor":2},{"not_picked":["Dagger Throw","Eviscerate"],"picked":"Quick Slash","floor":3},{"not_picked":["Glass Knife","Leg Sweep"],"picked":"Dash","floor":7},{"not_picked":["Expertise","Blur"],"picked":"All Out Attack","floor":12},{"not_picked":["Underhanded Strike","Riddle With Holes"],"picked":"Sucker Punch","floor":13},{"not_picked":["PiercingWail+1","Escape Plan+1"],"picked":"Backstab","floor":14}],"player_experience":857850,"relics_obtained":[{"floor":7,"key":"War Paint"},{"floor":9,"key":"Sundial"},{"floor":13,"key":"Toxic Egg 2"}],"event_choices":[{"damage_healed":0,"gold_gain":0,"player_choice":"Take Wound","damage_taken":0,"relics_obtained":["Golden Idol"],"max_hp_gain":0,"max_hp_loss":0,"event_name":"Golden Idol","floor":4,"gold_loss":0,"cards_obtained":["Injury"]},{"damage_healed":0,"gold_gain":0,"player_choice":"Success","damage_taken":12,"relics_obtained":["Bag of Preparation"],"max_hp_gain":0,"max_hp_loss":0,"event_name":"Scrap Ooze","floor":10,"gold_loss":0}],"is_beta":false,"boss_relics":[],"items_purged_floors":[5],"is_endless":false,"potions_floor_spawned":[1,3,14],"killed_by":"Slime Boss","ascension_level":9}