{"gold_per_floor":[111,127,227,239,209,209,237,250,319,319,337,55,68,83,83,182,182,199,217,14,24,24,24,43,68,68,99,112,128,145,161,161,161],"floor_reached":33,"playtime":4724,"items_purged":["Strike_B"],"score":295,"play_id":"8c4ecd17-f4f4-4165-9f67-0aedcc9df5fe","local_time":"20190801120559","is_ascension_mode":false,"campfire_choices":[{"data":"Static Discharge","floor":6,"key":"SMITH"},{"floor":10,"key":"REST"},{"data":"Zap","floor":15,"key":"SMITH"},{"data":"Tempest","floor":23,"key":"SMITH"},{"floor":32,"key":"REST"}],"neow_cost":"NONE","seed_source_timestamp":85154514143300,"circlet_count":0,"master_deck":["Strike_B","Strike_B","Strike_B","Defend_B","Defend_B","Defend_B","Defend_B","Zap+1","Dualcast","Coolheaded","Static Discharge+1","Sweeping Beam","Streamline","Tempest+1","Ball Lightning","Darkness","Reboot","Melter","Leap","Hologram","Electrodynamics","Hologram+1","Glacier+1","Darkness","Decay","Stack","Ball Lightning+1","Seek","Redo","Compile Driver","Heatsinks","Gash+1"],"relics":["Cracked Core","NeowsBlessing","Unceasing Top","Matryoshka","Eternal Feather","Chemical X","Blood Vial","Bag of Preparation","Pen Nib","Juzu Bracelet"],"potions_floor_usage":[16,21,24,30,31,31,33],"damage_taken":[{"damage":0,"enemies":"Jaw Worm","floor":1,"turns":1},{"damage":0,"enemies":"Cultist","floor":2,"turns":1},{"damage":0,"enemies":"2 Louse","floor":4,"turns":1},{"damage":0,"enemies":"Looter","floor":5,"turns":4},{"damage":19,"enemies":"Lagavulin","floor":7,"turns":6},{"damage":21,"enemies":"Exordium Thugs","floor":8,"turns":5},{"damage":0,"enemies":"Blue Slaver","floor":11,"turns":4},{"damage":5,"enemies":"Looter","floor":13,"turns":3},{"damage":1,"enemies":"Exordium Wildlife","floor":14,"turns":3},{"damage":25,"enemies":"Hexaghost","floor":16,"turns":7},{"damage":3,"enemies":"3 Byrds","floor":18,"turns":2},{"damage":8,"enemies":"Chosen","floor":19,"turns":4},{"damage":7,"enemies":"Centurion and Healer","floor":21,"turns":5},{"damage":9,"enemies":"Snecko","floor":24,"turns":4},{"damage":10,"enemies":"Gremlin Leader","floor":25,"turns":5},{"damage":15,"enemies":"Book of Stabbing","floor":27,"turns":5},{"damage":21,"enemies":"Shelled Parasite and Fungi","floor":28,"turns":3},{"damage":0,"enemies":"3 Cultists","floor":29,"turns":2},{"damage":0,"enemies":"Snecko","floor":30,"turns":3},{"damage":21,"enemies":"Shelled Parasite and Fungi","floor":31,"turns":5},{"damage":84,"enemies":"Automaton","floor":33,"turns":6}],"seed_played":"8433853215533473039","potions_obtained":[{"floor":1,"key":"LiquidBronze"},{"floor":7,"key":"SpeedPotion"},{"floor":11,"key":"Strength Potion"},{"floor":18,"key":"Explosive Potion"},{"floor":21,"key":"Energy Potion"},{"floor":28,"key":"SkillPotion"},{"floor":30,"key":"SkillPotion"}],"is_trial":false,"path_per_floor":["M","M","?","M","M","R","E","M","T","R","M","$","M","M","R","B",null,"M","M","$","M","?","R","M","E","T","E","M","M","M","M","R","B"],"character_chosen":"DEFECT","items_purchased":["Reboot","Melter","Chemical X"],"campfire_rested":2,"item_purchase_floors":[12,12,20],"current_hp_per_floor":[75,75,75,75,75,75,56,35,35,57,57,57,52,51,51,26,75,72,64,64,57,57,72,63,53,53,40,21,23,25,6,46,0],"gold":161,"neow_bonus":"THREE_ENEMY_KILL","is_prod":false,"is_daily":false,"chose_seed":false,"campfire_upgraded":3,"win_rate":0.0,"timestamp":1564628759,"path_taken":["M","M","?","M","M","R","E","?","T","R","M","$","M","M","R","BOSS","M","?","?","M","?","R","M","E","T","E","M","M","M","M","R","BOSS"],"build_version":"2019-07-17","purchased_purges":1,"victory":false,"max_hp_per_floor":[75,75,75,75,75,75,75,75,75,75,75,75,75,75,75,75,75,75,75,75,75,75,75,75,75,75,75,75,75,75,75,75,75],"card_choices":[{"not_picked":["Scrape","Hello World"],"picked":"Coolheaded","floor":1},{"not_picked":["Streamline","Leap"],"picked":"Static Discharge","floor":2},{"not_picked":["Cold Snap","Genetic Algorithm"],"picked":"Sweeping Beam","floor":4},{"not_picked":["Fusion","Steam Power"],"picked":"Streamline","floor":5},{"not_picked":["Heatsinks","Coolheaded"],"picked":"Tempest","floor":7},{"not_picked":["Reinforced Body","Cold Snap"],"picked":"Ball Lightning","floor":8},{"not_picked":["Chaos","BootSequence"],"picked":"Darkness","floor":11},{"not_picked":["Coolheaded","Force Field"],"picked":"Leap","floor":13},{"not_picked":["Blizzard","Beam Cell"],"picked":"Hologram","floor":14},{"not_picked":["Buffer","Creative AI"],"picked":"Electrodynamics","floor":16},{"not_picked":["Sweeping Beam+1","Static Discharge"],"picked":"Hologram+1","floor":18},{"not_picked":["Hologram","Static Discharge"],"picked":"Glacier+1","floor":19},{"not_picked":["Aggregate","Rebound"],"picked":"Darkness","floor":21},{"not_picked":["Rebound","Doom and Gloom"],"picked":"Stack","floor":24},{"not_picked":["Darkness","Leap"],"picked":"Ball Lightning+1","floor":25},{"not_picked":["Machine Learning","Scrape"],"picked":"Seek","floor":27},{"not_picked":["Gash","Scrape"],"picked":"Redo","floor":28},{"not_picked":["Conserve Battery","Force Field+1"],"picked":"Compile Driver","floor":29},{"not_picked":["Streamline","Ball Lightning"],"picked":"Heatsinks","floor":30},{"not_picked":["Conserve Battery","Redo"],"picked":"Gash+1","floor":31}],"player_experience":42243,"relics_obtained":[{"floor":7,"key":"Unceasing Top"},{"floor":9,"key":"Matryoshka"},{"floor":25,"key":"Blood Vial"},{"floor":26,"key":"Bag of Preparation"},{"floor":26,"key":"Pen Nib"},{"floor":27,"key":"Juzu Bracelet"}],"event_choices":[{"damage_healed":0,"gold_gain":100,"player_choice":"Gold","damage_taken":0,"max_hp_gain":0,"max_hp_loss":0,"event_name":"Wheel of Change","floor":3,"gold_loss":0},{"damage_healed":0,"gold_gain":0,"player_choice":"Cursed","damage_taken":0,"max_hp_gain":0,"max_hp_loss":0,"event_name":"Wheel of Change","floor":22,"gold_loss":0,"cards_obtained":["Decay"]}],"is_beta":false,"boss_relics":[{"not_picked":["Philosopher\u0027s Stone","Runic Pyramid"],"picked":"Eternal Feather"}],"items_purged_floors":[12],"is_endless":false,"potions_floor_spawned":[1,7,11,18,21,28,30],"killed_by":"Automaton","ascension_level":0}