{"gold_per_floor":[115,125,200,210,224,224,194,206,206,206,156,186,186,235,235,333,333,346,24,39,39,51,51,27,27,27,27,43,76,76,95,95,95],"floor_reached":33,"playtime":2508,"items_purged":["Strike_G"],"score":278,"play_id":"1f4df989-592d-497d-a7d6-32f73c6f63c9","local_time":"20180722011159","is_ascension_mode":true,"campfire_choices":[{"data":"Neutralize","floor":6,"key":"SMITH"},{"floor":10,"key":"REST"},{"data":"Noxious Fumes","floor":13,"key":"SMITH"},{"floor":15,"key":"REST"},{"data":"Backflip","floor":23,"key":"SMITH"},{"floor":30,"key":"REST"},{"floor":32,"key":"REST"}],"neow_cost":"NONE","seed_source_timestamp":961585528099657,"circlet_count":0,"master_deck":["Defend_G","Defend_G","Defend_G","Defend_G","Defend_G","Strike_G","Strike_G","Survivor","Neutralize+1","Quick Slash","Outmaneuver","Bane","Escape Plan","Deadly Poison","Noxious Fumes+1","Unload","Dagger Spray+1","Backflip+1","Poisoned Stab","Writhe","Bouncing Flask"],"relics":["Ring of the Snake","Ginger","Incense Burner","Happy Flower","TwistedFunnel","Darkstone Periapt","Calipers","Thread and Needle"],"potions_floor_usage":[8,12,31],"damage_taken":[{"damage":0,"enemies":"Jaw Worm","floor":1,"turns":4},{"damage":0,"enemies":"2 Louse","floor":2,"turns":3},{"damage":0,"enemies":"Small Slimes","floor":4,"turns":4},{"damage":0,"enemies":"Blue Slaver","floor":5,"turns":6},{"damage":0,"enemies":"Looter","floor":7,"turns":4},{"damage":0,"enemies":"Exordium Wildlife","floor":8,"turns":5},{"damage":18,"enemies":"Gremlin Nob","floor":12,"turns":4},{"damage":25,"enemies":"Slime Boss","floor":16,"turns":8},{"damage":1,"enemies":"Shell Parasite","floor":18,"turns":6},{"damage":0,"enemies":"2 Thieves","floor":20,"turns":4},{"damage":4,"enemies":"Snecko","floor":22,"turns":6},{"damage":0,"enemies":"Snake Plant","floor":28,"turns":4},{"damage":48,"enemies":"Slavers","floor":29,"turns":6},{"damage":0,"enemies":"Centurion and Healer","floor":31,"turns":6},{"damage":105,"enemies":"Automaton","floor":33,"turns":12}],"seed_played":"-3029303478152494911","potions_obtained":[{"floor":5,"key":"FearPotion"},{"floor":8,"key":"Poison Potion"},{"floor":12,"key":"Block Potion"},{"floor":18,"key":"SteroidPotion"}],"is_trial":false,"path_per_floor":["M","M","?","M","M","R","M","M","T","R","?","E","R","T","R","B",null,"M","$","M","?","M","R","$","?","T","?","M","E","R","M","R"],"character_chosen":"THE_SILENT","items_purchased":["TwistedFunnel","Backflip","Poisoned Stab"],"campfire_rested":4,"item_purchase_floors":[19,19,24],"current_hp_per_floor":[70,70,59,59,59,59,59,59,59,70,70,52,52,52,70,45,70,69,69,69,69,65,65,65,65,65,71,71,23,45,45,67,0],"gold":95,"neow_bonus":"REMOVE_CARD","is_prod":false,"is_daily":false,"chose_seed":false,"campfire_upgraded":3,"win_rate":0,"timestamp":1532218319,"path_taken":["M","M","?","M","M","R","M","M","T","R","?","E","R","?","R","BOSS","M","$","M","?","M","R","$","?","T","?","M","E","R","M","R","BOSS"],"build_version":"2018-07-19v2","purchased_purges":1,"victory":false,"max_hp_per_floor":[70,70,70,70,70,70,70,70,70,70,70,70,70,70,70,70,70,70,70,70,70,70,70,70,70,70,76,76,76,76,76,76,76],"card_choices":[{"not_picked":["Sucker Punch","Dagger Throw"],"picked":"Quick Slash","floor":1},{"not_picked":["Endless Agony","Tactician"],"picked":"Outmaneuver","floor":2},{"not_picked":["All Out Attack","Endless Agony","Underhanded Strike"],"picked":"SKIP","floor":4},{"not_picked":["Quick Slash","Endless Agony"],"picked":"Bane","floor":5},{"not_picked":["Dash","Dagger Spray"],"picked":"Escape Plan","floor":7},{"not_picked":["Dodge and Roll","Bane"],"picked":"Deadly Poison","floor":8},{"not_picked":["Dagger Throw","Setup"],"picked":"Noxious Fumes","floor":12},{"not_picked":["Glass Knife","Malaise"],"picked":"Unload","floor":16},{"not_picked":["Bane","Skewer"],"picked":"Dagger Spray+1","floor":18},{"not_picked":["Tactician","Infinite Blades+1","Bane"],"picked":"SKIP","floor":20},{"not_picked":["Setup","Dagger Spray","Slice+1"],"picked":"SKIP","floor":22},{"not_picked":["Dagger Spray","Bane+1","Quick Slash"],"picked":"SKIP","floor":28},{"not_picked":["Outmaneuver","Distraction"],"picked":"Bouncing Flask","floor":29},{"not_picked":["Setup","Poisoned Stab","Masterful Stab+1"],"picked":"SKIP","floor":31}],"player_experience":434410,"relics_obtained":[{"floor":9,"key":"Ginger"},{"floor":12,"key":"Incense Burner"},{"floor":14,"key":"Happy Flower"},{"floor":26,"key":"Darkstone Periapt"},{"floor":29,"key":"Thread and Needle"}],"event_choices":[{"event_name":"World of Goop","player_choice":"Gather Gold","floor":3,"damage_taken":0},{"event_name":"The Cleric","player_choice":"Card Removal","floor":11,"damage_taken":0},{"event_name":"Beggar","player_choice":"Ignored","floor":21,"damage_taken":0},{"event_name":"Ghosts","player_choice":"Ignored","floor":25,"damage_taken":0},{"event_name":"The Mausoleum","player_choice":"Yes","floor":27,"damage_taken":0}],"is_beta":false,"boss_relics":[{"not_picked":["Coffee Dripper","Busted Crown","Black Star"]}],"items_purged_floors":[19],"is_endless":false,"potions_floor_spawned":[5,8,12,18],"killed_by":"Automaton","ascension_level":1}