{"gold_per_floor":[366,219,235,135,149,149,160,160,183,198,198,215,44,14,14,14],"floor_reached":16,"playtime":4477,"items_purged":["Strike_G","Strike_G","Defend_G"],"score":92,"play_id":"74eb6db0-d4cd-402e-a021-ac551ed8eab1","local_time":"20190724053623","is_ascension_mode":false,"campfire_choices":[{"floor":6,"key":"RECALL"},{"data":"Footwork","floor":8,"key":"SMITH"},{"data":"Neutralize","floor":15,"key":"SMITH"}],"neow_cost":"TEN_PERCENT_HP_LOSS","seed_source_timestamp":49707154161848,"circlet_count":0,"master_deck":["Strike_G","Strike_G","Defend_G","Defend_G","Defend_G","Defend_G","Survivor","Neutralize+1","Escape Plan","Footwork+1","Dodge and Roll","Outmaneuver","Acrobatics","Dodge and Roll","Dagger Throw","Envenom"],"relics":["Ring of the Snake"],"potions_floor_usage":[16,16],"damage_taken":[{"damage":0,"enemies":"2 Louse","floor":1,"turns":3},{"damage":0,"enemies":"Cultist","floor":3,"turns":4},{"damage":0,"enemies":"Small Slimes","floor":5,"turns":7},{"damage":0,"enemies":"Exordium Wildlife","floor":7,"turns":5},{"damage":1,"enemies":"Blue Slaver","floor":10,"turns":9},{"damage":5,"enemies":"Gremlin Gang","floor":12,"turns":11},{"damage":0,"enemies":"Looter","floor":14,"turns":4},{"damage":54,"enemies":"Slime Boss","floor":16,"turns":20}],"seed_played":"-465044444442872595","potions_obtained":[{"floor":10,"key":"GhostInAJar"},{"floor":12,"key":"EssenceOfSteel"}],"is_trial":false,"path_per_floor":["M","$","M","$","M","R","M","R","T","M","?","M","$","M","R","B"],"character_chosen":"THE_SILENT","items_purchased":["Footwork","Dagger Throw"],"campfire_rested":0,"item_purchase_floors":[2,13],"current_hp_per_floor":[63,63,63,63,63,63,63,63,63,62,55,50,50,50,50,0],"gold":14,"neow_bonus":"TWO_FIFTY_GOLD","is_prod":false,"is_daily":false,"chose_seed":false,"campfire_upgraded":2,"win_rate":0,"timestamp":1563960983,"path_taken":["M","$","M","$","M","R","M","R","T","M","?","M","$","M","R","BOSS"],"build_version":"2019-07-17","purchased_purges":3,"victory":false,"max_hp_per_floor":[63,63,63,63,63,63,63,63,63,63,63,63,63,63,63,63],"card_choices":[{"not_picked":["Flying Knee","Finisher"],"picked":"Escape Plan","floor":1},{"not_picked":["Flying Knee","Terror"],"picked":"Dodge and Roll","floor":3},{"not_picked":["Masterful Stab","Reflex","Underhanded Strike"],"picked":"SKIP","floor":5},{"not_picked":["Slice","Sucker Punch"],"picked":"Outmaneuver","floor":7},{"not_picked":["Dagger Spray","Dodge and Roll"],"picked":"Acrobatics","floor":10},{"not_picked":["Prepared","Underhanded Strike"],"picked":"Dodge and Roll","floor":12},{"not_picked":["Dodge and Roll","Riddle With Holes"],"picked":"Envenom","floor":14}],"player_experience":167987,"relics_obtained":[],"event_choices":[{"cards_removed":["Strike_G"],"damage_healed":0,"gold_gain":0,"player_choice":"Card Removal","damage_taken":7,"max_hp_gain":0,"max_hp_loss":0,"event_name":"Golden Wing","floor":11,"gold_loss":0}],"is_beta":false,"boss_relics":[],"items_purged_floors":[2,4,13],"is_endless":false,"potions_floor_spawned":[10,12],"killed_by":"Slime Boss","ascension_level":0}