{"gold_per_floor":[110,110,110,121,18,18,37,112,135,135,135,135,150,75,75,173,173,188,88,114,124,53,53,53,53,53,53,65,65,94,108,108,204,204,224,72,72,85,137,137],"floor_reached":40,"playtime":1307,"items_purged":["Strike_G","Defend_G"],"score":468,"play_id":"dbf3c5c3-e6ec-491c-89e6-77fffe352064","local_time":"20190404134941","is_ascension_mode":true,"campfire_choices":[{"data":"Noxious Fumes","floor":6,"key":"SMITH"},{"data":"Crippling Poison","floor":11,"key":"SMITH"},{"floor":15,"key":"REST"},{"data":"Footwork","floor":23,"key":"SMITH"},{"data":"After Image","floor":27,"key":"SMITH"},{"floor":29,"key":"REST"},{"floor":32,"key":"REST"}],"neow_cost":"NONE","seed_source_timestamp":49359534657700,"circlet_count":0,"master_deck":["Defend_G","Defend_G","Defend_G","Defend_G","Strike_G+1","Strike_G+1","Survivor","Neutralize","Crippling Poison+1","Bane","Noxious Fumes+1","Bane","After Image+1","Backflip+1","Footwork+1","Burst","Bouncing Flask","Die Die Die"],"relics":["Ring of the Snake","NeowsBlessing","Vajra","Sozu","Red Mask","CultistMask","Mercury Hourglass","Bronze Scales","Philosopher\u0027s Stone","Oddly Smooth Stone","FossilizedHelix"],"potions_floor_usage":[33,33,40],"damage_taken":[{"damage":0,"enemies":"Jaw Worm","floor":1,"turns":1},{"damage":0,"enemies":"Small Slimes","floor":4,"turns":1},{"damage":0,"enemies":"2 Louse","floor":7,"turns":1},{"damage":10,"enemies":"Red Slaver","floor":13,"turns":2},{"damage":35,"enemies":"Slime Boss","floor":16,"turns":9},{"damage":6,"enemies":"Shell Parasite","floor":18,"turns":5},{"damage":15,"enemies":"Masked Bandits","floor":20,"turns":4},{"damage":6,"enemies":"Spheric Guardian","floor":21,"turns":6},{"damage":0,"enemies":"Snecko","floor":28,"turns":5},{"damage":9,"enemies":"Gremlin Leader","floor":30,"turns":6},{"damage":0,"enemies":"3 Cultists","floor":31,"turns":4},{"damage":37,"enemies":"Champ","floor":33,"turns":10},{"damage":0,"enemies":"3 Darklings","floor":35,"turns":3},{"damage":2,"enemies":"Orb Walker","floor":38,"turns":3},{"damage":49,"enemies":"2 Orb Walkers","floor":39,"turns":6},{"damage":22,"enemies":"Nemesis","floor":40,"turns":6}],"seed_played":"2575454698050858263","potions_obtained":[{"floor":4,"key":"Block Potion"},{"floor":13,"key":"PowerPotion"},{"floor":16,"key":"Block Potion"}],"is_trial":false,"path_per_floor":["M","?","?","M","$","R","M","?","T","?","R","?","M","$","R","B",null,"M","$","?","M","$","R","$","?","T","R","M","R","E","M","R","B",null,"M","$","?","M","?","E"],"character_chosen":"THE_SILENT","items_purchased":["Noxious Fumes","Bane","Footwork","Oddly Smooth Stone"],"campfire_rested":3,"item_purchase_floors":[5,5,22,36],"current_hp_per_floor":[70,56,49,49,49,49,49,38,38,38,38,38,28,28,49,14,70,64,64,49,43,43,43,43,43,43,43,43,64,55,55,70,33,70,70,70,66,64,15,0],"gold":137,"neow_bonus":"THREE_ENEMY_KILL","is_prod":false,"is_daily":false,"chose_seed":false,"campfire_upgraded":4,"win_rate":0,"timestamp":1554410981,"path_taken":["M","?","?","M","$","R","M","?","T","?","R","?","M","$","R","BOSS","M","$","?","M","$","R","$","?","T","R","?","R","E","M","R","BOSS","M","$","?","M","?","E"],"build_version":"2019-01-23","purchased_purges":2,"victory":false,"max_hp_per_floor":[70,70,70,70,70,70,70,70,70,70,70,70,70,70,70,70,70,70,70,70,70,70,70,70,70,70,70,70,70,70,70,70,70,70,70,70,66,66,66,66],"card_choices":[{"not_picked":["PiercingWail","Accuracy"],"picked":"Crippling Poison","floor":1},{"not_picked":["PiercingWail","Flechettes"],"picked":"Bane","floor":4},{"not_picked":["Accuracy","Riddle With Holes","Dagger Spray"],"picked":"SKIP","floor":7},{"not_picked":["Quick Slash","Dagger Spray","Accuracy"],"picked":"SKIP","floor":13},{"not_picked":["Wraith Form v2","Unload"],"picked":"After Image","floor":16},{"not_picked":["Prepared","Blade Dance+1"],"picked":"Backflip+1","floor":18},{"not_picked":["Acrobatics+1","Blade Dance","Underhanded Strike"],"picked":"SKIP","floor":21},{"not_picked":["Accuracy","Finisher","Leg Sweep"],"picked":"SKIP","floor":28},{"not_picked":["Accuracy","Finisher","Leg Sweep"],"picked":"SKIP","floor":28},{"not_picked":["Accuracy","Finisher","Leg Sweep"],"picked":"SKIP","floor":28},{"not_picked":["Accuracy","Finisher","Leg Sweep"],"picked":"SKIP","floor":28},{"not_picked":["Flying Knee","Bane"],"picked":"Burst","floor":30},{"not_picked":["Flying Knee","Well Laid Plans+1"],"picked":"Bouncing Flask","floor":31},{"not_picked":["Glass Knife","Venomology"],"picked":"Die Die Die","floor":33},{"not_picked":["Deflect","Reflex","Tactician+1"],"picked":"SKIP","floor":35},{"not_picked":["Concentrate","All Out Attack","Cloak And Dagger"],"picked":"SKIP","floor":38}],"player_experience":303615,"relics_obtained":[{"floor":9,"key":"Vajra"},{"floor":20,"key":"Red Mask"},{"floor":26,"key":"Mercury Hourglass"},{"floor":30,"key":"Bronze Scales"},{"floor":39,"key":"FossilizedHelix"}],"event_choices":[{"damage_healed":0,"gold_gain":0,"player_choice":"Entered Light","damage_taken":14,"max_hp_gain":0,"max_hp_loss":0,"event_name":"Shining Light","floor":2,"gold_loss":0,"cards_upgraded":["Strike_G","Strike_G"]},{"cards_removed":["Strike_G"],"damage_healed":0,"gold_gain":0,"player_choice":"Card Removal","damage_taken":7,"max_hp_gain":0,"max_hp_loss":0,"event_name":"Golden Wing","floor":3,"gold_loss":0},{"damage_healed":0,"gold_gain":75,"player_choice":"Gather Gold","damage_taken":11,"max_hp_gain":0,"max_hp_loss":0,"event_name":"World of Goop","floor":8,"gold_loss":0},{"cards_removed":["Strike_G"],"damage_healed":0,"gold_gain":0,"player_choice":"Forget","damage_taken":0,"max_hp_gain":0,"max_hp_loss":0,"event_name":"Living Wall","floor":10,"gold_loss":0},{"damage_healed":0,"gold_gain":0,"player_choice":"Bought 0 Potions","damage_taken":0,"max_hp_gain":0,"max_hp_loss":0,"event_name":"The Woman in Blue","floor":12,"gold_loss":0},{"damage_healed":0,"gold_gain":0,"player_choice":"Fought Bandits","damage_taken":0,"max_hp_gain":0,"max_hp_loss":0,"event_name":"Masked Bandits","floor":20,"gold_loss":0},{"damage_healed":0,"gold_gain":0,"player_choice":"Trade","damage_taken":0,"relics_obtained":["CultistMask"],"max_hp_gain":0,"max_hp_loss":0,"event_name":"FaceTrader","floor":25,"gold_loss":0},{"damage_healed":0,"gold_gain":0,"player_choice":"Max HP","damage_taken":0,"max_hp_gain":0,"max_hp_loss":4,"event_name":"Winding Halls","floor":37,"gold_loss":0},{"damage_healed":0,"gold_gain":0,"player_choice":"Fight","damage_taken":0,"max_hp_gain":0,"max_hp_loss":0,"event_name":"Mysterious Sphere","floor":39,"gold_loss":0}],"is_beta":false,"boss_relics":[{"not_picked":["Runic Pyramid","Snecko Eye"],"picked":"Sozu"},{"not_picked":["Astrolabe","Tiny House"],"picked":"Philosopher\u0027s Stone"}],"items_purged_floors":[14,19],"is_endless":false,"potions_floor_spawned":[4,13,16,28,30,31,35],"killed_by":"Nemesis","ascension_level":4}