{"gold_per_floor":[110,123,298,26,26,26,57,57,84,84,84,113,13,23,23,126,126,143,178,192,207,207,207,242,242,242,275,287,299],"floor_reached":29,"playtime":896,"items_purged":["Doubt","Defend_G"],"score":350,"play_id":"2a2fdf19-95d0-428d-ad83-eeb43f72531e","local_time":"20190520021608","is_ascension_mode":true,"campfire_choices":[{"data":"Neutralize","floor":6,"key":"SMITH"},{"data":"Backstab","floor":8,"key":"SMITH"},{"floor":15,"key":"REST"},{"floor":23,"key":"REST"},{"floor":25,"key":"REST"}],"neow_cost":"NONE","seed_source_timestamp":172339914802800,"circlet_count":0,"master_deck":["Defend_G","Defend_G","Defend_G","Defend_G","Strike_G+1","Strike_G+1","Strike_G+1","Strike_G","Strike_G+1","Survivor","Neutralize+1","Backstab+1","Poisoned Stab","Corpse Explosion","Dagger Spray","Deadly Poison","Bane+1","Well Laid Plans+1"],"relics":["Ring of the Serpent","NeowsBlessing","TwistedFunnel","Nunchaku","Regal Pillow","Pen Nib","Whetstone","Red Mask","Boot","Dodecahedron","MawBank"],"potions_floor_usage":[16,16,24,29],"damage_taken":[{"damage":0,"enemies":"Small Slimes","floor":1,"turns":1},{"damage":0,"enemies":"Jaw Worm","floor":2,"turns":1},{"damage":0,"enemies":"Lagavulin","floor":7,"turns":1},{"damage":29,"enemies":"3 Sentries","floor":12,"turns":9},{"damage":0,"enemies":"2 Louse","floor":14,"turns":1},{"damage":9,"enemies":"The Guardian","floor":16,"turns":10},{"damage":21,"enemies":"Shell Parasite","floor":18,"turns":5},{"damage":0,"enemies":"Masked Bandits","floor":19,"turns":2},{"damage":0,"enemies":"3 Byrds","floor":20,"turns":2},{"damage":36,"enemies":"Centurion and Healer","floor":21,"turns":5},{"damage":35,"enemies":"Book of Stabbing","floor":24,"turns":5},{"damage":38,"enemies":"Slavers","floor":27,"turns":3},{"damage":15,"enemies":"Book of Stabbing","floor":29,"turns":2}],"seed_played":"-3442901029690414384","potions_obtained":[{"floor":7,"key":"Block Potion"},{"floor":14,"key":"Dexterity Potion"},{"floor":18,"key":"Explosive Potion"},{"floor":21,"key":"Poison Potion"},{"floor":24,"key":"SpeedPotion"},{"floor":27,"key":"GamblersBrew"}],"is_trial":false,"path_per_floor":["M","M","?","$","$","R","E","R","T","?","?","E","$","M","R","B",null,"M","?","M","M","?","R","E","R","T","E","$","E"],"character_chosen":"THE_SILENT","items_purchased":["TwistedFunnel"],"campfire_rested":3,"item_purchase_floors":[4],"current_hp_per_floor":[70,70,70,70,70,70,70,70,70,56,53,24,24,24,60,51,70,49,49,49,13,13,49,14,50,50,12,12,0],"gold":299,"neow_bonus":"THREE_ENEMY_KILL","is_prod":false,"is_daily":false,"chose_seed":false,"campfire_upgraded":2,"win_rate":0,"timestamp":1558343768,"path_taken":["M","M","?","?","$","R","E","R","T","?","?","E","$","M","R","BOSS","M","?","M","M","?","R","E","R","T","E","$","E"],"build_version":"2019-01-23","purchased_purges":2,"victory":false,"max_hp_per_floor":[70,70,70,70,70,70,70,70,70,70,70,70,70,70,70,70,70,70,70,70,70,70,70,70,70,70,70,70,70],"card_choices":[{"not_picked":["Slice","Endless Agony","Outmaneuver"],"picked":"SKIP","floor":1},{"not_picked":["Masterful Stab","Eviscerate","Deflect"],"picked":"SKIP","floor":2},{"not_picked":["Dagger Throw","Predator"],"picked":"Backstab","floor":7},{"not_picked":["Deflect","Masterful Stab","Poisoned Stab"],"picked":"SKIP","floor":12},{"not_picked":["Heel Hook","Riddle With Holes"],"picked":"Poisoned Stab","floor":14},{"not_picked":["Tools of the Trade","Bullet Time"],"picked":"Corpse Explosion","floor":16},{"not_picked":["Noxious Fumes","Acrobatics"],"picked":"Dagger Spray","floor":18},{"not_picked":["Dagger Spray+1","Terror"],"picked":"Deadly Poison","floor":20},{"not_picked":["Dodge and Roll+1","Infinite Blades","Terror"],"picked":"SKIP","floor":21},{"not_picked":["Terror","Noxious Fumes"],"picked":"Bane+1","floor":24},{"not_picked":["Deadly Poison","Die Die Die"],"picked":"Well Laid Plans+1","floor":27}],"player_experience":397352,"relics_obtained":[{"floor":7,"key":"Nunchaku"},{"floor":9,"key":"Regal Pillow"},{"floor":12,"key":"Whetstone"},{"floor":19,"key":"Red Mask"},{"floor":24,"key":"Boot"},{"floor":26,"key":"Dodecahedron"},{"floor":27,"key":"MawBank"}],"event_choices":[{"damage_healed":0,"gold_gain":175,"player_choice":"AGREE","damage_taken":0,"max_hp_gain":0,"max_hp_loss":0,"event_name":"Liars Game","floor":3,"gold_loss":0,"cards_obtained":["Doubt"]},{"damage_healed":0,"gold_gain":0,"player_choice":"Entered Light","damage_taken":14,"max_hp_gain":0,"max_hp_loss":0,"event_name":"Shining Light","floor":10,"gold_loss":0,"cards_upgraded":["Strike_G","Strike_G"]},{"damage_healed":0,"gold_gain":0,"player_choice":"Success","damage_taken":3,"relics_obtained":["Pen Nib"],"max_hp_gain":0,"max_hp_loss":0,"event_name":"Scrap Ooze","floor":11,"gold_loss":0},{"damage_healed":0,"gold_gain":0,"player_choice":"Fought Bandits","damage_taken":0,"max_hp_gain":0,"max_hp_loss":0,"event_name":"Masked Bandits","floor":19,"gold_loss":0},{"damage_healed":0,"gold_gain":0,"player_choice":"Ignored","damage_taken":0,"max_hp_gain":0,"max_hp_loss":0,"event_name":"Vampires","floor":22,"gold_loss":0}],"is_beta":false,"boss_relics":[{"not_picked":["WristBlade","Fusion Hammer"],"picked":"Ring of the Serpent"}],"items_purged_floors":[4,13],"is_endless":false,"potions_floor_spawned":[7,14,18,21,24,27],"killed_by":"Book of Stabbing","ascension_level":4}