{"gold_per_floor":[116,41,41,152,202,235,235,305,305,305,305],"floor_reached":11,"playtime":611,"items_purged":["Strike_G"],"score":101,"play_id":"7acc89ff-8b38-4a43-8d14-8209f889d327","local_time":"20190215003130","is_ascension_mode":true,"campfire_choices":[{"data":"Bane","floor":7,"key":"SMITH"},{"data":"Survivor","floor":10,"key":"SMITH"}],"neow_cost":"NONE","seed_source_timestamp":0,"circlet_count":0,"master_deck":["Defend_G","Defend_G","Defend_G","Defend_G","Defend_G","Strike_G","Strike_G","Strike_G","Strike_G+1","Survivor+1","Neutralize+1","Bane+1"],"special_seed":0,"relics":["Ring of the Snake","NeowsBlessing","SsserpentHead","Pantograph","Whetstone"],"potions_floor_usage":[5,11],"damage_taken":[{"damage":0.0,"enemies":"Jaw Worm","floor":1.0,"turns":1.0},{"damage":0.0,"enemies":"Cultist","floor":4.0,"turns":1.0},{"damage":0,"enemies":"Lagavulin","floor":6,"turns":1},{"damage":0,"enemies":"2 Louse","floor":8,"turns":4},{"damage":9,"enemies":"Gremlin Gang","floor":11,"turns":4}],"seed_played":"-6562514896636195257","potions_obtained":[{"floor":5,"key":"GamblersBrew"},{"floor":5,"key":"SkillPotion"},{"floor":5,"key":"Fruit Juice"},{"floor":6,"key":"Ancient Potion"}],"is_trial":false,"path_per_floor":["M","$","?","M","?","E","R","M","T","R","M"],"character_chosen":"THE_SILENT","items_purchased":[],"campfire_rested":0,"item_purchase_floors":[],"current_hp_per_floor":[70,70,70,70,75,75,75,75,75,75,66],"gold":305,"neow_bonus":"THREE_ENEMY_KILL","is_prod":false,"is_daily":false,"chose_seed":false,"campfire_upgraded":2,"win_rate":0,"timestamp":1550219490,"path_taken":["M","$","?","?","?","E","R","?","T","R","M"],"build_version":"2019-01-23","purchased_purges":1,"victory":false,"max_hp_per_floor":[70,70,70,70,75,75,75,75,75,75,75],"card_choices":[{"not_picked":["Flying Knee","Deflect"],"picked":"Bane","floor":1.0},{"not_picked":["Blade Dance","Flechettes","Dagger Spray"],"picked":"SKIP","floor":4},{"not_picked":["Slice","Outmaneuver","Terror"],"picked":"SKIP","floor":6},{"not_picked":["Slice","Outmaneuver","Terror"],"picked":"SKIP","floor":6},{"not_picked":["Dagger Spray","Masterful Stab","Calculated Gamble"],"picked":"SKIP","floor":8}],"player_experience":166343,"relics_obtained":[{"floor":6,"key":"Pantograph"},{"floor":9,"key":"Whetstone"}],"event_choices":[{"damage_healed":0.0,"max_hp_gain":0.0,"max_hp_loss":0.0,"gold_gain":0.0,"event_name":"FaceTrader","player_choice":"Trade","floor":3.0,"gold_loss":0.0,"damage_taken":0.0,"relics_obtained":["SsserpentHead"]},{"damage_healed":0,"gold_gain":0,"player_choice":"Got Potions","damage_taken":0,"max_hp_gain":0,"max_hp_loss":0,"event_name":"Lab","floor":5,"gold_loss":0}],"is_beta":false,"boss_relics":[],"items_purged_floors":[2],"is_endless":false,"potions_floor_spawned":[6],"killed_by":"Gremlin Gang","ascension_level":1}