{"gold_per_floor":[114,39,58,77,77,77,104,162,185,185,199,199,212,212],"floor_reached":14,"playtime":295,"items_purged":["Strike_B"],"score":108,"play_id":"a9bfb242-9776-46e5-8b61-d7818b476e2f","local_time":"20190402160146","is_ascension_mode":true,"campfire_choices":[{"data":"Zap","floor":6,"key":"SMITH"},{"floor":10,"key":"REST"}],"neow_cost":"NONE","seed_source_timestamp":146488137072200,"circlet_count":0,"master_deck":["Strike_B","Strike_B","Defend_B","Defend_B","Defend_B","Defend_B","Zap+1","Dualcast","Go for the Eyes","Beam Cell","Gash"],"relics":["Cracked Core","NeowsBlessing","Boot","Pantograph","Lantern"],"potions_floor_usage":[],"damage_taken":[{"damage":0,"enemies":"Cultist","floor":1,"turns":1},{"damage":0,"enemies":"Small Slimes","floor":3,"turns":1},{"damage":0,"enemies":"2 Louse","floor":4,"turns":1},{"damage":40,"enemies":"3 Sentries","floor":7,"turns":8},{"damage":28,"enemies":"Lagavulin Event","floor":8,"turns":5},{"damage":0,"enemies":"Exordium Thugs","floor":11,"turns":3},{"damage":20,"enemies":"Gremlin Gang","floor":13,"turns":6},{"damage":11,"enemies":"Lots of Slimes","floor":14,"turns":1}],"seed_played":"7824647888952291158","potions_obtained":[{"floor":1,"key":"Energy Potion"},{"floor":3,"key":"SpeedPotion"},{"floor":4,"key":"EssenceOfSteel"}],"is_trial":false,"path_per_floor":["M","$","M","M","$","R","E","?","T","R","M","?","M","M"],"character_chosen":"DEFECT","items_purchased":[],"campfire_rested":1,"item_purchase_floors":[],"current_hp_per_floor":[75,75,75,75,75,75,35,7,7,29,29,29,9,0],"gold":212,"neow_bonus":"THREE_ENEMY_KILL","is_prod":false,"is_daily":false,"chose_seed":false,"campfire_upgraded":1,"win_rate":0,"timestamp":1554246106,"path_taken":["M","$","M","?","$","R","E","?","T","R","M","?","M","M"],"build_version":"2019-01-23","purchased_purges":1,"victory":false,"max_hp_per_floor":[75,75,75,75,75,75,75,75,75,75,75,75,75,75],"card_choices":[{"not_picked":["Skim","Turbo","Reprogram"],"picked":"SKIP","floor":1},{"not_picked":["Undo","Hologram"],"picked":"Go for the Eyes","floor":3},{"not_picked":["Barrage","Biased Cognition"],"picked":"Beam Cell","floor":4},{"not_picked":["Hologram","Streamline"],"picked":"Gash","floor":7},{"not_picked":["Redo","Doom and Gloom","Darkness"],"picked":"SKIP","floor":11},{"not_picked":["Doom and Gloom","Sunder","Sweeping Beam"],"picked":"SKIP","floor":13}],"player_experience":286619,"relics_obtained":[{"floor":7,"key":"Boot"},{"floor":8,"key":"Pantograph"},{"floor":9,"key":"Lantern"}],"event_choices":[{"damage_healed":0,"gold_gain":0,"player_choice":"Searched \u00271\u0027 times","damage_taken":0,"max_hp_gain":0,"max_hp_loss":0,"event_name":"Dead Adventurer","floor":8,"gold_loss":0},{"cards_removed":["Strike_B"],"damage_healed":0,"gold_gain":0,"player_choice":"Purged","damage_taken":0,"max_hp_gain":0,"max_hp_loss":0,"event_name":"Purifier","floor":12,"gold_loss":0}],"is_beta":false,"boss_relics":[],"items_purged_floors":[2],"is_endless":false,"potions_floor_spawned":[1,3,4],"killed_by":"Lots of Slimes","ascension_level":4}