{"gold_per_floor":[116,134,134,56,67,67,17,45,72,72,130,130,146,164,164,262,262,276,310,323,323,28,28,45,45,121,121,138,138,164,182,182,279,279,294,310,310,31,31,31],"floor_reached":40,"playtime":3301,"items_purged":["Writhe"],"score":600,"play_id":"d082eb5f-7d24-4490-921f-80716d8152dc","local_time":"20181112191536","is_ascension_mode":true,"campfire_choices":[{"floor":6,"key":"REST"},{"floor":10,"key":"REST"},{"floor":15,"key":"REST"},{"floor":23,"key":"REST"},{"floor":25,"key":"REST"},{"data":"Footwork","floor":27,"key":"SMITH"},{"floor":29,"key":"REST"},{"data":"Noxious Fumes","floor":32,"key":"SMITH"}],"neow_cost":"NONE","seed_source_timestamp":244836264168077,"circlet_count":0,"master_deck":["Defend_G+1","Defend_G+1","Defend_G+1","Defend_G+1","Defend_G+1","Strike_G+1","Strike_G+1","Survivor","Neutralize+1","Die Die Die","Deflect","Flying Knee","Noxious Fumes+1","Corpse Explosion","Dagger Spray","Backstab","Flying Knee","Quick Slash","Bullet Time","Blur+1","Footwork+1","Dagger Throw+1","Deadly Poison","Venomology","Malaise","Bane+1","Dodge and Roll+1","Dark Shackles","Thinking Ahead"],"relics":["Ring of the Snake","Whetstone","Happy Flower","Tiny Chest","Bottled Tornado","Empty Cage","Red Mask","Incense Burner","The Courier","Bag of Marbles","Black Star","TwistedFunnel"],"potions_floor_usage":[16,19,30,33,33,33,36,40,40],"damage_taken":[{"damage":0,"enemies":"Cultist","floor":1,"turns":4},{"damage":0,"enemies":"Jaw Worm","floor":2,"turns":4},{"damage":0,"enemies":"Small Slimes","floor":5,"turns":3},{"damage":38,"enemies":"Lagavulin","floor":8,"turns":7},{"damage":16,"enemies":"3 Sentries","floor":11,"turns":3},{"damage":1,"enemies":"Looter","floor":13,"turns":3},{"damage":0,"enemies":"Large Slime","floor":14,"turns":4},{"damage":27,"enemies":"The Guardian","floor":16,"turns":12},{"damage":22,"enemies":"2 Thieves","floor":18,"turns":3},{"damage":3,"enemies":"Masked Bandits","floor":19,"turns":2},{"damage":2,"enemies":"Chosen","floor":20,"turns":5},{"damage":6,"enemies":"Snake Plant","floor":24,"turns":6},{"damage":20,"enemies":"Shelled Parasite and Fungi","floor":28,"turns":8},{"damage":4,"enemies":"Book of Stabbing","floor":30,"turns":7},{"damage":0,"enemies":"Cultist and Chosen","floor":31,"turns":4},{"damage":54,"enemies":"Automaton","floor":33,"turns":11},{"damage":0,"enemies":"3 Shapes","floor":35,"turns":4},{"damage":10,"enemies":"Orb Walker","floor":36,"turns":5},{"damage":70,"enemies":"Giant Head","floor":40,"turns":10}],"seed_played":"-6895872249033576443","potions_obtained":[{"floor":2,"key":"GamblersBrew"},{"floor":14,"key":"EssenceOfSteel"},{"floor":16,"key":"AttackPotion"},{"floor":24,"key":"Fire Potion"},{"floor":30,"key":"Energy Potion"},{"floor":31,"key":"Block Potion"},{"floor":33,"key":"FearPotion"}],"is_trial":false,"path_per_floor":["M","M","?","$","M","R","?","E","T","R","E","T","M","M","R","B",null,"M","?","M","?","$","R","M","R","T","R","M","R","E","M","R","B",null,"M","M","?","$","?","E"],"character_chosen":"THE_SILENT","items_purchased":["Noxious Fumes","Incense Burner","TwistedFunnel","Dark Shackles"],"campfire_rested":6,"item_purchase_floors":[4,22,38,38],"current_hp_per_floor":[63,63,49,49,49,70,70,32,32,53,37,37,36,36,57,30,60,38,35,33,33,33,54,48,69,69,69,49,70,66,66,66,12,56,56,46,64,64,64,0],"gold":31,"neow_bonus":"ONE_RANDOM_RARE_CARD","is_prod":false,"is_daily":false,"chose_seed":false,"campfire_upgraded":2,"win_rate":0,"timestamp":1542050136,"path_taken":["M","M","?","?","M","R","?","E","T","R","E","?","M","M","R","BOSS","M","?","M","?","$","R","M","R","T","R","M","R","E","M","R","BOSS","M","M","?","$","?","E"],"build_version":"2018-11-08","purchased_purges":1,"victory":false,"max_hp_per_floor":[70,70,70,70,70,70,70,70,70,70,70,70,70,70,70,70,70,70,70,70,70,70,70,70,70,70,70,70,70,70,70,70,70,70,70,70,70,70,70,70],"card_choices":[{"not_picked":["Poisoned Stab","Distraction"],"picked":"Deflect","floor":1},{"not_picked":["Deadly Poison","Expertise"],"picked":"Flying Knee","floor":2},{"not_picked":["Dodge and Roll","Bane"],"picked":"Corpse Explosion","floor":5},{"not_picked":["Flying Knee","Expertise"],"picked":"Dagger Spray","floor":8},{"not_picked":["Adrenaline","Dodge and Roll"],"picked":"Backstab","floor":11},{"not_picked":["Deadly Poison","Acrobatics"],"picked":"Flying Knee","floor":13},{"not_picked":["Endless Agony","Skewer"],"picked":"Quick Slash","floor":14},{"not_picked":["Corpse Explosion","Grand Finale"],"picked":"Bullet Time","floor":16},{"not_picked":["Acrobatics","Backflip"],"picked":"Blur+1","floor":18},{"not_picked":["Backflip","Deflect+1"],"picked":"Footwork","floor":20},{"not_picked":["Leg Sweep","Blade Dance"],"picked":"Dagger Throw+1","floor":24},{"not_picked":["Reflex+1","Dagger Spray"],"picked":"Deadly Poison","floor":28},{"not_picked":["Deadly Poison","Slice"],"picked":"Venomology","floor":30},{"not_picked":["Deflect","Slice","Dagger Throw"],"picked":"SKIP","floor":31},{"not_picked":["Unload","Night Terror"],"picked":"Malaise","floor":33},{"not_picked":["Blade Dance+1","All Out Attack"],"picked":"Bane+1","floor":35},{"not_picked":["Bouncing Flask+1","Infinite Blades+1"],"picked":"Dodge and Roll+1","floor":36},{"not_picked":["Enlightenment","HandOfGreed"],"picked":"Thinking Ahead","floor":39}],"player_experience":817026,"relics_obtained":[{"floor":8,"key":"Whetstone"},{"floor":9,"key":"Happy Flower"},{"floor":11,"key":"Tiny Chest"},{"floor":12,"key":"Bottled Tornado"},{"floor":19,"key":"Red Mask"},{"floor":26,"key":"The Courier"},{"floor":30,"key":"Bag of Marbles"}],"event_choices":[{"damage_healed":0,"gold_gain":0,"player_choice":"Entered Light","damage_taken":14,"max_hp_gain":0,"max_hp_loss":0,"event_name":"Shining Light","floor":3,"gold_loss":0,"cards_upgraded":["Strike_G","Defend_G"]},{"cards_removed":["Strike_G"],"damage_healed":0,"gold_gain":0,"player_choice":"Card Removal","damage_taken":0,"max_hp_gain":0,"max_hp_loss":0,"event_name":"The Cleric","floor":7,"gold_loss":50},{"damage_healed":0,"gold_gain":0,"player_choice":"Fought Bandits","damage_taken":0,"max_hp_gain":0,"max_hp_loss":0,"event_name":"Masked Bandits","floor":19,"gold_loss":0},{"damage_healed":0,"gold_gain":0,"player_choice":"Simplicity","damage_taken":0,"max_hp_gain":0,"max_hp_loss":0,"event_name":"Back to Basics","floor":21,"gold_loss":0,"cards_upgraded":["Defend_G","Defend_G","Defend_G","Defend_G"]},{"damage_healed":18,"gold_gain":0,"player_choice":"Writhe","damage_taken":0,"max_hp_gain":0,"max_hp_loss":0,"event_name":"Winding Halls","floor":37,"gold_loss":0,"cards_obtained":["Writhe"]},{"damage_healed":0,"gold_gain":0,"player_choice":"Memory 1","damage_taken":0,"max_hp_gain":0,"max_hp_loss":0,"event_name":"SensoryStone","floor":39,"gold_loss":0}],"is_beta":false,"boss_relics":[{"not_picked":["Astrolabe","Snecko Eye"],"picked":"Empty Cage"},{"not_picked":["HoveringKite","Pandora\u0027s Box"],"picked":"Black Star"}],"items_purged_floors":[38],"is_endless":false,"potions_floor_spawned":[2,14,16,24,30,31,33],"killed_by":"Giant Head","ascension_level":9}