{"gold_per_floor":[116,127,127,146,166,193,193,224,293,313,339,179,193,211,211,309,309,324,324,344,364,364,364,376,396,396,409,409,434,434,27,27,122,122,140,155,173,23,123,157,157,186,186,186,0,13,13,13,13,13],"floor_reached":50,"playtime":2082,"items_purged":[],"score":768,"play_id":"1c845f8b-ccd2-4e16-9954-eb70b81c3765","local_time":"20190607094455","is_ascension_mode":true,"campfire_choices":[{"floor":7,"key":"REST"},{"floor":15,"key":"REST"},{"floor":23,"key":"REST"},{"floor":28,"key":"REST"},{"floor":30,"key":"REST"},{"floor":32,"key":"REST"},{"floor":41,"key":"REST"},{"floor":44,"key":"REST"},{"data":"Corpse Explosion","floor":49,"key":"SMITH"}],"neow_cost":"NONE","seed_source_timestamp":7915980822984,"circlet_count":0,"master_deck":["Survivor","Neutralize","Corpse Explosion","Backflip","Acrobatics","Corpse Explosion+1","All Out Attack","Choke","Terror","Bullet Time+1","Backflip","Riddle With Holes","Infinite Blades","Sucker Punch","After Image","Caltrops","Noxious Fumes","Flash of Steel","Bouncing Flask+1","Corpse Explosion+1","Catalyst+1","Catalyst+1","Noxious Fumes","Cloak And Dagger+1","Writhe","Quick Slash","Bandage Up+1","Bane","Bullet Time+1","Leg Sweep+1","Backflip+1","Normality","Writhe"],"relics":["Pandora\u0027s Box","Girya","Torii","Toxic Egg 2","Bag of Preparation","Cursed Key","Smiling Mask","Pocketwatch","Mango","Sozu","Bronze Scales","Shovel","Vajra","Kunai","Bottled Flame","Red Mask"],"potions_floor_usage":[11,20,29,29,29],"damage_taken":[{"damage":4,"enemies":"Cultist","floor":1,"turns":3},{"damage":0,"enemies":"Jaw Worm","floor":2,"turns":1},{"damage":12,"enemies":"2 Louse","floor":4,"turns":2},{"damage":6,"enemies":"Red Slaver","floor":5,"turns":3},{"damage":7,"enemies":"3 Sentries","floor":6,"turns":2},{"damage":11,"enemies":"Gremlin Nob","floor":8,"turns":4},{"damage":2,"enemies":"Lots of Slimes","floor":10,"turns":2},{"damage":7,"enemies":"3 Sentries","floor":11,"turns":2},{"damage":0,"enemies":"Large Slime","floor":13,"turns":1},{"damage":0,"enemies":"Blue Slaver","floor":14,"turns":2},{"damage":27,"enemies":"The Guardian","floor":16,"turns":5},{"damage":0,"enemies":"Spheric Guardian","floor":18,"turns":3},{"damage":12,"enemies":"Shell Parasite","floor":20,"turns":3},{"damage":0,"enemies":"3 Cultists","floor":21,"turns":2},{"damage":16,"enemies":"Snecko","floor":24,"turns":4},{"damage":12,"enemies":"Cultist and Chosen","floor":25,"turns":2},{"damage":18,"enemies":"Centurion and Healer","floor":27,"turns":4},{"damage":14,"enemies":"Book of Stabbing","floor":29,"turns":3},{"damage":23,"enemies":"Automaton","floor":33,"turns":5},{"damage":0,"enemies":"3 Shapes","floor":35,"turns":1},{"damage":9,"enemies":"Orb Walker","floor":36,"turns":3},{"damage":10,"enemies":"Spire Growth","floor":37,"turns":3},{"damage":0,"enemies":"Mind Bloom Boss Battle","floor":39,"turns":5},{"damage":15,"enemies":"Nemesis","floor":40,"turns":3},{"damage":38,"enemies":"Reptomancer","floor":42,"turns":3},{"damage":13,"enemies":"Jaw Worm Horde","floor":46,"turns":2},{"damage":93,"enemies":"Donu and Deca","floor":50,"turns":6}],"seed_played":"-4647351428267811067","potions_obtained":[{"floor":2,"key":"Dexterity Potion"},{"floor":4,"key":"GamblersBrew"},{"floor":5,"key":"LiquidBronze"},{"floor":6,"key":"LiquidBronze"},{"floor":10,"key":"AttackPotion"},{"floor":13,"key":"Weak Potion"},{"floor":25,"key":"SkillPotion"},{"floor":27,"key":"EssenceOfSteel"}],"is_trial":false,"path_per_floor":["M","M","?","M","M","E","R","E","T","M","E","$","M","M","R","B",null,"M","?","M","M","?","R","M","M","T","M","R","E","R","$","R","B",null,"M","M","M","$","?","E","R","E","T","R","?","M","?","?","R","B"],"character_chosen":"THE_SILENT","items_purchased":["Noxious Fumes","Flash of Steel","Mango","Bandage Up+1","Bane","Bronze Scales"],"campfire_rested":8,"item_purchase_floors":[12,12,31,31,31,38],"current_hp_per_floor":[59,59,59,47,41,34,55,44,44,42,35,35,35,35,56,29,60,60,60,48,48,48,69,53,41,41,23,44,30,51,65,84,67,80,80,75,71,71,77,68,84,46,46,71,71,64,64,84,84,0],"gold":13,"neow_bonus":"BOSS_RELIC","is_prod":false,"is_daily":false,"chose_seed":false,"campfire_upgraded":1,"win_rate":0,"timestamp":1559915095,"path_taken":["M","?","?","M","?","E","R","E","T","?","E","$","M","M","R","BOSS","M","?","?","?","?","R","M","M","T","M","R","E","R","$","R","BOSS","M","M","?","$","?","E","R","E","T","R","?","M","?","?","R","BOSS"],"build_version":"2019-01-23","purchased_purges":0,"victory":false,"max_hp_per_floor":[70,70,70,70,70,70,70,70,70,70,70,70,70,70,70,70,70,70,70,70,70,70,70,70,70,70,70,70,70,70,84,84,84,84,84,84,84,84,84,84,84,84,84,84,84,84,84,84,84,84],"card_choices":[{"not_picked":["PiercingWail","Escape Plan","Deadly Poison"],"picked":"SKIP","floor":1},{"not_picked":["Bane","Masterful Stab","Predator"],"picked":"SKIP","floor":2},{"not_picked":["Blade Dance","Acrobatics"],"picked":"Infinite Blades","floor":4},{"not_picked":["Acrobatics","PiercingWail"],"picked":"Sucker Punch","floor":5},{"not_picked":["All Out Attack","Dodge and Roll"],"picked":"After Image","floor":6},{"not_picked":["Reflex","PiercingWail"],"picked":"Caltrops","floor":8},{"not_picked":["Deflect+1","Acrobatics+1","Expertise+1"],"picked":"SKIP","floor":10},{"not_picked":["Sucker Punch","Well Laid Plans","PiercingWail+1"],"picked":"SKIP","floor":11},{"not_picked":["Dodge and Roll+1","Envenom"],"picked":"Bouncing Flask+1","floor":13},{"not_picked":["Finisher","Distraction+1","Eviscerate"],"picked":"SKIP","floor":14},{"not_picked":["Venomology+1","Doppelganger+1"],"picked":"Corpse Explosion+1","floor":16},{"not_picked":["Infinite Blades+1","Prepared+1"],"picked":"Catalyst+1","floor":18},{"not_picked":["Deflect+1","Cloak And Dagger+1"],"picked":"Noxious Fumes","floor":20},{"not_picked":["Slice","Dodge and Roll+1","Dagger Spray"],"picked":"SKIP","floor":21},{"not_picked":["Blade Dance+1","Deflect+1","Backstab"],"picked":"SKIP","floor":24},{"not_picked":["Dagger Throw+1","Escape Plan+1"],"picked":"Cloak And Dagger+1","floor":25},{"not_picked":["Outmaneuver+1","Doppelganger+1"],"picked":"Quick Slash","floor":27},{"not_picked":["Slice+1","Finisher+1","Setup+1"],"picked":"SKIP","floor":29},{"not_picked":["Doppelganger+1","Grand Finale"],"picked":"Bullet Time+1","floor":33},{"not_picked":["Flying Knee","Quick Slash","Prepared+1"],"picked":"SKIP","floor":35},{"not_picked":["Sucker Punch","Dagger Throw+1"],"picked":"Leg Sweep+1","floor":36},{"not_picked":["Concentrate+1","Dagger Spray","Skewer"],"picked":"SKIP","floor":37},{"not_picked":["Slice+1","Quick Slash"],"picked":"Backflip+1","floor":40},{"not_picked":["Flechettes","Bouncing Flask+1","Eviscerate"],"picked":"SKIP","floor":42},{"not_picked":["All Out Attack","Dagger Throw+1","Dash+1"],"picked":"SKIP","floor":46}],"player_experience":401439,"relics_obtained":[{"floor":6,"key":"Girya"},{"floor":8,"key":"Torii"},{"floor":9,"key":"Toxic Egg 2"},{"floor":11,"key":"Bag of Preparation"},{"floor":26,"key":"Smiling Mask"},{"floor":29,"key":"Pocketwatch"},{"floor":39,"key":"Shovel"},{"floor":40,"key":"Vajra"},{"floor":42,"key":"Kunai"},{"floor":43,"key":"Bottled Flame"}],"event_choices":[{"damage_healed":0,"gold_gain":0,"player_choice":"Forge","damage_taken":0,"max_hp_gain":0,"max_hp_loss":0,"event_name":"Accursed Blacksmith","floor":3,"gold_loss":0,"cards_upgraded":["Bullet Time"]},{"damage_healed":0,"gold_gain":0,"player_choice":"Copied","damage_taken":0,"max_hp_gain":0,"max_hp_loss":0,"event_name":"Duplicator","floor":19,"gold_loss":0,"cards_obtained":["Catalyst"]},{"damage_healed":0,"gold_gain":0,"player_choice":"Ignored","damage_taken":0,"max_hp_gain":0,"max_hp_loss":0,"event_name":"N\u0027loth","floor":22,"gold_loss":0},{"damage_healed":0,"gold_gain":0,"player_choice":"Fight","damage_taken":0,"max_hp_gain":0,"max_hp_loss":0,"event_name":"MindBloom","floor":39,"gold_loss":0},{"damage_healed":0,"gold_gain":0,"player_choice":"Paid","damage_taken":0,"relics_obtained":["Red Mask"],"max_hp_gain":0,"max_hp_loss":0,"event_name":"Tomb of Lord Red Mask","floor":45,"gold_loss":186},{"damage_healed":0,"gold_gain":0,"player_choice":"Ignored","damage_taken":0,"max_hp_gain":0,"max_hp_loss":0,"event_name":"Mysterious Sphere","floor":47,"gold_loss":0},{"damage_healed":21,"gold_gain":0,"player_choice":"Writhe","damage_taken":0,"max_hp_gain":0,"max_hp_loss":0,"event_name":"Winding Halls","floor":48,"gold_loss":0,"cards_obtained":["Writhe"]}],"is_beta":false,"boss_relics":[{"not_picked":["Orrery","Snecko Eye"],"picked":"Cursed Key"},{"not_picked":["Lizard Tail","Velvet Choker"],"picked":"Sozu"}],"items_purged_floors":[],"is_endless":false,"potions_floor_spawned":[2,4,5,6,10,13,25,27,36,39,40,46],"killed_by":"Donu and Deca","ascension_level":7}