{"path_per_floor":["M","M","M","M","?","E","R","T","T","R","$","M","E","M","R","B",null,"M","?","?","M","$","R","M","M","T","R","M","M","T","?","R"],"character_chosen":"IRONCLAD","items_purchased":["Rampage","Lantern"],"gold_per_floor":[117,134,153,163,163,194,194,247,247,247,105,122,157,177,177,276,276,288,288,288,305,62,62,79,95,171,171,187,198,198,198,198,198],"floor_reached":33,"campfire_rested":3,"playtime":2699,"current_hp_per_floor":[80,80,80,80,80,38,62,62,62,62,62,68,66,65,65,60,83,78,78,78,51,51,77,77,62,62,62,47,13,13,13,41,0],"items_purged":["Strike_R","Decay"],"gold":198,"score":284,"play_id":"3eb785ad-921b-43f8-a632-6579709497f1","local_time":"20180519125809","is_prod":false,"is_daily":false,"chose_seed":false,"is_ascension_mode":false,"campfire_upgraded":3,"timestamp":1526731089,"campfire_choices":[{"floor":7,"key":"REST"},{"data":"Flex","floor":10,"key":"SMITH"},{"data":"Rampage","floor":15,"key":"SMITH"},{"floor":23,"key":"REST"},{"data":"Metallicize","floor":27,"key":"SMITH"},{"floor":32,"key":"REST"}],"path_taken":["M","?","?","M","?","E","R","?","T","R","$","M","E","?","R","BOSS","M","?","?","?","$","R","M","M","T","R","M","?","?","?","R","BOSS"],"build_version":"2018-05-17","seed_source_timestamp":229384151370875,"purchased_purges":2,"victory":false,"master_deck":["Strike_R+1","Strike_R+1","Strike_R+1","Strike_R+1","Defend_R+1","Defend_R+1","Defend_R+1","Defend_R+1","Bash","Pommel Strike","Headbutt","Headbutt","Shrug It Off","Flex+1","Rampage","Feed","Metallicize+1","Rampage+1","Demon Form","Dual Wield","Armaments","Juggernaut","Rage"],"max_hp_per_floor":[80,80,80,80,80,80,80,80,80,80,80,80,80,80,80,83,83,86,86,86,89,89,89,89,92,92,92,95,95,95,95,95,95],"relics":["Burning Blood","Blue Candle","Boot","Matryoshka","Orichalcum","Black Star","Lantern","Letter Opener","Molten Egg 2","Dream Catcher","Bird Faced Urn"],"card_choices":[{"not_picked":["Cleave","True Grit"],"picked":"Pommel Strike","floor":0},{"not_picked":["Perfected Strike","Thunderclap","Shockwave"],"picked":"SKIP","floor":1},{"not_picked":["True Grit","Thunderclap"],"picked":"Headbutt","floor":2},{"not_picked":["Intimidate","Perfected Strike"],"picked":"Headbutt","floor":3},{"not_picked":["Sword Boomerang","Rage"],"picked":"Shrug It Off","floor":4},{"not_picked":["Twin Strike","Anger"],"picked":"Flex","floor":6},{"not_picked":["Entrench","Burning Pact"],"picked":"Feed","floor":12},{"not_picked":["Battle Trance","Iron Wave"],"picked":"Metallicize","floor":13},{"not_picked":["Entrench","Shrug It Off"],"picked":"Rampage","floor":14},{"not_picked":["Feed","Brutality"],"picked":"Demon Form","floor":16},{"not_picked":["Warcry","Clothesline+1"],"picked":"Dual Wield","floor":18},{"not_picked":["Headbutt","Rage"],"picked":"Armaments","floor":21},{"not_picked":["Armaments+1","Hemokinesis+1"],"picked":"Juggernaut","floor":24},{"not_picked":["Cleave","Blood for Blood","Rupture"],"picked":"SKIP","floor":25},{"not_picked":["Sword Boomerang+1","Warcry","Perfected Strike+1"],"picked":"SKIP","floor":28},{"not_picked":["Rampage+1","Heavy Blade+1","Infernal Blade"],"picked":"SKIP","floor":29},{"not_picked":["Searing Blow+1","Heavy Blade+1"],"picked":"Rage","floor":32}],"player_experience":193409,"potions_floor_usage":[12,13,21,24,29,29,33],"damage_taken":[{"damage":6,"enemies":"Cultist","floor":1,"turns":3},{"damage":1,"enemies":"2 Louse","floor":2,"turns":3},{"damage":0,"enemies":"Small Slimes","floor":3,"turns":3},{"damage":6,"enemies":"Blue Slaver","floor":4,"turns":4},{"damage":48,"enemies":"Lagavulin","floor":6,"turns":7},{"damage":0,"enemies":"Exordium Wildlife","floor":12,"turns":5},{"damage":16,"enemies":"Gremlin Nob","floor":13,"turns":3},{"damage":7,"enemies":"3 Louse","floor":14,"turns":3},{"damage":14,"enemies":"Slime Boss","floor":16,"turns":9},{"damage":14,"enemies":"Shell Parasite","floor":18,"turns":6},{"damage":36,"enemies":"2 Thieves","floor":21,"turns":5},{"damage":6,"enemies":"Snecko","floor":24,"turns":5},{"damage":24,"enemies":"Cultist and Chosen","floor":25,"turns":7},{"damage":24,"enemies":"Centurion and Healer","floor":28,"turns":6},{"damage":40,"enemies":"3 Cultists","floor":29,"turns":7},{"damage":59,"enemies":"Champ","floor":33,"turns":10}],"relics_obtained":[{"floor":6,"key":"Blue Candle"},{"floor":8,"key":"Boot"},{"floor":9,"key":"Matryoshka"},{"floor":13,"key":"Orichalcum"},{"floor":26,"key":"Letter Opener"},{"floor":26,"key":"Molten Egg 2"},{"floor":30,"key":"Dream Catcher"},{"floor":30,"key":"Bird Faced Urn"}],"event_choices":[{"event_name":"Liars Game","player_choice":"disagreed","floor":5,"damage_taken":0},{"event_name":"Ghosts","player_choice":"Ignored","floor":19,"damage_taken":0},{"event_name":"Forgotten Altar","player_choice":"Smashed Altar","floor":20,"damage_taken":0},{"event_name":"Back to Basics","player_choice":"Simplicity","floor":31,"damage_taken":0}],"boss_relics":[{"not_picked":["Runic Pyramid","Philosopher\u0027s Stone"],"picked":"Black Star"}],"potions_floor_spawned":[2,3,6,16,18,24,28,29],"seed_played":"-8468696484346841182","killed_by":"Champ","ascension_level":0,"potions_obtained":[{"floor":2,"key":"Swift Potion"},{"floor":3,"key":"BloodPotion"},{"floor":6,"key":"SteroidPotion"},{"floor":16,"key":"GamblersBrew"},{"floor":18,"key":"FearPotion"},{"floor":24,"key":"PowerPotion"},{"floor":28,"key":"PowerPotion"},{"floor":29,"key":"Energy Potion"}],"is_trial":false}