{"gold_per_floor":[109,41,41,41,41,41,56,69,116,116,41,59,59,71,71,71],"floor_reached":16,"playtime":2899,"items_purged":["Strike_R"],"score":140,"play_id":"65646dcd-5b1c-4c0d-b390-d660138030d3","local_time":"20190501014647","is_ascension_mode":true,"campfire_choices":[{"data":"Offering","floor":6,"key":"SMITH"},{"data":"Bash","floor":13,"key":"SMITH"},{"floor":15,"key":"REST"}],"neow_cost":"NONE","seed_source_timestamp":135325138699500,"circlet_count":0,"master_deck":["AscendersBane","Strike_R","Strike_R","Strike_R","Defend_R","Defend_R","Defend_R","Defend_R","Bash+1","Flame Barrier+1","Offering+1","Entrench"],"relics":["Burning Blood","GremlinMask","Oddly Smooth Stone"],"potions_floor_usage":[8,12,12,12,14,16],"damage_taken":[{"damage":11,"enemies":"Small Slimes","floor":1,"turns":5},{"damage":4,"enemies":"Jaw Worm","floor":7,"turns":5},{"damage":6,"enemies":"2 Louse","floor":8,"turns":2},{"damage":33,"enemies":"Gremlin Gang","floor":12,"turns":5},{"damage":12,"enemies":"2 Fungi Beasts","floor":14,"turns":4},{"damage":72,"enemies":"Hexaghost","floor":16,"turns":12}],"seed_played":"-8048842171025881790","potions_obtained":[{"floor":1,"key":"SteroidPotion"},{"floor":7,"key":"Swift Potion"},{"floor":10,"key":"EntropicBrew"},{"floor":10,"key":"AttackPotion"},{"floor":14,"key":"Strength Potion"}],"is_trial":false,"path_per_floor":["M","$","?","?","?","R","M","M","T","?","$","M","R","M","R","B"],"character_chosen":"IRONCLAD","items_purchased":["Offering"],"campfire_rested":1,"item_purchase_floors":[2],"current_hp_per_floor":[67,67,67,67,67,67,69,69,69,69,69,42,42,44,68,0],"gold":71,"neow_bonus":"REMOVE_CARD","is_prod":false,"is_daily":false,"chose_seed":false,"campfire_upgraded":2,"win_rate":0,"timestamp":1556700407,"path_taken":["M","$","?","?","?","R","?","M","T","?","$","M","R","M","R","BOSS"],"build_version":"2019-01-23","purchased_purges":1,"victory":false,"max_hp_per_floor":[80,80,80,80,80,80,80,80,80,80,80,80,80,80,80,80],"card_choices":[{"not_picked":["Combust","Uppercut"],"picked":"Flame Barrier","floor":1},{"not_picked":["Warcry","Iron Wave","Twin Strike"],"picked":"SKIP","floor":7},{"not_picked":["Twin Strike","Intimidate","Combust"],"picked":"SKIP","floor":8},{"not_picked":["Heavy Blade","Second Wind","Havoc"],"picked":"SKIP","floor":12},{"not_picked":["Combust","Iron Wave"],"picked":"Entrench","floor":14}],"player_experience":338989,"relics_obtained":[{"floor":9,"key":"Oddly Smooth Stone"}],"event_choices":[{"damage_healed":0,"gold_gain":0,"player_choice":"Grow","damage_taken":0,"max_hp_gain":0,"max_hp_loss":0,"event_name":"Living Wall","floor":3,"gold_loss":0,"cards_upgraded":["Flame Barrier"]},{"damage_healed":0,"gold_gain":0,"player_choice":"Leave","damage_taken":0,"max_hp_gain":0,"max_hp_loss":0,"event_name":"The Cleric","floor":4,"gold_loss":0},{"damage_healed":0,"gold_gain":0,"player_choice":"Trade","damage_taken":0,"relics_obtained":["GremlinMask"],"max_hp_gain":0,"max_hp_loss":0,"event_name":"FaceTrader","floor":5,"gold_loss":0},{"damage_healed":0,"gold_gain":0,"player_choice":"Got Potions","damage_taken":0,"max_hp_gain":0,"max_hp_loss":0,"event_name":"Lab","floor":10,"gold_loss":0}],"is_beta":false,"boss_relics":[],"items_purged_floors":[11],"is_endless":false,"potions_floor_spawned":[1,7,14],"killed_by":"Hexaghost","ascension_level":11}