{"gold_per_floor":[112,37,57,71,71,71,71,71,71,85,85,85,85,95,95,191,191,205,223,223,223,223],"floor_reached":22,"playtime":808,"items_purged":["Strike_R"],"score":244,"play_id":"2e07e127-1e78-47f2-ad28-2c4cc15eb5ca","local_time":"20190429181747","is_ascension_mode":true,"campfire_choices":[{"data":"Carnage","floor":6.0,"key":"SMITH"},{"data":"Defend_R","floor":8.0,"key":"SMITH"},{"data":"Defend_R","floor":12.0,"key":"SMITH"},{"data":"Thunderclap","floor":15.0,"key":"SMITH"}],"neow_cost":"TEN_PERCENT_HP_LOSS","seed_source_timestamp":0,"circlet_count":0,"master_deck":["Strike_R+1","Defend_R+1","Defend_R+1","Bash+1","Carnage+1","Battle Trance+1","Thunderclap+1"],"special_seed":0,"relics":["Burning Blood","Gambling Chip","Empty Cage","Question Card"],"potions_floor_usage":[18],"damage_taken":[{"damage":0.0,"enemies":"Small Slimes","floor":1.0,"turns":4.0},{"damage":2.0,"enemies":"2 Louse","floor":3.0,"turns":2.0},{"damage":0.0,"enemies":"Cultist","floor":4.0,"turns":2.0},{"damage":1.0,"enemies":"2 Fungi Beasts","floor":10.0,"turns":2.0},{"damage":4.0,"enemies":"Gremlin Gang","floor":14.0,"turns":4.0},{"damage":62,"enemies":"Hexaghost","floor":16,"turns":6},{"damage":20,"enemies":"3 Byrds","floor":18,"turns":9},{"damage":31,"enemies":"Shell Parasite","floor":19,"turns":4},{"damage":36,"enemies":"Chosen and Byrds","floor":22,"turns":4}],"seed_played":"-240224203994913405","potions_obtained":[{"floor":1.0,"key":"Regen Potion"},{"floor":10.0,"key":"SpeedPotion"},{"floor":18,"key":"Strength Potion"}],"is_trial":false,"path_per_floor":["M","$","M","M","?","R","?","R","T","M","?","R","$","M","R","B",null,"M","M","?","?","M"],"character_chosen":"IRONCLAD","items_purchased":[],"campfire_rested":0,"item_purchase_floors":[],"current_hp_per_floor":[72,72,72,72,65,65,65,65,65,70,70,70,70,72,72,16,58,59,34,34,34,0],"gold":223,"neow_bonus":"REMOVE_TWO","is_prod":false,"is_daily":false,"chose_seed":false,"campfire_upgraded":4,"win_rate":0,"timestamp":1556587067,"path_taken":["M","$","M","M","?","R","?","R","T","?","?","R","$","M","R","BOSS","M","?","?","?","M"],"build_version":"2019-01-23","purchased_purges":1,"victory":false,"max_hp_per_floor":[72,72,72,72,72,72,72,72,72,72,72,72,72,72,72,72,72,72,72,72,72,72],"card_choices":[{"not_picked":["Rupture","Clash"],"picked":"Carnage","floor":1.0},{"not_picked":["Bloodletting","Headbutt","Havoc"],"picked":"SKIP","floor":3.0},{"not_picked":["Anger","Havoc","Spot Weakness"],"picked":"SKIP","floor":4.0},{"not_picked":["Anger","Dual Wield"],"picked":"Battle Trance","floor":10.0},{"not_picked":["Evolve","Battle Trance"],"picked":"Thunderclap","floor":14.0},{"not_picked":["Body Slam","Ghostly Armor","Pummel+1"],"picked":"SKIP","floor":18},{"not_picked":["Twin Strike","Wild Strike","Blood for Blood+1"],"picked":"SKIP","floor":19}],"player_experience":327165,"relics_obtained":[{"floor":9.0,"key":"Gambling Chip"}],"event_choices":[{"cards_removed":["Strike_R"],"damage_healed":0.0,"max_hp_gain":0.0,"max_hp_loss":0.0,"gold_gain":0.0,"event_name":"Golden Wing","player_choice":"Card Removal","floor":5.0,"gold_loss":0.0,"damage_taken":7.0},{"damage_healed":0.0,"max_hp_gain":0.0,"max_hp_loss":0.0,"gold_gain":0.0,"event_name":"Accursed Blacksmith","player_choice":"Forge","floor":7.0,"gold_loss":0.0,"damage_taken":0.0,"cards_upgraded":["Bash"]},{"damage_healed":0.0,"max_hp_gain":0.0,"max_hp_loss":0.0,"gold_gain":0.0,"event_name":"Upgrade Shrine","player_choice":"Upgraded","floor":11.0,"gold_loss":0.0,"damage_taken":0.0,"cards_upgraded":["Battle Trance"]},{"damage_healed":0,"gold_gain":0,"player_choice":"Opened","damage_taken":0,"relics_obtained":["Question Card"],"max_hp_gain":0,"max_hp_loss":0,"event_name":"The Mausoleum","floor":20,"gold_loss":0},{"damage_healed":0,"gold_gain":0,"player_choice":"Upgraded","damage_taken":0,"max_hp_gain":0,"max_hp_loss":0,"event_name":"Upgrade Shrine","floor":21,"gold_loss":0,"cards_upgraded":["Strike_R"]}],"is_beta":false,"boss_relics":[{"not_picked":["Velvet Choker","Busted Crown"],"picked":"Empty Cage"}],"items_purged_floors":[2],"is_endless":false,"potions_floor_spawned":[1,10,18],"killed_by":"Chosen and Byrds","ascension_level":8}