{"gold_per_floor":[118,138,138,148,148,148,73,73,73,73,85,85,104,119,119,216,216,235,135,152,251,251,251,251,126,126,126,137,137,167,167],"floor_reached":31,"playtime":827,"items_purged":["Strike_B","Strike_B","Writhe"],"score":267,"play_id":"110700d3-1fb5-4c14-b588-cc51e12fc154","local_time":"20190401232246","is_ascension_mode":true,"campfire_choices":[{"data":"Beam Cell","floor":6,"key":"SMITH"},{"data":"Chill","floor":8,"key":"SMITH"},{"data":"Dualcast","floor":12,"key":"SMITH"},{"data":"Cold Snap","floor":15,"key":"SMITH"},{"data":"Reboot","floor":23,"key":"SMITH"},{"data":"Cold Snap","floor":27,"key":"SMITH"}],"neow_cost":"NONE","seed_source_timestamp":86013009689500,"circlet_count":0,"master_deck":["Strike_B","Strike_B","Defend_B","Defend_B+1","Defend_B","Defend_B","Zap+1","Dualcast+1","Beam Cell+1","Gash+1","Chill+1","Bandage Up+1","Leap","Cold Snap+1","Reboot+1","Conserve Battery+1","Cold Snap+1"],"relics":["Cracked Core","Anchor","Philosopher\u0027s Stone","Art of War","Happy Flower","War Paint"],"potions_floor_usage":[],"damage_taken":[{"damage":0,"enemies":"Jaw Worm","floor":1,"turns":3},{"damage":0,"enemies":"Cultist","floor":2,"turns":3},{"damage":2,"enemies":"Small Slimes","floor":4,"turns":3},{"damage":1,"enemies":"Blue Slaver","floor":11,"turns":3},{"damage":26,"enemies":"Exordium Thugs","floor":13,"turns":6},{"damage":0,"enemies":"Looter","floor":14,"turns":3},{"damage":43,"enemies":"Hexaghost","floor":16,"turns":13},{"damage":9,"enemies":"Chosen","floor":18,"turns":6},{"damage":17,"enemies":"Spheric Guardian","floor":20,"turns":4},{"damage":10,"enemies":"Snecko","floor":28,"turns":7},{"damage":33,"enemies":"Book of Stabbing","floor":30,"turns":7},{"damage":38,"enemies":"Snake Plant","floor":31,"turns":5}],"seed_played":"2885755111934418365","potions_obtained":[{"floor":1,"key":"Dexterity Potion"},{"floor":4,"key":"SpeedPotion"},{"floor":14,"key":"FairyPotion"}],"is_trial":false,"path_per_floor":["M","M","?","M","?","R","$","R","T","$","M","R","M","M","R","B",null,"M","$","M","?","?","R","?","$","T","R","M","$","E","M"],"character_chosen":"DEFECT","items_purchased":[],"campfire_rested":0,"item_purchase_floors":[],"current_hp_per_floor":[75,75,75,73,73,73,73,73,73,73,75,75,53,57,57,18,75,70,70,57,57,57,57,57,57,57,57,51,51,22,0],"gold":167,"neow_bonus":"UPGRADE_CARD","is_prod":false,"is_daily":false,"chose_seed":false,"campfire_upgraded":6,"win_rate":0,"timestamp":1554186166,"path_taken":["M","M","?","M","?","R","$","R","T","$","?","R","M","?","R","BOSS","M","$","M","?","?","R","?","?","T","R","?","$","E","M"],"build_version":"2019-01-23","purchased_purges":3,"victory":false,"max_hp_per_floor":[75,75,75,75,75,75,75,75,75,75,75,75,75,75,75,75,75,75,75,75,75,75,75,75,75,75,75,75,75,75,75],"card_choices":[{"not_picked":["Genetic Algorithm","Self Repair"],"picked":"Beam Cell","floor":1},{"not_picked":["Hologram","Reinforced Body"],"picked":"Gash","floor":2},{"not_picked":["Defragment","Steam Power"],"picked":"Chill","floor":4},{"not_picked":["Turbo","Tempest","Stack"],"picked":"SKIP","floor":11},{"not_picked":["Turbo","Skim"],"picked":"Leap","floor":13},{"not_picked":["Lockon","Sunder"],"picked":"Cold Snap","floor":14},{"not_picked":["Buffer","Thunder Strike"],"picked":"Reboot","floor":16},{"not_picked":["Compile Driver","Redo+1"],"picked":"Conserve Battery+1","floor":18},{"not_picked":["Beam Cell","Compile Driver"],"picked":"Cold Snap","floor":20},{"not_picked":["Static Discharge","Streamline","Tempest"],"picked":"SKIP","floor":28},{"not_picked":["Buffer","Storm","Auto Shields"],"picked":"SKIP","floor":30}],"player_experience":279724,"relics_obtained":[{"floor":9,"key":"Anchor"},{"floor":26,"key":"Happy Flower"},{"floor":30,"key":"War Paint"}],"event_choices":[{"damage_healed":0,"gold_gain":0,"player_choice":"Grow","damage_taken":0,"max_hp_gain":0,"max_hp_loss":0,"event_name":"Living Wall","floor":3,"gold_loss":0,"cards_upgraded":["Gash"]},{"damage_healed":0,"gold_gain":0,"player_choice":"1 cards matched","damage_taken":0,"max_hp_gain":0,"max_hp_loss":0,"event_name":"Match and Keep!","floor":5,"gold_loss":0,"cards_obtained":["Bandage Up"]},{"damage_healed":0,"gold_gain":99,"player_choice":"Stole From Cult","damage_taken":0,"max_hp_gain":0,"max_hp_loss":0,"event_name":"Nest","floor":21,"gold_loss":0},{"damage_healed":0,"gold_gain":0,"player_choice":"Ignored","damage_taken":0,"max_hp_gain":0,"max_hp_loss":0,"event_name":"Ghosts","floor":22,"gold_loss":0},{"damage_healed":0,"gold_gain":0,"player_choice":"Opened","damage_taken":0,"relics_obtained":["Art of War"],"max_hp_gain":0,"max_hp_loss":0,"event_name":"The Mausoleum","floor":24,"gold_loss":0,"cards_obtained":["Writhe"]}],"is_beta":false,"boss_relics":[{"not_picked":["Nuclear Battery","Runic Pyramid"],"picked":"Philosopher\u0027s Stone"}],"items_purged_floors":[7,19,25],"is_endless":false,"potions_floor_spawned":[1,4,14,28],"killed_by":"Snake Plant","ascension_level":2}