{"gold_per_floor":[109,34,109,123,141,141,91,91,91,91,102,116,116,16,16,114,114,128,128,128,128,144,144,177,191,262,279,2,18,18,35,35,130,130,147,198,198,209,224,224,237,237,260,273,288,288,288,299,299,299],"floor_reached":50,"playtime":1739,"items_purged":["Strike_R","Strike_R","Bash"],"score":717,"play_id":"7ced49c6-268b-4b5c-bf70-b63de1d8905e","local_time":"20190428014156","is_ascension_mode":true,"campfire_choices":[{"data":"Dual Wield","floor":6.0,"key":"SMITH"},{"data":"Rage","floor":8.0,"key":"SMITH"},{"data":"Clash","floor":10.0,"key":"SMITH"},{"data":"Evolve","floor":15.0,"key":"SMITH"},{"data":"Double Tap","floor":23.0,"key":"SMITH"},{"data":"Sever Soul","floor":30,"key":"SMITH"},{"floor":32,"key":"RECALL"},{"data":"1","floor":40,"key":"LIFT"},{"data":"2","floor":42,"key":"LIFT"},{"floor":49,"key":"REST"}],"neow_cost":"NONE","seed_source_timestamp":0,"circlet_count":0,"master_deck":["Clash+1","Rage+1","Evolve+1","Double Tap+1"],"special_seed":0,"relics":["Burning Blood","Darkstone Periapt","Pandora\u0027s Box","MutagenicStrength","Enchiridion","Charon\u0027s Ashes","Bottled Tornado","Omamori","Empty Cage","Girya","Ancient Tea Set"],"potions_floor_usage":[33,33,35,48,48,50],"damage_taken":[{"damage":3.0,"enemies":"Small Slimes","floor":1.0,"turns":3.0},{"damage":2.0,"enemies":"2 Louse","floor":4.0,"turns":3.0},{"damage":4.0,"enemies":"Jaw Worm","floor":5.0,"turns":3.0},{"damage":0.0,"enemies":"Large Slime","floor":11.0,"turns":6.0},{"damage":0.0,"enemies":"Exordium Wildlife","floor":12.0,"turns":2.0},{"damage":45.0,"enemies":"Hexaghost","floor":16.0,"turns":7.0},{"damage":2.0,"enemies":"3 Byrds","floor":18.0,"turns":4.0},{"damage":1.0,"enemies":"2 Thieves","floor":22.0,"turns":2.0},{"damage":0,"enemies":"Book of Stabbing","floor":24,"turns":2},{"damage":0,"enemies":"Snake Plant","floor":25,"turns":1},{"damage":0,"enemies":"Centurion and Healer","floor":27,"turns":3},{"damage":0,"enemies":"Snecko","floor":29,"turns":3},{"damage":7,"enemies":"Shelled Parasite and Fungi","floor":31,"turns":2},{"damage":0,"enemies":"Champ","floor":33,"turns":4},{"damage":4,"enemies":"3 Shapes","floor":35,"turns":2},{"damage":0,"enemies":"2 Orb Walkers","floor":36,"turns":3},{"damage":0,"enemies":"Orb Walker","floor":38,"turns":1},{"damage":0,"enemies":"Transient","floor":39,"turns":5},{"damage":0,"enemies":"Maw","floor":41,"turns":4},{"damage":0,"enemies":"Jaw Worm Horde","floor":44,"turns":2},{"damage":0,"enemies":"Spire Growth","floor":45,"turns":2},{"damage":48,"enemies":"Sphere and 2 Shapes","floor":48,"turns":6},{"damage":69,"enemies":"Time Eater","floor":50,"turns":4}],"seed_played":"6387052890197077908","potions_obtained":[{"floor":4.0,"key":"Dexterity Potion"},{"floor":11.0,"key":"GamblersBrew"},{"floor":22.0,"key":"Strength Potion"},{"floor":27,"key":"Explosive Potion"},{"floor":33,"key":"PowerPotion"},{"floor":36,"key":"Block Potion"},{"floor":37,"key":"Fire Potion"}],"is_trial":false,"path_per_floor":["M","$","?","M","M","R","?","R","T","R","M","M","?","$","R","B",null,"M","?","?","?","M","R","E","M","T","M","$","M","R","M","R","B",null,"M","?","?","M","M","R","M","R","T","M","M","?","?","M","R","B"],"character_chosen":"IRONCLAD","items_purchased":["Omamori"],"campfire_rested":1,"item_purchase_floors":[28],"current_hp_per_floor":[75,75,64,68,70,70,70,70,70,70,76,80,85,85,85,46,75,79,79,79,63,68,68,74,80,80,85,85,85,85,84,84,85,85,85,85,85,85,85,85,85,85,85,85,85,85,85,43,68,0],"gold":299,"neow_bonus":"TRANSFORM_CARD","is_prod":false,"is_daily":false,"chose_seed":false,"campfire_upgraded":6,"win_rate":0,"timestamp":1556440916,"path_taken":["M","$","?","M","M","R","?","R","T","R","M","M","?","$","R","BOSS","M","?","?","?","M","R","E","M","T","M","$","?","R","?","R","BOSS","M","?","?","M","M","R","M","R","T","M","?","?","?","M","R","BOSS"],"build_version":"2019-01-23","purchased_purges":3,"victory":false,"max_hp_per_floor":[80,80,80,80,80,80,80,80,80,80,80,80,85,85,85,85,85,85,85,85,85,85,85,85,85,85,85,85,85,85,85,85,85,85,85,85,85,85,85,85,85,85,85,85,85,85,85,85,85,85],"card_choices":[{"not_picked":["Headbutt","Sever Soul"],"picked":"Clash","floor":1.0},{"not_picked":["Anger","Sword Boomerang"],"picked":"Dual Wield","floor":4.0},{"not_picked":["Headbutt","Blood for Blood"],"picked":"Rage","floor":5.0},{"not_picked":["Warcry","Iron Wave","Pommel Strike"],"picked":"SKIP","floor":11.0},{"not_picked":["Second Wind","Anger"],"picked":"Evolve","floor":12.0},{"not_picked":["Exhume","Bludgeon"],"picked":"Double Tap","floor":16.0},{"not_picked":["Shrug It Off","Dropkick","Cleave"],"picked":"SKIP","floor":18.0},{"not_picked":["Spot Weakness","Shrug It Off","Anger"],"picked":"SKIP","floor":22.0},{"not_picked":["Sever Soul","Body Slam+1","Inflame"],"picked":"SKIP","floor":24},{"not_picked":["Sword Boomerang","Wild Strike+1","Disarm"],"picked":"SKIP","floor":25},{"not_picked":["Heavy Blade","Havoc","Pommel Strike"],"picked":"SKIP","floor":27},{"not_picked":["Thunderclap","Disarm+1","Body Slam"],"picked":"SKIP","floor":29},{"not_picked":["Shrug It Off+1","Second Wind","Body Slam"],"picked":"SKIP","floor":31},{"not_picked":["Brutality","Immolate"],"picked":"Double Tap","floor":33},{"not_picked":["Shockwave+1","Havoc+1","Corruption+1"],"picked":"SKIP","floor":35},{"not_picked":["Dual Wield+1","Heavy Blade","Bloodletting"],"picked":"SKIP","floor":38},{"not_picked":["Seeing Red+1","Intimidate+1","Battle Trance+1"],"picked":"SKIP","floor":39},{"not_picked":["Inflame","Clash+1","Shrug It Off"],"picked":"SKIP","floor":41},{"not_picked":["Havoc+1","Seeing Red+1","Immolate"],"picked":"SKIP","floor":44},{"not_picked":["Pummel+1","Heavy Blade","Rampage"],"picked":"SKIP","floor":45},{"not_picked":["Armaments+1","Fire Breathing","Bloodletting+1"],"picked":"SKIP","floor":48}],"player_experience":319485,"relics_obtained":[{"floor":9.0,"key":"Darkstone Periapt"},{"floor":21.0,"key":"Enchiridion"},{"floor":24,"key":"Charon\u0027s Ashes"},{"floor":26,"key":"Bottled Tornado"},{"floor":36,"key":"Girya"},{"floor":43,"key":"Ancient Tea Set"}],"event_choices":[{"damage_healed":0.0,"max_hp_gain":0.0,"max_hp_loss":0.0,"gold_gain":75.0,"event_name":"World of Goop","player_choice":"Gather Gold","floor":3.0,"gold_loss":0.0,"damage_taken":11.0},{"cards_removed":["Strike_R"],"damage_healed":0.0,"max_hp_gain":0.0,"max_hp_loss":0.0,"gold_gain":0.0,"event_name":"The Cleric","player_choice":"Card Removal","floor":7.0,"gold_loss":50.0,"damage_taken":0.0},{"damage_healed":0.0,"max_hp_gain":5.0,"max_hp_loss":0.0,"gold_gain":0.0,"event_name":"Big Fish","player_choice":"Donut","floor":13.0,"gold_loss":0.0,"damage_taken":0.0},{"damage_healed":0.0,"max_hp_gain":0.0,"max_hp_loss":0.0,"gold_gain":0.0,"event_name":"Ghosts","player_choice":"Ignored","floor":19.0,"gold_loss":0.0,"damage_taken":0.0},{"damage_healed":0.0,"max_hp_gain":0.0,"max_hp_loss":0.0,"gold_gain":0.0,"event_name":"Drug Dealer","player_choice":"Inject Mutagens","floor":20.0,"gold_loss":0.0,"damage_taken":0.0,"relics_obtained":["MutagenicStrength"]},{"damage_healed":0.0,"max_hp_gain":0.0,"max_hp_loss":0.0,"gold_gain":0.0,"event_name":"Cursed Tome","player_choice":"Obtained Book","floor":21.0,"gold_loss":0.0,"damage_taken":16.0},{"damage_healed":0,"gold_gain":0,"player_choice":"Fight","damage_taken":0,"max_hp_gain":0,"max_hp_loss":0,"event_name":"Mysterious Sphere","floor":36,"gold_loss":0},{"damage_healed":0,"gold_gain":0,"player_choice":"Got Potions","damage_taken":0,"max_hp_gain":0,"max_hp_loss":0,"event_name":"Lab","floor":37,"gold_loss":0},{"cards_removed":["Dual Wield"],"damage_healed":0,"gold_gain":0,"player_choice":"Removed Skill","damage_taken":0,"max_hp_gain":0,"max_hp_loss":0,"event_name":"Falling","floor":46,"gold_loss":0},{"damage_healed":0,"gold_gain":0,"player_choice":"0 cards matched","damage_taken":0,"max_hp_gain":0,"max_hp_loss":0,"event_name":"Match and Keep!","floor":47,"gold_loss":0,"cards_obtained":[]}],"is_beta":false,"boss_relics":[{"not_picked":["Eternal Feather","Astrolabe"],"picked":"Pandora\u0027s Box"},{"not_picked":["Orrery","Lizard Tail"],"picked":"Empty Cage"}],"items_purged_floors":[2,14,28],"is_endless":false,"potions_floor_spawned":[4,11,22,27,29,33,36,39,44,45],"killed_by":"Time Eater","ascension_level":7}