{"gold_per_floor":[112,112,112,124,135,135,59,72,97,97,47,57,57,73,73,174,174,192,142,155,105,116,116],"floor_reached":23,"playtime":683,"items_purged":["Strike_R","Defend_R","Defend_R","Strike_R"],"score":229,"play_id":"d5402636-6df2-4ead-a947-e3f96b4bcf3e","local_time":"20190216205954","is_ascension_mode":true,"campfire_choices":[{"data":"Bash","floor":6,"key":"SMITH"},{"data":"Thunderclap","floor":10,"key":"SMITH"},{"data":"Flex","floor":15,"key":"SMITH"}],"neow_cost":"NONE","seed_source_timestamp":5011490559200,"circlet_count":0,"master_deck":["Strike_R","Strike_R","Strike_R","Bash+1","Thunderclap+1","Flex","Flex+1","Juggernaut","Inflame","Battle Trance+1"],"relics":["Burning Blood","Orichalcum","Smiling Mask","Red Skull","Black Star"],"potions_floor_usage":[16,16,23],"damage_taken":[{"damage":6,"enemies":"2 Louse","floor":1,"turns":3},{"damage":14,"enemies":"Small Slimes","floor":4,"turns":4},{"damage":0,"enemies":"Cultist","floor":5,"turns":3},{"damage":10,"enemies":"Looter","floor":8,"turns":3},{"damage":11,"enemies":"Red Slaver","floor":12,"turns":3},{"damage":0,"enemies":"3 Louse","floor":14,"turns":2},{"damage":22,"enemies":"Hexaghost","floor":16,"turns":7},{"damage":46,"enemies":"3 Byrds","floor":18,"turns":5},{"damage":6,"enemies":"Chosen","floor":20,"turns":3},{"damage":18,"enemies":"Snake Plant","floor":22,"turns":2},{"damage":26,"enemies":"Gremlin Leader","floor":23,"turns":3}],"seed_played":"3698394637177446016","potions_obtained":[{"floor":4,"key":"SteroidPotion"},{"floor":8,"key":"Block Potion"},{"floor":12,"key":"Weak Potion"},{"floor":16,"key":"Energy Potion"},{"floor":18,"key":"FearPotion"},{"floor":22,"key":"Weak Potion"}],"is_trial":false,"path_per_floor":["M","?","?","M","M","R","$","M","T","R","$","M","?","M","R","B",null,"M","$","M","$","M","E"],"character_chosen":"IRONCLAD","items_purchased":["Thunderclap"],"campfire_rested":0,"item_purchase_floors":[7],"current_hp_per_floor":[80,80,80,72,78,78,78,74,74,74,74,69,69,75,75,59,75,35,35,35,35,23,0],"gold":116,"neow_bonus":"RANDOM_COMMON_RELIC","is_prod":false,"is_daily":false,"chose_seed":false,"campfire_upgraded":3,"win_rate":0,"timestamp":1550379594,"path_taken":["M","?","?","M","?","R","$","M","T","R","$","M","?","M","R","BOSS","M","$","M","$","M","E"],"build_version":"2019-01-23","purchased_purges":4,"victory":false,"max_hp_per_floor":[80,80,80,80,80,80,80,80,80,80,80,80,80,80,80,80,80,80,80,80,80,80,80],"card_choices":[{"not_picked":["Warcry","Shrug It Off"],"picked":"Twin Strike","floor":1},{"not_picked":["Warcry","Corruption","Perfected Strike"],"picked":"SKIP","floor":4},{"not_picked":["Reckless Charge","Armaments","Headbutt"],"picked":"SKIP","floor":5},{"not_picked":["Berserk","Rupture","True Grit"],"picked":"SKIP","floor":8},{"not_picked":["Perfected Strike","Clothesline"],"picked":"Flex","floor":12},{"not_picked":["Iron Wave","Burning Pact","Blood for Blood"],"picked":"SKIP","floor":14},{"not_picked":["Feed","Exhume"],"picked":"Juggernaut","floor":16},{"not_picked":["Headbutt+1","Burning Pact","Sentinel"],"picked":"SKIP","floor":18},{"not_picked":["Thunderclap","Infernal Blade"],"picked":"Inflame","floor":20},{"not_picked":["Sword Boomerang","Thunderclap"],"picked":"Battle Trance+1","floor":22}],"player_experience":174376,"relics_obtained":[{"floor":9,"key":"Red Skull"}],"event_choices":[{"cards_removed":["Defend_R"],"damage_healed":0,"gold_gain":0,"player_choice":"Forget","damage_taken":0,"max_hp_gain":0,"max_hp_loss":0,"event_name":"Living Wall","floor":2,"gold_loss":0},{"cards_removed":["Twin Strike"],"damage_healed":0,"gold_gain":0,"player_choice":"Gave Card","damage_taken":0,"relics_obtained":["Smiling Mask"],"max_hp_gain":0,"max_hp_loss":0,"event_name":"WeMeetAgain","floor":3,"gold_loss":0},{"damage_healed":0,"gold_gain":0,"cards_transformed":["Defend_R"],"player_choice":"Transformed","damage_taken":0,"max_hp_gain":0,"max_hp_loss":0,"event_name":"Transmorgrifier","floor":13,"gold_loss":0,"cards_obtained":["Flex"]}],"is_beta":false,"boss_relics":[{"not_picked":["Pandora\u0027s Box","Runic Dome"],"picked":"Black Star"}],"items_purged_floors":[7,11,19,21],"is_endless":false,"potions_floor_spawned":[4,8,12,16,18,22],"killed_by":"Gremlin Leader","ascension_level":5}