{"gold_per_floor":[118,293,293,218,168,168,200,212,212,212,17,17,17,92,92,191,191,209,232,132,132,148,179,179,193,262,285,309,329,75,98,98,98],"floor_reached":33,"playtime":881,"items_purged":["Doubt","Strike_R"],"score":493,"play_id":"112d5771-491f-4554-ae76-3e67375024d6","local_time":"20190506161530","is_ascension_mode":true,"campfire_choices":[{"data":"Flex","floor":6.0,"key":"SMITH"},{"data":"Bash","floor":10.0,"key":"SMITH"},{"data":"Clash","floor":13.0,"key":"SMITH"},{"data":"Twin Strike","floor":15.0,"key":"SMITH"},{"floor":24.0,"key":"REST"},{"data":"Twin Strike","floor":32.0,"key":"SMITH"}],"neow_cost":"NONE","seed_source_timestamp":0,"circlet_count":0,"master_deck":["AscendersBane","Strike_R+1","Strike_R","Strike_R","Defend_R+1","Defend_R","Defend_R","Defend_R","Bash+1","Flex+1","Clash+1","Flex+1","Twin Strike+1","Double Tap+1","Twin Strike+1","Rage+1"],"special_seed":0,"relics":["Burning Blood","NeowsBlessing","Incense Burner","Pen Nib","DollysMirror","Golden Idol","Bag of Preparation","Sozu","Matryoshka","Red Skull","Shuriken","Sundial"],"potions_floor_usage":[33],"damage_taken":[{"damage":0.0,"enemies":"Cultist","floor":1.0,"turns":1.0},{"damage":0.0,"enemies":"Lagavulin","floor":7.0,"turns":1.0},{"damage":0.0,"enemies":"2 Louse","floor":8.0,"turns":1.0},{"damage":16.0,"enemies":"Gremlin Nob","floor":14.0,"turns":3.0},{"damage":26.0,"enemies":"Slime Boss","floor":16.0,"turns":6.0},{"damage":4.0,"enemies":"Shell Parasite","floor":18.0,"turns":3.0},{"damage":7.0,"enemies":"Chosen","floor":19.0,"turns":3.0},{"damage":19.0,"enemies":"Snake Plant","floor":22.0,"turns":3.0},{"damage":13.0,"enemies":"Book of Stabbing","floor":23.0,"turns":3.0},{"damage":0.0,"enemies":"Sentry and Sphere","floor":25.0,"turns":2.0},{"damage":4.0,"enemies":"Cultist and Chosen","floor":27.0,"turns":3.0},{"damage":0.0,"enemies":"Snake Plant","floor":28.0,"turns":2.0},{"damage":26.0,"enemies":"Snecko","floor":29.0,"turns":4.0},{"damage":0.0,"enemies":"Shelled Parasite and Fungi","floor":31.0,"turns":2.0},{"damage":78,"enemies":"Champ","floor":33,"turns":5}],"seed_played":"-7632732862444985620","potions_obtained":[{"floor":1.0,"key":"Ancient Potion"},{"floor":7.0,"key":"Block Potion"},{"floor":14.0,"key":"PowerPotion"}],"is_trial":false,"path_per_floor":["M","?","?","$","?","R","E","M","T","R","$","?","R","?","R","B",null,"M","M","$","?","M","E","R","M","T","M","M","M","$","M","R","B"],"character_chosen":"IRONCLAD","items_purchased":["DollysMirror","Sundial"],"campfire_rested":1,"item_purchase_floors":[11,30],"current_hp_per_floor":[74,74,59,59,59,59,65,71,71,71,71,69,69,59,59,39,62,64,63,63,63,50,43,63,69,69,69,69,49,49,55,55,0],"gold":98,"neow_bonus":"THREE_ENEMY_KILL","is_prod":false,"is_daily":false,"chose_seed":false,"campfire_upgraded":5,"win_rate":0,"timestamp":1557184530,"path_taken":["M","?","?","$","?","R","E","?","T","R","$","?","R","?","R","BOSS","M","M","$","?","?","E","R","M","T","?","?","M","$","M","R","BOSS"],"build_version":"2019-01-23","purchased_purges":2,"victory":false,"max_hp_per_floor":[75,75,75,75,75,75,75,75,75,75,75,69,69,69,69,69,69,69,69,69,69,69,69,69,69,69,69,69,69,69,69,69,69],"card_choices":[{"not_picked":["Thunderclap","Sword Boomerang"],"picked":"Flex","floor":1.0},{"not_picked":["Flame Barrier","Dark Embrace","Wild Strike"],"picked":"SKIP","floor":7.0},{"not_picked":["Evolve","Wild Strike"],"picked":"Clash","floor":8.0},{"not_picked":["Disarm","Clash"],"picked":"Twin Strike","floor":14.0},{"not_picked":["Demon Form","Juggernaut"],"picked":"Double Tap","floor":16.0},{"not_picked":["Armaments","Body Slam","Cleave"],"picked":"SKIP","floor":18.0},{"not_picked":["Carnage","Armaments","Pommel Strike"],"picked":"SKIP","floor":19.0},{"not_picked":["Shrug It Off","Fiend Fire","Pommel Strike"],"picked":"SKIP","floor":22.0},{"not_picked":["Uppercut","Shrug It Off","Sentinel"],"picked":"SKIP","floor":23.0},{"not_picked":["Perfected Strike","True Grit","Sever Soul"],"picked":"SKIP","floor":25.0},{"not_picked":["Warcry+1","Body Slam"],"picked":"Twin Strike","floor":27.0},{"not_picked":["Flex","Bloodletting+1"],"picked":"Rage+1","floor":28.0},{"not_picked":["Flame Barrier","Sentinel","Shockwave"],"picked":"SKIP","floor":29.0},{"not_picked":["Blood for Blood+1","Thunderclap","Juggernaut"],"picked":"SKIP","floor":31.0}],"player_experience":372595,"relics_obtained":[{"floor":7.0,"key":"Incense Burner"},{"floor":9.0,"key":"Pen Nib"},{"floor":23.0,"key":"Matryoshka"},{"floor":26.0,"key":"Red Skull"},{"floor":26.0,"key":"Shuriken"}],"event_choices":[{"damage_healed":0.0,"max_hp_gain":0.0,"max_hp_loss":0.0,"gold_gain":175.0,"event_name":"Liars Game","player_choice":"AGREE","floor":2.0,"gold_loss":0.0,"damage_taken":0.0,"cards_obtained":["Doubt"]},{"damage_healed":0.0,"max_hp_gain":0.0,"max_hp_loss":0.0,"gold_gain":0.0,"event_name":"Shining Light","player_choice":"Entered Light","floor":3.0,"gold_loss":0.0,"damage_taken":15.0,"cards_upgraded":["Defend_R","Strike_R"]},{"cards_removed":["Strike_R"],"damage_healed":0.0,"max_hp_gain":0.0,"max_hp_loss":0.0,"gold_gain":0.0,"event_name":"The Cleric","player_choice":"Card Removal","floor":5.0,"gold_loss":50.0,"damage_taken":0.0},{"damage_healed":0.0,"max_hp_gain":0.0,"max_hp_loss":6.0,"gold_gain":0.0,"event_name":"Golden Idol","player_choice":"Lose Max HP","floor":12.0,"gold_loss":0.0,"damage_taken":0.0,"relics_obtained":["Golden Idol"]},{"damage_healed":0.0,"max_hp_gain":0.0,"max_hp_loss":0.0,"gold_gain":0.0,"event_name":"Dead Adventurer","player_choice":"Searched \u00272\u0027 times","floor":14.0,"gold_loss":0.0,"damage_taken":0.0,"relics_obtained":["Bag of Preparation"]},{"damage_healed":0.0,"max_hp_gain":0.0,"max_hp_loss":0.0,"gold_gain":0.0,"event_name":"Upgrade Shrine","player_choice":"Upgraded","floor":21.0,"gold_loss":0.0,"damage_taken":0.0,"cards_upgraded":["Double Tap"]}],"is_beta":false,"boss_relics":[{"not_picked":["Fusion Hammer","Busted Crown"],"picked":"Sozu"}],"items_purged_floors":[4,20],"is_endless":false,"potions_floor_spawned":[1,7,14,18,22,23,29],"killed_by":"Champ","ascension_level":14}