{"gold_per_floor":[111,126,126,126,201,201,133,163,186,186,186,202,214,230,230,331,331,350,370,320,37,52,69,69,69,69,69,87,87],"floor_reached":29,"playtime":947,"items_purged":[],"score":270,"play_id":"1228bf8e-c912-41a2-9b18-44842af18fa2","local_time":"20190512170435","is_ascension_mode":true,"campfire_choices":[{"floor":6,"key":"REST"},{"floor":11,"key":"REST"},{"floor":15,"key":"REST"},{"floor":24,"key":"REST"},{"floor":27,"key":"REST"}],"neow_cost":"NONE","seed_source_timestamp":466072959899496,"circlet_count":0,"master_deck":["Defend_G","Defend_G","Defend_G","Defend_G","Defend_G","Strike_G","Strike_G","Strike_G","Strike_G","Strike_G","Survivor","Neutralize+1","Dagger Throw","Dagger Spray","Footwork+1","Slice","Infinite Blades","Bullet Time","Storm of Steel","Distraction+1","Blade Dance","Accuracy+1","Choke","Decay","Cloak And Dagger+1"],"relics":["WristBlade","Ornamental Fan","Matryoshka","Dream Catcher","Orichalcum","Cursed Key","Frozen Egg 2","Snake Skull","Paper Crane"],"potions_floor_usage":[16,16,22,28,29],"damage_taken":[{"damage":3,"enemies":"Small Slimes","floor":1,"turns":4},{"damage":0,"enemies":"2 Louse","floor":2,"turns":2},{"damage":43,"enemies":"Lagavulin","floor":8,"turns":9},{"damage":0,"enemies":"Cultist","floor":12,"turns":3},{"damage":5,"enemies":"Red Slaver","floor":13,"turns":3},{"damage":16,"enemies":"Lots of Slimes","floor":14,"turns":4},{"damage":19,"enemies":"Hexaghost","floor":16,"turns":14},{"damage":20,"enemies":"Spheric Guardian","floor":18,"turns":6},{"damage":15,"enemies":"Shell Parasite","floor":19,"turns":6},{"damage":17,"enemies":"Cultist and Chosen","floor":22,"turns":7},{"damage":13,"enemies":"Sentry and Sphere","floor":23,"turns":5},{"damage":34,"enemies":"Snake Plant","floor":28,"turns":5},{"damage":31,"enemies":"Cultist and Chosen","floor":29,"turns":4}],"seed_played":"-4058342187930911115","potions_obtained":[{"floor":8,"key":"Dexterity Potion"},{"floor":13,"key":"EssenceOfSteel"},{"floor":16,"key":"Ancient Potion"},{"floor":18,"key":"AttackPotion"},{"floor":23,"key":"LiquidBronze"},{"floor":28,"key":"SkillPotion"}],"is_trial":false,"path_per_floor":["M","M","?","?","?","R","$","E","T","?","R","M","M","M","R","B",null,"M","M","?","$","M","M","R","?","T","R","M","M"],"character_chosen":"THE_SILENT","items_purchased":["Footwork","Frozen Egg 2","Blade Dance"],"campfire_rested":5,"item_purchase_floors":[7,21,21],"current_hp_per_floor":[67,67,55,55,44,65,65,22,22,22,43,43,38,22,43,24,70,50,35,35,35,18,5,26,26,26,47,13,0],"gold":87,"neow_bonus":"BOSS_RELIC","is_prod":false,"is_daily":false,"chose_seed":false,"campfire_upgraded":0,"win_rate":0,"timestamp":1557695075,"path_taken":["M","M","?","?","?","R","$","E","T","?","R","M","?","M","R","BOSS","M","M","?","$","?","?","R","?","T","R","M","M"],"build_version":"2019-01-23","purchased_purges":0,"victory":false,"max_hp_per_floor":[70,70,70,70,70,70,70,70,70,70,70,70,70,70,70,70,70,70,70,70,70,70,70,70,70,70,70,70,70],"card_choices":[{"not_picked":["PiercingWail","Bane"],"picked":"Dagger Throw","floor":1},{"not_picked":["Flying Knee","Acrobatics"],"picked":"Dagger Spray","floor":2},{"not_picked":["Doppelganger","Bane","Finisher"],"picked":"SKIP","floor":8},{"not_picked":["Acrobatics","Tactician"],"picked":"Slice","floor":11},{"not_picked":["Predator","Sucker Punch"],"picked":"Infinite Blades","floor":12},{"not_picked":["Sucker Punch","Prepared"],"picked":"Bullet Time","floor":13},{"not_picked":["Dodge and Roll","All Out Attack","Expertise"],"picked":"SKIP","floor":14},{"not_picked":["Wraith Form v2","Venomology"],"picked":"Storm of Steel","floor":16},{"not_picked":["Outmaneuver","Deflect+1","Flying Knee"],"picked":"SKIP","floor":18},{"not_picked":["Slice","Flying Knee"],"picked":"Distraction+1","floor":19},{"not_picked":["Poisoned Stab","Dodge and Roll"],"picked":"Accuracy+1","floor":22},{"not_picked":["Dagger Spray","PiercingWail"],"picked":"Choke","floor":23},{"not_picked":["Predator+1","Skewer"],"picked":"Cloak And Dagger+1","floor":28}],"player_experience":333919,"relics_obtained":[{"floor":8,"key":"Matryoshka"},{"floor":9,"key":"Dream Catcher"},{"floor":9,"key":"Orichalcum"},{"floor":26,"key":"Snake Skull"},{"floor":26,"key":"Paper Crane"}],"event_choices":[{"damage_healed":0,"gold_gain":0,"player_choice":"Success","damage_taken":12,"relics_obtained":["Ornamental Fan"],"max_hp_gain":0,"max_hp_loss":0,"event_name":"Scrap Ooze","floor":3,"gold_loss":0},{"damage_healed":0,"gold_gain":0,"player_choice":"Grow","damage_taken":0,"max_hp_gain":0,"max_hp_loss":0,"event_name":"Living Wall","floor":4,"gold_loss":0,"cards_upgraded":["Neutralize"]},{"damage_healed":0,"gold_gain":75,"player_choice":"Gather Gold","damage_taken":11,"max_hp_gain":0,"max_hp_loss":0,"event_name":"World of Goop","floor":5,"gold_loss":0},{"damage_healed":0,"gold_gain":0,"player_choice":"Upgraded","damage_taken":0,"max_hp_gain":0,"max_hp_loss":0,"event_name":"Upgrade Shrine","floor":10,"gold_loss":0,"cards_upgraded":["Footwork"]},{"damage_healed":0,"gold_gain":0,"player_choice":"Bet on Owner","damage_taken":0,"max_hp_gain":0,"max_hp_loss":0,"event_name":"The Joust","floor":20,"gold_loss":50}],"is_beta":false,"boss_relics":[{"not_picked":["Pandora\u0027s Box","Black Star"],"picked":"Cursed Key"}],"items_purged_floors":[],"is_endless":false,"potions_floor_spawned":[8,13,16,18,23,28],"killed_by":"Cultist and Chosen","ascension_level":4}