{"gold_per_floor":[117,136,156,66,66,99,99,126,126,93,93,93,107,123,123,219,219,238,54,329,39,52,52,65,82,82,102,102,113,147,160,160,261,261,275,294,7,18,34,34,89,109,109,109,121,1,12,27,27,27,27,27,3,28,28],"floor_reached":55,"playtime":16958,"items_purged":["Clumsy"],"score":730,"play_id":"eae91231-e4ba-418e-b6ee-56efc4229822","local_time":"20190720014038","is_ascension_mode":false,"campfire_choices":[{"floor":7.0,"key":"REST"},{"floor":12.0,"key":"REST"},{"floor":15.0,"key":"REST"},{"floor":23.0,"key":"RECALL"},{"floor":28.0,"key":"REST"},{"floor":32.0,"key":"REST"},{"floor":40.0,"key":"REST"},{"floor":44.0,"key":"REST"},{"floor":49.0,"key":"REST"},{"floor":52.0,"key":"REST"}],"neow_cost":"NONE","seed_source_timestamp":0,"circlet_count":0,"master_deck":["Strike_G","Strike_G","Strike_G","Strike_G","Strike_G","Defend_G","Defend_G","Defend_G","Defend_G","Defend_G","Survivor","Neutralize+1","Quick Slash","Riddle With Holes+1","After Image","PiercingWail","Infinite Blades","Dodge and Roll","PiercingWail","Infinite Blades","Dagger Spray","After Image","Terror","Dagger Throw","Bouncing Flask","Bane+1","PiercingWail","Venomology","Flechettes+1","Noxious Fumes","Bane+1","Well Laid Plans","Night Terror","Deadly Poison+1","Predator+1","PiercingWail","Bane+1","Leg Sweep","Quick Slash+1","PiercingWail+1","Acrobatics+1","Dagger Spray+1","Dodge and Roll+1","Well Laid Plans+1","Blade Dance","Poisoned Stab+1"],"special_seed":0,"relics":["Ring of the Snake","Omamori","Darkstone Periapt","Potion Belt","Fusion Hammer","Orichalcum","Molten Egg 2","Pear","Blood Vial","Cursed Key","OrangePellets","Whetstone","Question Card","Bottled Flame"],"potions_floor_usage":[54,54,55,55],"damage_taken":[{"damage":0.0,"enemies":"Jaw Worm","floor":1.0,"turns":5.0},{"damage":2.0,"enemies":"Small Slimes","floor":2.0,"turns":3.0},{"damage":2.0,"enemies":"Cultist","floor":3.0,"turns":5.0},{"damage":8.0,"enemies":"Lagavulin","floor":6.0,"turns":11.0},{"damage":26.0,"enemies":"3 Sentries","floor":8.0,"turns":10.0},{"damage":4.0,"enemies":"Gremlin Gang","floor":13.0,"turns":7.0},{"damage":7.0,"enemies":"Red Slaver","floor":14.0,"turns":5.0},{"damage":58.0,"enemies":"Slime Boss","floor":16.0,"turns":15.0},{"damage":3.0,"enemies":"3 Byrds","floor":18.0,"turns":6.0},{"damage":0.0,"enemies":"Chosen","floor":22.0,"turns":5.0},{"damage":11.0,"enemies":"Shelled Parasite and Fungi","floor":24.0,"turns":6.0},{"damage":7.0,"enemies":"Snecko","floor":25.0,"turns":6.0},{"damage":4.0,"enemies":"Centurion and Healer","floor":27.0,"turns":8.0},{"damage":0.0,"enemies":"Cultist and Chosen","floor":29.0,"turns":9.0},{"damage":29.0,"enemies":"Book of Stabbing","floor":30.0,"turns":8.0},{"damage":0.0,"enemies":"Snake Plant","floor":31.0,"turns":5.0},{"damage":46.0,"enemies":"Automaton","floor":33.0,"turns":10.0},{"damage":20.0,"enemies":"3 Darklings","floor":35.0,"turns":5.0},{"damage":1.0,"enemies":"Orb Walker","floor":36.0,"turns":4.0},{"damage":30.0,"enemies":"Sphere and 2 Shapes","floor":38.0,"turns":5.0},{"damage":0.0,"enemies":"Maw","floor":39.0,"turns":6.0},{"damage":5.0,"enemies":"4 Shapes","floor":42.0,"turns":6.0},{"damage":2.0,"enemies":"3 Darklings","floor":45.0,"turns":8.0},{"damage":3.0,"enemies":"Maw","floor":47.0,"turns":7.0},{"damage":6.0,"enemies":"Jaw Worm Horde","floor":48.0,"turns":6.0},{"damage":38.0,"enemies":"Awakened One","floor":50.0,"turns":13.0},{"damage":39,"enemies":"Shield and Spear","floor":54,"turns":9},{"damage":72,"enemies":"The Heart","floor":55,"turns":9}],"seed_played":"835368478287675339","potions_obtained":[{"floor":2.0,"key":"Fire Potion"},{"floor":6.0,"key":"Explosive Potion"},{"floor":8.0,"key":"SpeedPotion"},{"floor":16.0,"key":"SkillPotion"},{"floor":18.0,"key":"Dexterity Potion"},{"floor":24.0,"key":"SpeedPotion"},{"floor":27.0,"key":"EssenceOfSteel"},{"floor":35.0,"key":"Fire Potion"},{"floor":39.0,"key":"Ancient Potion"},{"floor":47.0,"key":"SpeedPotion"},{"floor":54,"key":"Regen Potion"}],"is_trial":false,"path_per_floor":["M","M","M","$","?","E","R","E","T","?","?","R","M","M","R","B",null,"M","$","?","$","M","R","M","M","T","M","R","M","E","M","R","B",null,"M","M","$","M","M","R","T","M","T","R","M","$","M","M","R","B",null,"R","$","E","B"],"character_chosen":"THE_SILENT","items_purchased":["PiercingWail","Infinite Blades","Orichalcum","Dagger Throw","Molten Egg 2","Bouncing Flask","OrangePellets","PiercingWail","Bane+1","Dagger Spray+1","Blade Dance"],"campfire_rested":9,"item_purchase_floors":[4,4,19,19,21,21,37,37,37,46,53],"current_hp_per_floor":[77,75,73,73,70,62,77,51,51,51,44,67,63,56,77,19,77,74,74,74,74,74,74,63,56,66,62,87,87,58,60,86,41,87,67,68,68,40,42,68,68,65,71,93,91,91,90,86,93,55,93,93,93,54,0],"gold":28,"neow_bonus":"TEN_PERCENT_HP_BONUS","is_prod":false,"is_daily":false,"chose_seed":false,"campfire_upgraded":0,"win_rate":0,"timestamp":1563601238,"path_taken":["M","M","M","$","?","E","R","E","T","?","?","R","M","M","R","BOSS","M","$","?","$","M","R","M","M","T","M","R","M","E","M","R","BOSS","M","M","$","M","?","R","?","M","T","R","?","$","M","M","R","BOSS","R","$","E","BOSS"],"build_version":"2019-07-17","purchased_purges":1,"victory":false,"max_hp_per_floor":[77,77,77,77,77,77,77,77,77,77,77,77,77,77,77,77,77,77,77,77,77,77,77,77,77,87,87,87,87,87,87,87,87,87,87,87,87,87,87,87,87,87,93,93,93,93,93,93,93,93,93,93,93,93,93],"card_choices":[{"not_picked":["Deflect","Sucker Punch"],"picked":"Quick Slash","floor":1.0},{"not_picked":["Bane","Expertise"],"picked":"Riddle With Holes","floor":2.0},{"not_picked":["Flying Knee","Eviscerate"],"picked":"After Image","floor":3.0},{"not_picked":["Blade Dance","Dagger Throw"],"picked":"Dodge and Roll","floor":6.0},{"not_picked":["Finisher","Deadly Poison"],"picked":"PiercingWail","floor":8.0},{"not_picked":["Poisoned Stab","Dagger Throw"],"picked":"Infinite Blades","floor":13.0},{"not_picked":["Prepared","Flying Knee"],"picked":"Dagger Spray","floor":14.0},{"not_picked":["Wraith Form v2","Venomology"],"picked":"After Image","floor":16.0},{"not_picked":["Flying Knee","Bouncing Flask"],"picked":"Terror","floor":18.0},{"not_picked":["Dodge and Roll+1","Acrobatics"],"picked":"Bane+1","floor":22.0},{"not_picked":["Underhanded Strike+1","Outmaneuver"],"picked":"PiercingWail","floor":24.0},{"not_picked":["Slice+1","Quick Slash+1"],"picked":"Venomology","floor":25.0},{"not_picked":["Tactician","Escape Plan"],"picked":"Flechettes+1","floor":27.0},{"not_picked":["Quick Slash+1","Blur"],"picked":"Noxious Fumes","floor":29.0},{"not_picked":["Dodge and Roll","Sucker Punch+1"],"picked":"Bane+1","floor":30.0},{"not_picked":["Riddle With Holes+1","Blur"],"picked":"Well Laid Plans","floor":31.0},{"not_picked":["Burst","Glass Knife+1"],"picked":"Night Terror","floor":33.0},{"not_picked":["Crippling Poison+1","Escape Plan+1"],"picked":"Deadly Poison+1","floor":35.0},{"not_picked":["Deflect+1","Bouncing Flask"],"picked":"Predator+1","floor":36.0},{"not_picked":["Crippling Poison+1","Prepared+1"],"picked":"Leg Sweep","floor":38.0},{"not_picked":["Bane+1","Choke+1"],"picked":"Quick Slash+1","floor":39.0},{"not_picked":["Masterful Stab+1","Calculated Gamble"],"picked":"PiercingWail+1","floor":42.0},{"not_picked":["Dagger Spray+1","Quick Slash+1","Bullet Time"],"picked":"Acrobatics+1","floor":45.0},{"not_picked":["Reflex+1","Quick Slash+1","Flechettes+1"],"picked":"Dodge and Roll+1","floor":47.0},{"not_picked":["Deadly Poison","Leg Sweep+1","Catalyst"],"picked":"Well Laid Plans+1","floor":48.0},{"not_picked":["Die Die Die+1","Quick Slash+1","Distraction"],"picked":"Poisoned Stab+1","floor":54}],"player_experience":84744,"relics_obtained":[{"floor":6.0,"key":"Darkstone Periapt"},{"floor":8.0,"key":"Potion Belt"},{"floor":26.0,"key":"Pear"},{"floor":30.0,"key":"Blood Vial"},{"floor":41.0,"key":"Whetstone"},{"floor":43.0,"key":"Question Card"},{"floor":54,"key":"Bottled Flame"}],"event_choices":[{"damage_healed":0.0,"max_hp_gain":0.0,"max_hp_loss":0.0,"gold_gain":0.0,"event_name":"Scrap Ooze","player_choice":"Success","floor":5.0,"gold_loss":0.0,"damage_taken":3.0,"relics_obtained":["Omamori"]},{"damage_healed":0.0,"max_hp_gain":0.0,"max_hp_loss":0.0,"gold_gain":0.0,"event_name":"World of Goop","player_choice":"Left Gold","floor":10.0,"gold_loss":33.0,"damage_taken":0.0},{"damage_healed":0.0,"max_hp_gain":0.0,"max_hp_loss":0.0,"gold_gain":0.0,"event_name":"Wheel of Change","player_choice":"Damaged","floor":11.0,"gold_loss":0.0,"damage_taken":7.0},{"damage_healed":0.0,"max_hp_gain":0.0,"max_hp_loss":0.0,"gold_gain":275.0,"event_name":"Golden Shrine","player_choice":"Desecrate","floor":20.0,"gold_loss":0.0,"damage_taken":0.0,"cards_obtained":["Regret"]}],"is_beta":false,"boss_relics":[{"not_picked":["HoveringKite","White Beast Statue"],"picked":"Fusion Hammer"},{"not_picked":["Orrery","Philosopher\u0027s Stone"],"picked":"Cursed Key"}],"items_purged_floors":[46],"is_endless":false,"potions_floor_spawned":[2,6,8,16,18,24,27,35,39,47,54],"killed_by":"The Heart","ascension_level":0}