{"gold_per_floor":[109,109,109,109,34,63,63,88,88,88,106,106,120,139,139,242,242,258,158,73,36,71,121,136,162,162,162,37,53,53,53,53,53],"floor_reached":33,"playtime":1089,"items_purged":["Pain","Strike_R","Strike_R"],"score":363,"play_id":"71710bd2-1543-45d1-b105-1d08a799de23","local_time":"20190304164752","is_ascension_mode":true,"campfire_choices":[{"floor":7,"key":"REST"},{"floor":10,"key":"REST"},{"data":"Barricade","floor":15,"key":"SMITH"},{"floor":27,"key":"REST"},{"floor":30,"key":"REST"},{"data":"Demon Form","floor":32,"key":"SMITH"}],"neow_cost":"CURSE","seed_source_timestamp":158542428511900,"circlet_count":0,"master_deck":["Strike_R+1","Strike_R","Defend_R","Defend_R","Defend_R","Defend_R","Bash","Barricade+1","True Grit+1","Shrug It Off+1","Cleave","True Grit+1","Twin Strike","Ghostly Armor+1","Demon Form+1","Infernal Blade+1","Infernal Blade+1","Flex+1","Pommel Strike","Thunderclap+1","Whirlwind"],"relics":["Burning Blood","Toxic Egg 2","Bird Faced Urn","Thread and Needle","Empty Cage","Ancient Tea Set","Red Mask","Anchor","Mummified Hand"],"potions_floor_usage":[16,16,18,22,22,24,25],"damage_taken":[{"damage":10,"enemies":"Cultist","floor":1,"turns":3},{"damage":52,"enemies":"Lagavulin","floor":6,"turns":9},{"damage":52,"enemies":"Gremlin Nob","floor":8,"turns":6},{"damage":0,"enemies":"Jaw Worm","floor":11,"turns":4},{"damage":3,"enemies":"2 Louse","floor":13,"turns":4},{"damage":6,"enemies":"2 Fungi Beasts","floor":14,"turns":4},{"damage":17,"enemies":"The Guardian","floor":16,"turns":19},{"damage":10,"enemies":"Shell Parasite","floor":18,"turns":10},{"damage":1,"enemies":"Masked Bandits","floor":22,"turns":8},{"damage":9,"enemies":"3 Byrds","floor":24,"turns":6},{"damage":70,"enemies":"Book of Stabbing","floor":25,"turns":8},{"damage":11,"enemies":"Snecko","floor":29,"turns":4},{"damage":72,"enemies":"Collector","floor":33,"turns":6}],"seed_played":"-1405705620904047414","potions_obtained":[{"floor":6,"key":"Dexterity Potion"},{"floor":8,"key":"SpeedPotion"},{"floor":13,"key":"SteroidPotion"},{"floor":16,"key":"Swift Potion"},{"floor":18,"key":"SkillPotion"},{"floor":22,"key":"Fire Potion"},{"floor":24,"key":"FearPotion"}],"is_trial":false,"path_per_floor":["M","?","?","?","$","E","R","E","T","R","M","?","M","M","R","B",null,"M","$","?","$","?","?","M","E","T","R","$","M","R","?","R","B"],"character_chosen":"IRONCLAD","items_purchased":["Infernal Blade+1"],"campfire_rested":4,"item_purchase_floors":[21],"current_hp_per_floor":[68,52,52,78,78,32,56,10,10,34,40,60,63,63,63,54,71,71,71,71,71,77,77,74,12,12,35,35,32,55,55,55,0],"gold":53,"neow_bonus":"THREE_RARE_CARDS","is_prod":false,"is_daily":false,"chose_seed":false,"campfire_upgraded":2,"win_rate":0,"timestamp":1551746872,"path_taken":["M","?","?","?","$","E","R","E","T","R","M","?","M","M","R","BOSS","M","$","?","$","?","?","?","E","T","R","?","M","R","?","R","BOSS"],"build_version":"2019-01-23","purchased_purges":3,"victory":false,"max_hp_per_floor":[80,80,80,80,80,80,80,80,80,80,80,80,80,80,80,80,77,77,77,77,77,77,77,77,77,77,77,77,77,77,77,77,77],"card_choices":[{"not_picked":["Bludgeon","Fiend Fire"],"picked":"Barricade","floor":0},{"not_picked":["Perfected Strike","Heavy Blade"],"picked":"True Grit","floor":1},{"not_picked":["Rampage","Reaper"],"picked":"Shrug It Off","floor":6},{"not_picked":["Bloodletting+1","Blood for Blood"],"picked":"Cleave","floor":8},{"not_picked":["Reckless Charge","Headbutt"],"picked":"True Grit+1","floor":11},{"not_picked":["Hemokinesis","Wild Strike"],"picked":"Twin Strike","floor":13},{"not_picked":["Pommel Strike","Twin Strike"],"picked":"Ghostly Armor+1","floor":14},{"not_picked":["Impervious+1","Exhume+1"],"picked":"Demon Form","floor":16},{"not_picked":["Dual Wield+1","Clothesline"],"picked":"Infernal Blade+1","floor":18},{"not_picked":["Reckless Charge+1","Pommel Strike"],"picked":"Flex+1","floor":22},{"not_picked":["Havoc+1","Spot Weakness+1"],"picked":"Pommel Strike","floor":24},{"not_picked":["Pommel Strike+1","Dropkick"],"picked":"Thunderclap+1","floor":25},{"not_picked":["Perfected Strike","Twin Strike"],"picked":"Whirlwind","floor":29}],"player_experience":269698,"relics_obtained":[{"floor":6,"key":"Toxic Egg 2"},{"floor":8,"key":"Bird Faced Urn"},{"floor":9,"key":"Thread and Needle"},{"floor":22,"key":"Red Mask"},{"floor":25,"key":"Anchor"},{"floor":26,"key":"Mummified Hand"}],"event_choices":[{"damage_healed":0,"gold_gain":0,"player_choice":"Entered Light","damage_taken":16,"max_hp_gain":0,"max_hp_loss":0,"event_name":"Shining Light","floor":2,"gold_loss":0,"cards_upgraded":["True Grit","Strike_R"]},{"damage_healed":0,"gold_gain":0,"player_choice":"Ignored","damage_taken":0,"max_hp_gain":0,"max_hp_loss":0,"event_name":"Liars Game","floor":3,"gold_loss":0},{"damage_healed":26,"gold_gain":0,"player_choice":"Banana","damage_taken":0,"max_hp_gain":0,"max_hp_loss":0,"event_name":"Big Fish","floor":4,"gold_loss":0},{"damage_healed":20,"gold_gain":0,"player_choice":"Healed and dodged fight","damage_taken":0,"max_hp_gain":0,"max_hp_loss":0,"event_name":"Mushrooms","floor":12,"gold_loss":0,"cards_obtained":["Parasite"]},{"damage_healed":0,"gold_gain":0,"player_choice":"Obtained Relic","damage_taken":0,"relics_obtained":["Ancient Tea Set"],"max_hp_gain":0,"max_hp_loss":0,"event_name":"Addict","floor":20,"gold_loss":85},{"damage_healed":0,"gold_gain":0,"player_choice":"Fought Bandits","damage_taken":0,"max_hp_gain":0,"max_hp_loss":0,"event_name":"Masked Bandits","floor":22,"gold_loss":0},{"damage_healed":0,"gold_gain":100,"player_choice":"Bet on Murderer","damage_taken":0,"max_hp_gain":0,"max_hp_loss":0,"event_name":"The Joust","floor":23,"gold_loss":50},{"damage_healed":0,"gold_gain":0,"player_choice":"Ignored","damage_taken":0,"max_hp_gain":0,"max_hp_loss":0,"event_name":"The Mausoleum","floor":31,"gold_loss":0}],"is_beta":false,"boss_relics":[{"not_picked":["Runic Cube","Astrolabe"],"picked":"Empty Cage"}],"items_purged_floors":[5,19,28],"is_endless":false,"potions_floor_spawned":[6,8,13,14,16,18,22,24],"killed_by":"Collector","ascension_level":7}