{"gold_per_floor":[112,37,37,37,49,49,83,83,83,109,187,115,130,130,130,232,232,246,264,264,264],"floor_reached":21,"playtime":698,"items_purged":[],"score":231,"play_id":"25d7e2ea-5481-429b-9d5a-3ae26f1f6e43","local_time":"20190526200648","is_ascension_mode":true,"campfire_choices":[{"floor":6,"key":"REST"},{"floor":15,"key":"REST"}],"neow_cost":"NONE","seed_source_timestamp":111666017203038,"circlet_count":0,"master_deck":["Defend_G+1","Defend_G+1","Defend_G+1","Defend_G+1","Defend_G+1","Strike_G+1","Strike_G+1","Strike_G+1","Strike_G+1","Survivor","Neutralize","Bane","Noxious Fumes","Die Die Die","Infinite Blades","A Thousand Cuts","Noxious Fumes","Quick Slash","A Thousand Cuts","Backflip+1"],"relics":["Ring of the Serpent","Lantern","Matryoshka","Oddly Smooth Stone","Anchor","Bag of Preparation","PreservedInsect","Bottled Tornado"],"potions_floor_usage":[18,21],"damage_taken":[{"damage":7,"enemies":"Cultist","floor":1,"turns":5},{"damage":3,"enemies":"Jaw Worm","floor":5,"turns":5},{"damage":28,"enemies":"Lagavulin","floor":7,"turns":8},{"damage":2,"enemies":"3 Sentries","floor":10,"turns":6},{"damage":0,"enemies":"2 Louse","floor":13,"turns":3},{"damage":16,"enemies":"Hexaghost","floor":16,"turns":9},{"damage":25,"enemies":"2 Thieves","floor":18,"turns":3},{"damage":20,"enemies":"Chosen","floor":19,"turns":6},{"damage":30,"enemies":"Masked Bandits","floor":21,"turns":2}],"seed_played":"-1365350587335579856","potions_obtained":[{"floor":13,"key":"Explosive Potion"},{"floor":18,"key":"EssenceOfSteel"}],"is_trial":false,"path_per_floor":["M","$","?","$","M","R","E","T","T","E","?","$","M","?","R","B",null,"M","M","?","?"],"character_chosen":"THE_SILENT","items_purchased":["Noxious Fumes","Noxious Fumes"],"campfire_rested":2,"item_purchase_floors":[2,12],"current_hp_per_floor":[70,70,58,58,55,77,49,49,49,47,47,47,47,47,70,54,71,46,26,26,0],"gold":264,"neow_bonus":"TEN_PERCENT_HP_BONUS","is_prod":false,"is_daily":false,"chose_seed":false,"campfire_upgraded":0,"win_rate":0,"timestamp":1558915608,"path_taken":["M","?","?","$","M","R","E","?","T","E","?","?","?","?","R","BOSS","M","?","?","?"],"build_version":"2019-01-23","purchased_purges":0,"victory":false,"max_hp_per_floor":[77,77,77,77,77,77,77,77,77,77,77,77,77,77,77,77,77,77,77,77,77],"card_choices":[{"not_picked":["Outmaneuver","Prepared"],"picked":"Bane","floor":1},{"not_picked":["Finisher","Flying Knee"],"picked":"Die Die Die","floor":5},{"not_picked":["Heel Hook","Acrobatics"],"picked":"Infinite Blades","floor":7},{"not_picked":["Slice","Sucker Punch"],"picked":"A Thousand Cuts","floor":10},{"not_picked":["Dagger Spray","Masterful Stab"],"picked":"Quick Slash","floor":13},{"not_picked":["Wraith Form v2","Doppelganger"],"picked":"A Thousand Cuts","floor":16},{"not_picked":["Deflect+1","Acrobatics","Flying Knee"],"picked":"SKIP","floor":18},{"not_picked":["Dagger Throw","Acrobatics"],"picked":"Backflip+1","floor":19}],"player_experience":355075,"relics_obtained":[{"floor":7,"key":"Matryoshka"},{"floor":8,"key":"Oddly Smooth Stone"},{"floor":8,"key":"Anchor"},{"floor":9,"key":"Bag of Preparation"},{"floor":9,"key":"PreservedInsect"},{"floor":10,"key":"Bottled Tornado"}],"event_choices":[{"damage_healed":0,"gold_gain":0,"player_choice":"Success","damage_taken":12,"relics_obtained":["Lantern"],"max_hp_gain":0,"max_hp_loss":0,"event_name":"Scrap Ooze","floor":3,"gold_loss":0},{"damage_healed":0,"gold_gain":78,"player_choice":"Gained Gold","damage_taken":0,"max_hp_gain":0,"max_hp_loss":0,"event_name":"Golden Wing","floor":11,"gold_loss":0},{"cards_removed":["Strike_G"],"damage_healed":0,"gold_gain":0,"player_choice":"Purged","damage_taken":0,"max_hp_gain":0,"max_hp_loss":0,"event_name":"Purifier","floor":14,"gold_loss":0},{"damage_healed":0,"gold_gain":0,"player_choice":"Simplicity","damage_taken":0,"max_hp_gain":0,"max_hp_loss":0,"event_name":"Back to Basics","floor":20,"gold_loss":0,"cards_upgraded":["Defend_G","Defend_G","Defend_G","Defend_G","Defend_G","Strike_G","Strike_G","Strike_G","Strike_G"]},{"damage_healed":0,"gold_gain":0,"player_choice":"Fought Bandits","damage_taken":0,"max_hp_gain":0,"max_hp_loss":0,"event_name":"Masked Bandits","floor":21,"gold_loss":0}],"is_beta":false,"boss_relics":[{"not_picked":["Pandora\u0027s Box","Black Star"],"picked":"Ring of the Serpent"}],"items_purged_floors":[],"is_endless":false,"potions_floor_spawned":[13,18],"killed_by":"Masked Bandits","ascension_level":5}