{"gold_per_floor":[110,124,49,49,62,62,95,95,121,121,21,34,34,57,57,178,178,168,168,115,134,134],"floor_reached":22,"playtime":838,"items_purged":["Strike_R","Strike_R"],"score":244,"play_id":"89cf4257-64a2-453b-9d63-426e0705bca5","local_time":"20190430104801","is_ascension_mode":true,"campfire_choices":[{"data":"Cleave","floor":6.0,"key":"SMITH"},{"data":"Entrench","floor":8.0,"key":"SMITH"},{"data":"Ghostly Armor","floor":10.0,"key":"SMITH"},{"data":"Defend_R","floor":13.0,"key":"SMITH"},{"floor":15.0,"key":"REST"}],"neow_cost":"NONE","seed_source_timestamp":0,"circlet_count":0,"master_deck":["Strike_R","Defend_R","Defend_R","Defend_R","Defend_R+1","Bash+1","Entrench+1","Ghostly Armor+1","Cleave+1","True Grit","Body Slam+1","Body Slam"],"special_seed":0,"relics":["Burning Blood","Golden Idol","Odd Mushroom","Dream Catcher","Empty Cage"],"potions_floor_usage":[],"damage_taken":[{"damage":7.0,"enemies":"Small Slimes","floor":1.0,"turns":4.0},{"damage":10.0,"enemies":"2 Louse","floor":2.0,"turns":2.0},{"damage":5.0,"enemies":"Jaw Worm","floor":5.0,"turns":6.0},{"damage":30.0,"enemies":"The Mushroom Lair","floor":7.0,"turns":5.0},{"damage":1.0,"enemies":"Red Slaver","floor":12.0,"turns":6.0},{"damage":6.0,"enemies":"Lots of Slimes","floor":14.0,"turns":5.0},{"damage":58.0,"enemies":"The Guardian","floor":16.0,"turns":17.0},{"damage":2.0,"enemies":"2 Thieves","floor":18.0,"turns":5.0},{"damage":35.0,"enemies":"Spheric Guardian","floor":21.0,"turns":6.0},{"damage":36,"enemies":"3 Cultists","floor":22,"turns":8}],"seed_played":"60189969335772232","potions_obtained":[{"floor":1.0,"key":"PowerPotion"},{"floor":2.0,"key":"PowerPotion"}],"is_trial":false,"path_per_floor":["M","M","$","?","M","R","?","R","T","R","$","M","R","M","R","B",null,"M","?","$","M","M"],"character_chosen":"IRONCLAD","items_purchased":["Body Slam"],"campfire_rested":1,"item_purchase_floors":[20],"current_hp_per_floor":[71,67,67,67,68,68,44,44,44,44,44,49,49,49,71,19,60,64,64,64,35,0],"gold":134,"neow_bonus":"UPGRADE_CARD","is_prod":false,"is_daily":false,"chose_seed":false,"campfire_upgraded":4,"win_rate":0,"timestamp":1556646481,"path_taken":["M","M","$","?","M","R","?","R","T","R","?","M","R","M","R","BOSS","M","?","$","M","?"],"build_version":"2019-01-23","purchased_purges":2,"victory":false,"max_hp_per_floor":[80,80,80,74,74,74,74,74,74,74,74,74,74,74,74,74,74,74,74,74,74,74],"card_choices":[{"not_picked":["Burning Pact","Dropkick"],"picked":"Entrench","floor":1.0},{"not_picked":["Perfected Strike","Armaments"],"picked":"Ghostly Armor","floor":2.0},{"not_picked":["Clothesline","Pommel Strike"],"picked":"Cleave","floor":5.0},{"not_picked":["Disarm","Dropkick","Combust"],"picked":"SKIP","floor":12.0},{"not_picked":["Warcry","Disarm","Pommel Strike"],"picked":"SKIP","floor":14.0},{"not_picked":["Dark Embrace","Warcry"],"picked":"True Grit","floor":15.0},{"not_picked":["Uppercut","Heavy Blade+1"],"picked":"Body Slam","floor":18.0},{"not_picked":["Armaments+1","Sever Soul","Twin Strike"],"picked":"SKIP","floor":21.0}],"player_experience":329339,"relics_obtained":[{"floor":7.0,"key":"Odd Mushroom"},{"floor":9.0,"key":"Dream Catcher"}],"event_choices":[{"damage_healed":0.0,"max_hp_gain":0.0,"max_hp_loss":6.0,"gold_gain":0.0,"event_name":"Golden Idol","player_choice":"Lose Max HP","floor":4.0,"gold_loss":0.0,"damage_taken":0.0,"relics_obtained":["Golden Idol"]},{"damage_healed":0.0,"max_hp_gain":0.0,"max_hp_loss":0.0,"gold_gain":0.0,"event_name":"Mushrooms","player_choice":"Fought Mushrooms","floor":7.0,"gold_loss":0.0,"damage_taken":0.0},{"damage_healed":0.0,"max_hp_gain":0.0,"max_hp_loss":0.0,"gold_gain":0.0,"event_name":"Accursed Blacksmith","player_choice":"Forge","floor":19.0,"gold_loss":0.0,"damage_taken":0.0,"cards_upgraded":["Body Slam"]}],"is_beta":false,"boss_relics":[{"not_picked":["Fusion Hammer","Black Blood"],"picked":"Empty Cage"}],"items_purged_floors":[3,11],"is_endless":false,"potions_floor_spawned":[1,2],"killed_by":"3 Cultists","ascension_level":8}