{"gold_per_floor":[111,111,111,141,152,180,180,180,180,69,84,99,99,110,110,210,210,229,280,150,161,186,186,204,204,281,151,151,151,205,64,64,169,169,189,209,209,209,209,209,209,240,240,100,100,100],"floor_reached":46,"playtime":1525,"items_purged":["Strike_G","Defend_G","Strike_G","Strike_G","Strike_G"],"score":592,"play_id":"737f23a6-acbc-4874-893c-76c59b2f0fd3","local_time":"20190220015208","is_ascension_mode":true,"campfire_choices":[{"data":"Neutralize","floor":8,"key":"SMITH"},{"data":"Bouncing Flask","floor":13,"key":"SMITH"},{"data":"Backflip","floor":15,"key":"SMITH"},{"data":"Footwork","floor":23,"key":"SMITH"},{"data":"Noxious Fumes","floor":25,"key":"SMITH"},{"floor":32,"key":"REST"},{"floor":40,"key":"REST"}],"neow_cost":"NONE","seed_source_timestamp":187590132353100,"circlet_count":0,"master_deck":["Defend_G","Defend_G","Defend_G","Defend_G","Survivor","Neutralize+1","Dagger Spray+1","Bouncing Flask+1","Backflip+1","Adrenaline","Dagger Spray","Noxious Fumes+1","Footwork+1","Noxious Fumes","Crippling Poison","Deadly Poison","Deadly Poison+1","Poisoned Stab"],"relics":["Ring of the Serpent","NeowsBlessing","Strawberry","Tiny Chest","Matryoshka","Omamori","Snake Skull","Philosopher\u0027s Stone","The Courier","MawBank","Dream Catcher","Ninja Scroll","Bronze Scales","Pantograph","Potion Belt","Bottled Tornado"],"potions_floor_usage":[12,16,33,33,46],"damage_taken":[{"damage":0,"enemies":"Jaw Worm","floor":1,"turns":1},{"damage":0,"enemies":"Small Slimes","floor":5,"turns":1},{"damage":0,"enemies":"Gremlin Nob","floor":6,"turns":1},{"damage":0,"enemies":"Cultist","floor":11,"turns":3},{"damage":0,"enemies":"Exordium Wildlife","floor":12,"turns":2},{"damage":1,"enemies":"Looter","floor":14,"turns":3},{"damage":0,"enemies":"Slime Boss","floor":16,"turns":7},{"damage":0,"enemies":"Spheric Guardian","floor":18,"turns":3},{"damage":0,"enemies":"Shell Parasite","floor":21,"turns":4},{"damage":21,"enemies":"Snecko","floor":24,"turns":5},{"damage":37,"enemies":"Collector","floor":33,"turns":6},{"damage":9,"enemies":"Orb Walker","floor":35,"turns":4},{"damage":26,"enemies":"3 Darklings","floor":36,"turns":3},{"damage":51,"enemies":"Reptomancer","floor":42,"turns":5},{"damage":12,"enemies":"Writhing Mass","floor":46,"turns":1}],"seed_played":"7569970128328120846","potions_obtained":[{"floor":5,"key":"Fire Potion"},{"floor":6,"key":"Poison Potion"},{"floor":11,"key":"GamblersBrew"},{"floor":24,"key":"Strength Potion"},{"floor":42,"key":"AttackPotion"}],"is_trial":false,"path_per_floor":["M","?","?","T","M","E","?","R","T","$","M","M","R","M","R","B",null,"M","T","$","M","T","R","M","R","T","$","?","?","T","$","R","B",null,"M","M","?","$","?","R","?","E","T","$","T","M"],"character_chosen":"THE_SILENT","items_purchased":["Bouncing Flask","Noxious Fumes","Noxious Fumes","Bane"],"campfire_rested":2,"item_purchase_floors":[10,20,27,31],"current_hp_per_floor":[70,74,67,67,67,67,67,67,67,67,67,67,67,66,66,66,77,77,77,77,77,77,77,56,56,56,56,56,56,56,56,77,40,77,68,42,42,42,42,63,63,12,12,12,12,0],"gold":100,"neow_bonus":"THREE_ENEMY_KILL","is_prod":false,"is_daily":false,"chose_seed":false,"campfire_upgraded":5,"win_rate":0,"timestamp":1550656328,"path_taken":["M","?","?","?","M","E","?","R","T","$","M","M","R","?","R","BOSS","M","?","$","M","?","R","M","R","T","$","?","?","?","?","R","BOSS","M","?","?","$","?","R","?","E","T","?","?","M"],"build_version":"2019-01-23","purchased_purges":5,"victory":false,"max_hp_per_floor":[70,77,77,77,77,77,77,77,77,77,77,77,77,77,77,77,77,77,77,77,77,77,77,77,77,77,77,77,77,77,77,77,77,77,77,77,73,73,73,73,73,73,73,73,73,73],"card_choices":[{"not_picked":["Dodge and Roll","Caltrops"],"picked":"Dagger Spray","floor":1},{"not_picked":["Blade Dance","Dagger Throw","PiercingWail"],"picked":"SKIP","floor":5},{"not_picked":["Dodge and Roll","Eviscerate","Setup"],"picked":"SKIP","floor":6},{"not_picked":["Setup","Acrobatics"],"picked":"Backflip","floor":11},{"not_picked":["Outmaneuver","Finisher","Acrobatics"],"picked":"SKIP","floor":12},{"not_picked":["Blade Dance","Dodge and Roll","Backflip"],"picked":"SKIP","floor":14},{"not_picked":["Doppelganger","Bullet Time"],"picked":"Adrenaline","floor":16},{"not_picked":["PiercingWail","Poisoned Stab"],"picked":"Dagger Spray","floor":18},{"not_picked":["Poisoned Stab+1","Deadly Poison+1"],"picked":"Footwork","floor":21},{"not_picked":["Cloak And Dagger","Riddle With Holes+1","Terror"],"picked":"SKIP","floor":24},{"not_picked":["Prepared","Quick Slash"],"picked":"Deadly Poison","floor":32},{"not_picked":["Backflip","Sucker Punch+1","Leg Sweep+1"],"picked":"SKIP","floor":35},{"not_picked":["Escape Plan+1","Masterful Stab+1"],"picked":"Deadly Poison+1","floor":36},{"not_picked":["Reflex","PiercingWail+1"],"picked":"Poisoned Stab","floor":40},{"not_picked":["Blade Dance+1","Predator","All Out Attack"],"picked":"SKIP","floor":42}],"player_experience":220982,"relics_obtained":[{"floor":4,"key":"Tiny Chest"},{"floor":6,"key":"Matryoshka"},{"floor":9,"key":"Omamori"},{"floor":9,"key":"Snake Skull"},{"floor":19,"key":"The Courier"},{"floor":19,"key":"MawBank"},{"floor":22,"key":"Dream Catcher"},{"floor":26,"key":"Ninja Scroll"},{"floor":30,"key":"Bronze Scales"},{"floor":42,"key":"Pantograph"},{"floor":43,"key":"Potion Belt"},{"floor":45,"key":"Bottled Tornado"}],"event_choices":[{"damage_healed":0,"gold_gain":0,"player_choice":"Success","damage_taken":3,"relics_obtained":["Strawberry"],"max_hp_gain":0,"max_hp_loss":0,"event_name":"Scrap Ooze","floor":2,"gold_loss":0},{"cards_removed":["Strike_G"],"damage_healed":0,"gold_gain":0,"player_choice":"Card Removal","damage_taken":7,"max_hp_gain":0,"max_hp_loss":0,"event_name":"Golden Wing","floor":3,"gold_loss":0},{"damage_healed":0,"gold_gain":0,"player_choice":"Grow","damage_taken":0,"max_hp_gain":0,"max_hp_loss":0,"event_name":"Living Wall","floor":7,"gold_loss":0,"cards_upgraded":["Dagger Spray"]},{"damage_healed":0,"gold_gain":0,"player_choice":"Ignored","damage_taken":0,"max_hp_gain":0,"max_hp_loss":0,"event_name":"The Mausoleum","floor":28,"gold_loss":0},{"damage_healed":0,"gold_gain":0,"player_choice":"Read","damage_taken":0,"max_hp_gain":0,"max_hp_loss":0,"event_name":"The Library","floor":29,"gold_loss":0,"cards_obtained":["Crippling Poison"]},{"damage_healed":0,"gold_gain":0,"player_choice":"Max HP","damage_taken":0,"max_hp_gain":0,"max_hp_loss":4,"event_name":"Winding Halls","floor":37,"gold_loss":0},{"damage_healed":0,"gold_gain":0,"player_choice":"Ignored","damage_taken":0,"max_hp_gain":0,"max_hp_loss":0,"event_name":"Tomb of Lord Red Mask","floor":39,"gold_loss":0},{"cards_removed":["Bane"],"damage_healed":0,"gold_gain":0,"player_choice":"Removed Attack","damage_taken":0,"max_hp_gain":0,"max_hp_loss":0,"event_name":"Falling","floor":41,"gold_loss":0}],"is_beta":false,"boss_relics":[{"not_picked":["Busted Crown","Fusion Hammer"],"picked":"Philosopher\u0027s Stone"},{"not_picked":["Eternal Feather","Empty Cage"],"picked":"Ring of the Serpent"}],"items_purged_floors":[10,20,27,31,44],"is_endless":false,"potions_floor_spawned":[5,6,11,24,42],"killed_by":"Writhing Mass","ascension_level":2}