{"gold_per_floor":[11,26,26,41,41,41,60,90,90,90,90,128,160,203,215,227],"floor_reached":16,"playtime":4247,"items_purged":[],"score":120,"play_id":"f1d619fc-770e-481d-9f6f-61fcf514e32b","local_time":"20190720031829","is_ascension_mode":false,"campfire_choices":[{"data":"Shrug It Off","floor":6,"key":"SMITH"},{"floor":10,"key":"REST"},{"floor":15,"key":"DIG"}],"neow_cost":"NO_GOLD","seed_source_timestamp":41934340005262,"circlet_count":0,"master_deck":["Strike_R","Strike_R","Strike_R","Strike_R","Strike_R","Defend_R","Defend_R","Defend_R","Defend_R","Bash","Shrug It Off+1","Body Slam+1","Heavy Blade","Heavy Blade","Iron Wave","Body Slam","Flex","Flame Barrier"],"relics":["Burning Blood","Ginger","Shovel","MawBank","FossilizedHelix","Happy Flower","Meat on the Bone"],"potions_floor_usage":[8,8,14,14,14],"damage_taken":[{"damage":1,"enemies":"Cultist","floor":1,"turns":4},{"damage":2,"enemies":"Small Slimes","floor":2,"turns":5},{"damage":6,"enemies":"Jaw Worm","floor":4,"turns":4},{"damage":5,"enemies":"Looter","floor":7,"turns":3},{"damage":45,"enemies":"Gremlin Nob","floor":8,"turns":6},{"damage":12,"enemies":"3 Sentries","floor":12,"turns":9},{"damage":0,"enemies":"3 Louse","floor":13,"turns":3},{"damage":27,"enemies":"Gremlin Nob","floor":14,"turns":5},{"damage":45,"enemies":"Hexaghost","floor":16,"turns":9}],"seed_played":"-6987373905399752855","potions_obtained":[{"floor":1,"key":"PowerPotion"},{"floor":2,"key":"Weak Potion"},{"floor":8,"key":"PowerPotion"},{"floor":12,"key":"AttackPotion"},{"floor":13,"key":"SpeedPotion"}],"is_trial":false,"path_per_floor":["M","M","?","M","?","R","M","E","T","R","T","E","M","E","R","B"],"character_chosen":"IRONCLAD","items_purchased":[],"campfire_rested":1,"item_purchase_floors":[],"current_hp_per_floor":[80,80,80,80,80,80,80,41,41,65,65,59,65,44,44,0],"gold":227,"neow_bonus":"ONE_RARE_RELIC","is_prod":false,"is_daily":false,"chose_seed":false,"campfire_upgraded":1,"win_rate":0,"timestamp":1563607109,"path_taken":["M","M","?","M","?","R","M","E","T","R","?","E","M","E","R","BOSS"],"build_version":"2019-07-17","purchased_purges":0,"victory":false,"max_hp_per_floor":[80,80,80,80,80,80,80,80,80,80,80,80,80,80,80,80],"card_choices":[{"not_picked":["Warcry","Feel No Pain"],"picked":"Shrug It Off","floor":1},{"not_picked":["Pummel","Fire Breathing"],"picked":"Body Slam","floor":2},{"not_picked":["Perfected Strike","Corruption"],"picked":"Heavy Blade","floor":4},{"not_picked":["Rupture","Warcry"],"picked":"Heavy Blade","floor":7},{"not_picked":["Anger","Flex"],"picked":"Iron Wave","floor":8},{"not_picked":["Heavy Blade","Carnage"],"picked":"Body Slam","floor":12},{"not_picked":["Pommel Strike","Dropkick"],"picked":"Flex","floor":13},{"not_picked":["Burning Pact","Rampage"],"picked":"Flame Barrier","floor":14}],"player_experience":101702,"relics_obtained":[{"floor":8,"key":"Shovel"},{"floor":11,"key":"MawBank"},{"floor":12,"key":"FossilizedHelix"},{"floor":14,"key":"Happy Flower"},{"floor":15,"key":"Meat on the Bone"}],"event_choices":[{"damage_healed":0,"gold_gain":0,"player_choice":"Grow","damage_taken":0,"max_hp_gain":0,"max_hp_loss":0,"event_name":"Living Wall","floor":3,"gold_loss":0,"cards_upgraded":["Body Slam"]},{"damage_healed":0,"gold_gain":0,"player_choice":"Leave","damage_taken":0,"max_hp_gain":0,"max_hp_loss":0,"event_name":"The Cleric","floor":5,"gold_loss":0}],"is_beta":false,"boss_relics":[],"items_purged_floors":[],"is_endless":false,"potions_floor_spawned":[1,2,8,12,13],"killed_by":"Hexaghost","ascension_level":0}