{"gold_per_floor":[119,136,136,86,98,98,156,81,104,104,120,120,177,177,177,276,276,295,295,39,51,69,69,103,122,145,188,217,104,104,104],"floor_reached":31,"playtime":1421,"items_purged":["Strike_R","Strike_R","Defend_R"],"score":355,"play_id":"61b72cc9-0935-47ad-8d39-199d8f874937","local_time":"20190901230106","is_ascension_mode":true,"campfire_choices":[{"data":"Dramatic Entrance","floor":6.0,"key":"SMITH"},{"data":"Blind","floor":10.0,"key":"SMITH"},{"data":"Bash","floor":12.0,"key":"SMITH"},{"data":"Shrug It Off","floor":15.0,"key":"SMITH"},{"floor":23,"key":"REST"}],"neow_cost":"TEN_PERCENT_HP_LOSS","seed_source_timestamp":516873296181133,"circlet_count":0,"master_deck":["Strike_R+1","Strike_R+1","Defend_R","Defend_R","Defend_R","Bash+1","Dramatic Entrance+1","Blind+1","Shrug It Off+1","Anger","Anger","Shrug It Off","Flex","Rage","Fire Breathing+1"],"special_seed":0,"relics":["Burning Blood","Dodecahedron","Regal Pillow","Tiny Chest","Fusion Hammer","Nloth\u0027s Gift","Anchor","Art of War","MawBank","Charon\u0027s Ashes","Pantograph"],"potions_floor_usage":[16,16,24,24,25],"damage_taken":[{"damage":7.0,"enemies":"Jaw Worm","floor":1.0,"turns":4.0},{"damage":13.0,"enemies":"Small Slimes","floor":2.0,"turns":4.0},{"damage":0.0,"enemies":"Cultist","floor":5.0,"turns":3.0},{"damage":41.0,"enemies":"3 Sentries","floor":7.0,"turns":12.0},{"damage":4.0,"enemies":"Red Slaver","floor":11.0,"turns":4.0},{"damage":12.0,"enemies":"Gremlin Nob","floor":13.0,"turns":4.0},{"damage":11,"enemies":"Hexaghost","floor":16,"turns":9},{"damage":1,"enemies":"3 Byrds","floor":18,"turns":5},{"damage":6,"enemies":"2 Thieves","floor":21,"turns":4},{"damage":18,"enemies":"Centurion and Healer","floor":22,"turns":5},{"damage":32,"enemies":"Gremlin Leader","floor":24,"turns":7},{"damage":16,"enemies":"Snake Plant","floor":25,"turns":5},{"damage":39,"enemies":"Slavers","floor":27,"turns":8},{"damage":31,"enemies":"Cultist and Chosen","floor":28,"turns":8},{"damage":27,"enemies":"Chosen and Byrds","floor":31,"turns":6}],"seed_played":"2484206330958650182","potions_obtained":[{"floor":1.0,"key":"Weak Potion"},{"floor":2.0,"key":"Regen Potion"},{"floor":13.0,"key":"FearPotion"},{"floor":21,"key":"Swift Potion"},{"floor":22,"key":"BloodPotion"},{"floor":24,"key":"Regen Potion"},{"floor":28,"key":"SpeedPotion"}],"is_trial":false,"path_per_floor":["M","M","?","?","M","R","?","$","T","R","M","R","E","?","R","B",null,"M","?","$","M","M","R","E","M","T","E","M","$","T","M"],"character_chosen":"IRONCLAD","items_purchased":["Anchor"],"campfire_rested":1,"item_purchase_floors":[20],"current_hp_per_floor":[71,64,52,52,58,58,38,38,38,38,40,40,34,34,34,29,61,66,66,66,66,54,72,64,66,66,33,8,8,8,0],"gold":104,"neow_bonus":"RANDOM_COLORLESS_2","is_prod":false,"is_daily":false,"chose_seed":false,"campfire_upgraded":4,"win_rate":0,"timestamp":1567371666,"path_taken":["M","M","?","?","M","R","?","$","T","R","M","R","E","?","R","BOSS","M","?","$","M","?","R","E","M","T","E","M","$","?","M"],"build_version":"2019-07-17","purchased_purges":3,"victory":false,"max_hp_per_floor":[72,72,72,72,72,72,72,72,72,72,72,72,72,72,72,72,72,72,72,72,72,72,72,72,72,72,72,72,72,72,72],"card_choices":[{"not_picked":["Rupture","Searing Blow","Disarm"],"picked":"SKIP","floor":1.0},{"not_picked":["Spot Weakness","Wild Strike"],"picked":"Shrug It Off","floor":2.0},{"not_picked":["Heavy Blade","Clothesline","Corruption"],"picked":"SKIP","floor":5.0},{"not_picked":["Thunderclap","Berserk"],"picked":"Anger","floor":11.0},{"not_picked":["Exhume","Sword Boomerang"],"picked":"Anger","floor":13.0},{"not_picked":["Heavy Blade","Cleave"],"picked":"Shrug It Off","floor":18},{"not_picked":["Iron Wave+1","Anger","Reaper"],"picked":"SKIP","floor":21},{"not_picked":["True Grit","Feed"],"picked":"Flex","floor":22},{"not_picked":["Limit Break","Heavy Blade"],"picked":"Rage","floor":24},{"not_picked":["Headbutt","Thunderclap"],"picked":"Fire Breathing+1","floor":25},{"not_picked":["Rupture+1","Clothesline+1","Evolve"],"picked":"SKIP","floor":27},{"not_picked":["Exhume","Clash","Perfected Strike+1"],"picked":"SKIP","floor":28}],"player_experience":150690,"relics_obtained":[{"floor":7.0,"key":"Regal Pillow"},{"floor":9.0,"key":"Whetstone"},{"floor":13.0,"key":"Tiny Chest"},{"floor":24,"key":"Art of War"},{"floor":26,"key":"MawBank"},{"floor":27,"key":"Charon\u0027s Ashes"},{"floor":30,"key":"Pantograph"}],"event_choices":[{"damage_healed":0.0,"max_hp_gain":0.0,"max_hp_loss":0.0,"gold_gain":0.0,"event_name":"Scrap Ooze","player_choice":"Success","floor":3.0,"gold_loss":0.0,"damage_taken":12.0,"relics_obtained":["Dodecahedron"]},{"cards_removed":["Strike_R"],"damage_healed":0.0,"max_hp_gain":0.0,"max_hp_loss":0.0,"gold_gain":0.0,"event_name":"The Cleric","player_choice":"Card Removal","floor":4.0,"gold_loss":50.0,"damage_taken":0.0},{"damage_healed":0.0,"max_hp_gain":0.0,"max_hp_loss":0.0,"gold_gain":0.0,"event_name":"Dead Adventurer","player_choice":"Searched \u00271\u0027 times","floor":7.0,"gold_loss":0.0,"damage_taken":0.0},{"damage_healed":0.0,"max_hp_gain":0.0,"max_hp_loss":0.0,"gold_gain":0.0,"event_name":"Liars Game","player_choice":"Ignored","floor":14.0,"gold_loss":0.0,"damage_taken":0.0},{"damage_healed":0,"gold_gain":0,"player_choice":"Traded Relic","damage_taken":0,"relics_obtained":["Nloth\u0027s Gift"],"max_hp_gain":0,"max_hp_loss":0,"event_name":"N\u0027loth","floor":19,"relics_lost":["Whetstone"],"gold_loss":0}],"is_beta":false,"boss_relics":[{"not_picked":["Coffee Dripper","Calling Bell"],"picked":"Fusion Hammer"}],"items_purged_floors":[8,20,29],"is_endless":false,"potions_floor_spawned":[1,2,13,21,22,24,28],"killed_by":"Chosen and Byrds","ascension_level":6}