{"gold_per_floor":[110,110,124,124,124,151,166,166,192,192,224,181,214,214,214,287,287,301,123,139,12,31,60,60,80,80,92,92],"floor_reached":28,"playtime":2144,"items_purged":["Pain"],"score":565,"play_id":"a9b9864f-bbf1-4598-9a9b-40da567932a6","local_time":"20190618113431","is_ascension_mode":true,"campfire_choices":[{"data":"Footwork","floor":8,"key":"SMITH"},{"floor":15,"key":"REST"}],"neow_cost":"NONE","seed_source_timestamp":3340865467049680,"circlet_count":0,"master_deck":["AscendersBane","Defend_G","Defend_G","Defend_G","Defend_G","Defend_G","Strike_G","Strike_G","Strike_G","Strike_G","Strike_G","Survivor","Neutralize","Footwork+1","Sucker Punch","Dagger Spray","Backflip","Escape Plan","Dagger Throw","Tools of the Trade","Infinite Blades","Dodge and Roll","Well Laid Plans","Footwork","Expertise","Noxious Fumes","Blur","Shame","Dash","Underhanded Strike","Dodge and Roll","Bane"],"relics":["Ring of the Snake","NeowsBlessing","Art of War","Spirit Poop","Thread and Needle","Oddly Smooth Stone","Tough Bandages","Gremlin Horn","Torii","WarpedTongs","HoveringKite","Prayer Wheel","Regal Pillow","Dodecahedron"],"potions_floor_usage":[13,23,23,28,28],"damage_taken":[{"damage":0,"enemies":"2 Louse","floor":1,"turns":1},{"damage":0,"enemies":"Cultist","floor":3,"turns":1},{"damage":0,"enemies":"Lagavulin","floor":6,"turns":1},{"damage":0,"enemies":"Small Slimes","floor":7,"turns":3},{"damage":13,"enemies":"3 Sentries","floor":11,"turns":14},{"damage":13,"enemies":"Exordium Thugs","floor":12,"turns":5},{"damage":24,"enemies":"Gremlin Nob","floor":13,"turns":5},{"damage":7,"enemies":"The Guardian","floor":16,"turns":22},{"damage":0,"enemies":"Spheric Guardian","floor":18,"turns":6},{"damage":1,"enemies":"Shell Parasite","floor":20,"turns":9},{"damage":0,"enemies":"Centurion and Healer","floor":22,"turns":8},{"damage":14,"enemies":"Slavers","floor":23,"turns":8},{"damage":7,"enemies":"Snake Plant","floor":25,"turns":9},{"damage":14,"enemies":"Snecko","floor":27,"turns":9},{"damage":21,"enemies":"Gremlin Leader","floor":28,"turns":4}],"seed_played":"8872888907444871820","potions_obtained":[{"floor":1,"key":"FearPotion"},{"floor":13,"key":"Explosive Potion"},{"floor":16,"key":"AttackPotion"},{"floor":20,"key":"Poison Potion"},{"floor":25,"key":"Fire Potion"},{"floor":27,"key":"PowerPotion"}],"is_trial":false,"path_per_floor":["M","?","M","?","$","E","M","R","T","T","E","M","E","?","R","B",null,"M","$","M","$","M","E","?","M","T","M","E"],"character_chosen":"THE_SILENT","items_purchased":["Dodge and Roll","Well Laid Plans","Expertise","Noxious Fumes"],"campfire_rested":1,"item_purchase_floors":[19,19,21,21],"current_hp_per_floor":[59,59,59,59,59,59,59,59,59,59,46,33,9,9,28,21,55,55,55,54,54,54,40,40,33,33,19,0],"gold":92,"neow_bonus":"THREE_ENEMY_KILL","is_prod":false,"is_daily":false,"chose_seed":false,"campfire_upgraded":1,"win_rate":0,"timestamp":1560872071,"path_taken":["M","?","M","?","$","E","?","R","T","?","E","M","E","?","R","BOSS","M","$","M","$","M","E","?","M","T","M","E"],"build_version":"2019-01-23","purchased_purges":1,"victory":false,"max_hp_per_floor":[66,66,66,66,66,66,66,66,66,66,66,66,66,66,66,66,66,66,66,66,66,66,66,66,66,66,66,66],"card_choices":[{"not_picked":["Expertise","Terror"],"picked":"Footwork","floor":1},{"not_picked":["Slice","Prepared"],"picked":"Sucker Punch","floor":3},{"not_picked":["Slice","Deflect"],"picked":"Dagger Spray","floor":6},{"not_picked":["Concentrate","Bane","Dagger Throw"],"picked":"SKIP","floor":7},{"not_picked":["Choke","Riddle With Holes"],"picked":"Backflip","floor":11},{"not_picked":["Calculated Gamble","Poisoned Stab"],"picked":"Escape Plan","floor":12},{"not_picked":["Setup","Reflex"],"picked":"Dagger Throw","floor":13},{"not_picked":["Adrenaline","Venomology"],"picked":"Tools of the Trade","floor":16},{"not_picked":["Slice","Bane"],"picked":"Infinite Blades","floor":18},{"not_picked":["Backstab+1","Outmaneuver"],"picked":"Footwork","floor":20},{"not_picked":["Dagger Spray","Blade Dance","Deflect"],"picked":"SKIP","floor":22},{"not_picked":["Blade Dance","Doppelganger"],"picked":"Blur","floor":23},{"not_picked":["Deadly Poison","Underhanded Strike"],"picked":"Dash","floor":25},{"not_picked":["Bane","Deflect"],"picked":"Underhanded Strike","floor":25},{"not_picked":["Deadly Poison","Dagger Spray"],"picked":"Dodge and Roll","floor":27},{"not_picked":["Deflect","Prepared"],"picked":"Bane","floor":27}],"player_experience":430976,"relics_obtained":[{"floor":6,"key":"Thread and Needle"},{"floor":9,"key":"Oddly Smooth Stone"},{"floor":10,"key":"Tough Bandages"},{"floor":11,"key":"Gremlin Horn"},{"floor":13,"key":"Torii"},{"floor":23,"key":"Prayer Wheel"},{"floor":26,"key":"Dodecahedron"}],"event_choices":[{"damage_healed":0,"gold_gain":0,"player_choice":"Box","damage_taken":0,"relics_obtained":["Art of War"],"max_hp_gain":0,"max_hp_loss":0,"event_name":"Big Fish","floor":2,"gold_loss":0,"cards_obtained":["Regret"]},{"cards_removed":["Regret"],"damage_healed":0,"gold_gain":0,"player_choice":"Offered Curse","damage_taken":0,"relics_obtained":["Spirit Poop"],"max_hp_gain":0,"max_hp_loss":0,"event_name":"Bonfire Elementals","floor":4,"gold_loss":0},{"damage_healed":0,"gold_gain":0,"player_choice":"Rummage","damage_taken":0,"relics_obtained":["WarpedTongs"],"max_hp_gain":0,"max_hp_loss":0,"event_name":"Accursed Blacksmith","floor":14,"gold_loss":0,"cards_obtained":["Pain"]},{"damage_healed":0,"gold_gain":0,"player_choice":"Stole Relic","damage_taken":0,"relics_obtained":["Regal Pillow"],"max_hp_gain":0,"max_hp_loss":0,"event_name":"Addict","floor":24,"gold_loss":0,"cards_obtained":["Shame"]}],"is_beta":false,"boss_relics":[{"not_picked":["Coffee Dripper","Sozu"],"picked":"HoveringKite"}],"items_purged_floors":[19],"is_endless":false,"potions_floor_spawned":[1,13,16,20,25,27],"killed_by":"Gremlin Leader","ascension_level":20}