{"gold_per_floor":[367,387,312,312,329,361,361,28,55,71,146,180,195,207,207,285,285,304,29,29,48,48,48,48,48,48,48,60,60,60],"floor_reached":30,"playtime":662,"items_purged":["Strike_R"],"score":501,"play_id":"9a574594-89fc-4c85-9a7e-6553ef601916","local_time":"20190615104821","is_ascension_mode":true,"campfire_choices":[{"data":"Bash","floor":7.0,"key":"SMITH"},{"floor":15,"key":"REST"},{"data":"Writhe","floor":23,"key":"PURGE"},{"data":"Feed","floor":25,"key":"SMITH"},{"data":"Heavy Blade","floor":27,"key":"SMITH"},{"data":"Clothesline","floor":29,"key":"SMITH"}],"neow_cost":"TEN_PERCENT_HP_LOSS","seed_source_timestamp":3080319961568722,"circlet_count":0,"master_deck":["AscendersBane","Strike_R","Strike_R","Strike_R","Defend_R","Defend_R","Defend_R","Defend_R","Bash+1","Evolve","Headbutt","Twin Strike","Clothesline+1","Heavy Blade+1","Metallicize","Thunderclap","Feed+1","Rampage","Feel No Pain+1","Iron Wave"],"special_seed":0,"relics":["Black Blood","Pen Nib","Pear","Magic Flower","Red Skull","Peace Pipe","Orichalcum","Bronze Scales","Strawberry"],"potions_floor_usage":[21],"damage_taken":[{"damage":7.0,"enemies":"Cultist","floor":1.0,"turns":4.0},{"damage":21.0,"enemies":"Jaw Worm","floor":2.0,"turns":5.0},{"damage":10.0,"enemies":"Small Slimes","floor":5.0,"turns":4.0},{"damage":20.0,"enemies":"3 Sentries","floor":6.0,"turns":6.0},{"damage":8,"enemies":"3 Louse","floor":10,"turns":2},{"damage":30,"enemies":"Lagavulin","floor":12,"turns":5},{"damage":2,"enemies":"Looter","floor":13,"turns":3},{"damage":6,"enemies":"Blue Slaver","floor":14,"turns":3},{"damage":20,"enemies":"Slime Boss","floor":16,"turns":7},{"damage":65,"enemies":"3 Byrds","floor":18,"turns":8},{"damage":19,"enemies":"2 Thieves","floor":21,"turns":4},{"damage":31,"enemies":"Sentry and Sphere","floor":28,"turns":6},{"damage":37,"enemies":"Gremlin Leader","floor":30,"turns":6}],"seed_played":"-6033466618603800625","potions_obtained":[{"floor":1.0,"key":"Explosive Potion"},{"floor":2.0,"key":"SkillPotion"},{"floor":18,"key":"EssenceOfSteel"}],"is_trial":false,"path_per_floor":["M","M","?","?","M","E","R","$","T","M","?","E","M","M","R","B",null,"M","$","?","M","?","R","?","R","T","R","M","R","E"],"character_chosen":"IRONCLAD","items_purchased":["Magic Flower","Orichalcum","Rampage"],"campfire_rested":1,"item_purchase_floors":[8,19,19],"current_hp_per_floor":[67,52,52,52,48,44,44,44,44,45,34,13,20,23,46,35,67,22,22,22,23,23,23,40,40,47,47,37,37,0],"gold":60,"neow_bonus":"TWO_FIFTY_GOLD","is_prod":false,"is_daily":false,"chose_seed":false,"campfire_upgraded":4,"win_rate":0,"timestamp":1560610101,"path_taken":["M","M","?","?","?","E","R","$","T","M","?","E","M","M","R","BOSS","M","$","?","M","?","R","?","R","T","R","M","R","E"],"build_version":"2019-01-23","purchased_purges":1,"victory":false,"max_hp_per_floor":[68,68,68,68,68,78,78,78,78,78,78,78,78,78,78,78,78,81,81,81,84,84,84,84,84,91,91,95,95,95],"card_choices":[{"not_picked":["Rage","Havoc"],"picked":"Evolve","floor":1.0},{"not_picked":["Thunderclap","Rage"],"picked":"Headbutt","floor":2.0},{"not_picked":["Dropkick","Bloodletting"],"picked":"Twin Strike","floor":5.0},{"not_picked":["Evolve","Perfected Strike","Sword Boomerang"],"picked":"SKIP","floor":6.0},{"not_picked":["Anger","Armaments"],"picked":"Clothesline","floor":10},{"not_picked":["Sever Soul","Dark Embrace"],"picked":"Heavy Blade","floor":12},{"not_picked":["Heavy Blade","True Grit"],"picked":"Metallicize","floor":13},{"not_picked":["Seeing Red","Second Wind"],"picked":"Thunderclap","floor":14},{"not_picked":["Brutality","Dark Embrace"],"picked":"Feed","floor":16},{"not_picked":["Uppercut","Second Wind","Headbutt+1"],"picked":"SKIP","floor":18},{"not_picked":["Heavy Blade+1","Second Wind"],"picked":"Feel No Pain+1","floor":21},{"not_picked":["Anger","Seeing Red"],"picked":"Iron Wave","floor":28}],"player_experience":429840,"relics_obtained":[{"floor":6.0,"key":"Pear"},{"floor":9,"key":"Red Skull"},{"floor":12,"key":"Peace Pipe"},{"floor":26,"key":"Strawberry"}],"event_choices":[{"cards_removed":["Strike_R"],"damage_healed":0.0,"max_hp_gain":0.0,"max_hp_loss":0.0,"gold_gain":0.0,"event_name":"The Cleric","player_choice":"Card Removal","floor":3.0,"gold_loss":75.0,"damage_taken":0.0},{"damage_healed":0.0,"max_hp_gain":0.0,"max_hp_loss":0.0,"gold_gain":0.0,"event_name":"WeMeetAgain","player_choice":"Gave Potion","floor":4.0,"gold_loss":0.0,"damage_taken":0.0,"relics_obtained":["Pen Nib"]},{"damage_healed":0,"gold_gain":75,"player_choice":"Gather Gold","damage_taken":11,"max_hp_gain":0,"max_hp_loss":0,"event_name":"World of Goop","floor":11,"gold_loss":0},{"damage_healed":0,"gold_gain":0,"player_choice":"Opened","damage_taken":0,"relics_obtained":["Bronze Scales"],"max_hp_gain":0,"max_hp_loss":0,"event_name":"The Mausoleum","floor":20,"gold_loss":0,"cards_obtained":["Writhe"]},{"damage_healed":0,"gold_gain":0,"player_choice":"Ignored","damage_taken":0,"max_hp_gain":0,"max_hp_loss":0,"event_name":"Ghosts","floor":22,"gold_loss":0},{"damage_healed":17,"gold_gain":0,"player_choice":"Heal","damage_taken":0,"max_hp_gain":0,"max_hp_loss":0,"event_name":"The Library","floor":24,"gold_loss":0}],"is_beta":false,"boss_relics":[{"not_picked":["Velvet Choker","Black Star"],"picked":"Black Blood"}],"items_purged_floors":[19],"is_endless":false,"potions_floor_spawned":[1,2,18],"killed_by":"Gremlin Leader","ascension_level":20}