{"gold_per_floor":[117,136,136,136,21,21,48,60,83,97,97,132,132,150,150,248,248,259,184,283,306,323,353,353,367,367,367,367,383,401,430,430,430],"floor_reached":33,"playtime":1041,"items_purged":["Strike_R"],"score":400,"play_id":"21eb0197-1e0a-4e3c-b00e-096f3cfb4370","local_time":"20190820223909","is_ascension_mode":true,"campfire_choices":[{"data":"Bash","floor":6,"key":"SMITH"},{"data":"Disarm","floor":11,"key":"SMITH"},{"data":"Bludgeon","floor":13,"key":"SMITH"},{"data":"Seeing Red","floor":15,"key":"SMITH"},{"floor":24,"key":"REST"},{"data":"Limit Break","floor":27,"key":"SMITH"},{"data":"Flex","floor":32,"key":"SMITH"}],"neow_cost":"NONE","seed_source_timestamp":9934358533030,"circlet_count":0,"master_deck":["Strike_R","Defend_R","Defend_R","Defend_R","Defend_R","Bash+1","Shrug It Off","Havoc+1","Shockwave","Rupture","Disarm+1","Seeing Red+1","Bludgeon+1","Headbutt","Limit Break+1","Flex+1","Heavy Blade","Burning Pact+1","Body Slam+1","Uppercut+1","Bloodletting","Sword Boomerang"],"relics":["Burning Blood","NeowsBlessing","Regal Pillow","Strawberry","Self Forming Clay","Mark of Pain","Omamori","Dodecahedron","Bird Faced Urn","Darkstone Periapt"],"potions_floor_usage":[18,22,25,29,33],"damage_taken":[{"damage":0,"enemies":"Cultist","floor":1,"turns":1},{"damage":0,"enemies":"Jaw Worm","floor":2,"turns":1},{"damage":0,"enemies":"3 Sentries","floor":7,"turns":1},{"damage":4,"enemies":"Small Slimes","floor":8,"turns":4},{"damage":2,"enemies":"Exordium Wildlife","floor":10,"turns":6},{"damage":24,"enemies":"Gremlin Nob","floor":12,"turns":5},{"damage":5,"enemies":"Blue Slaver","floor":14,"turns":4},{"damage":17,"enemies":"The Guardian","floor":16,"turns":8},{"damage":3,"enemies":"2 Thieves","floor":18,"turns":3},{"damage":17,"enemies":"Shell Parasite","floor":22,"turns":4},{"damage":66,"enemies":"Book of Stabbing","floor":23,"turns":9},{"damage":0,"enemies":"Centurion and Healer","floor":25,"turns":5},{"damage":11,"enemies":"3 Cultists","floor":29,"turns":5},{"damage":21,"enemies":"Shelled Parasite and Fungi","floor":30,"turns":3},{"damage":17,"enemies":"Gremlin Leader","floor":31,"turns":3},{"damage":40,"enemies":"Automaton","floor":33,"turns":4}],"seed_played":"306214264493735409","potions_obtained":[{"floor":1,"key":"SteroidPotion"},{"floor":8,"key":"Weak Potion"},{"floor":12,"key":"AttackPotion"},{"floor":22,"key":"FearPotion"},{"floor":23,"key":"AttackPotion"},{"floor":30,"key":"Strength Potion"}],"is_trial":false,"path_per_floor":["M","M","?","?","$","R","E","M","T","M","R","E","R","M","R","B",null,"M","?","?","T","M","E","R","M","T","R","?","M","M","E","R","B"],"character_chosen":"IRONCLAD","items_purchased":["Shockwave"],"campfire_rested":1,"item_purchase_floors":[5],"current_hp_per_floor":[80,80,80,73,73,73,79,80,87,87,87,69,69,70,70,59,80,83,83,83,83,72,12,53,59,59,59,59,56,41,30,30,0],"gold":430,"neow_bonus":"THREE_ENEMY_KILL","is_prod":false,"is_daily":false,"chose_seed":false,"campfire_upgraded":6,"win_rate":0,"timestamp":1566308349,"path_taken":["M","M","?","?","$","R","E","M","T","M","R","E","R","M","R","BOSS","M","?","?","?","M","E","R","M","T","R","?","M","M","E","R","BOSS"],"build_version":"2019-07-17","purchased_purges":1,"victory":false,"max_hp_per_floor":[80,80,80,80,80,80,80,80,87,87,87,87,87,87,87,87,87,87,87,87,87,87,87,87,87,87,87,87,87,87,87,87,87],"card_choices":[{"not_picked":["Clothesline","Twin Strike"],"picked":"Shrug It Off","floor":1},{"not_picked":["Pommel Strike","Shrug It Off"],"picked":"Havoc","floor":2},{"not_picked":["Clothesline","Clash"],"picked":"Rupture","floor":7},{"not_picked":["Iron Wave","Whirlwind"],"picked":"Disarm","floor":8},{"not_picked":["Warcry","Burning Pact"],"picked":"Seeing Red","floor":10},{"not_picked":["Carnage","Heavy Blade"],"picked":"Bludgeon","floor":12},{"not_picked":["Armaments","Infernal Blade"],"picked":"Headbutt","floor":14},{"not_picked":["Impervious","Juggernaut"],"picked":"Limit Break","floor":16},{"not_picked":["Armaments","Perfected Strike"],"picked":"Flex","floor":18},{"not_picked":["Clothesline","Rampage+1"],"picked":"Heavy Blade","floor":22},{"not_picked":["Perfected Strike+1","Power Through"],"picked":"Burning Pact+1","floor":23},{"not_picked":["Clothesline","Shrug It Off"],"picked":"Body Slam+1","floor":25},{"not_picked":["Iron Wave+1","Blood for Blood"],"picked":"Uppercut+1","floor":29},{"not_picked":["Clash","Thunderclap+1"],"picked":"Bloodletting","floor":30},{"not_picked":["Combust","Twin Strike+1"],"picked":"Sword Boomerang","floor":31}],"player_experience":207727,"relics_obtained":[{"floor":7,"key":"Regal Pillow"},{"floor":9,"key":"Strawberry"},{"floor":12,"key":"Self Forming Clay"},{"floor":21,"key":"Omamori"},{"floor":23,"key":"Dodecahedron"},{"floor":26,"key":"Bird Faced Urn"},{"floor":31,"key":"Darkstone Periapt"}],"event_choices":[{"damage_healed":0,"gold_gain":0,"player_choice":"Grow","damage_taken":0,"max_hp_gain":0,"max_hp_loss":0,"event_name":"Living Wall","floor":3,"gold_loss":0,"cards_upgraded":["Havoc"]},{"cards_removed":["Strike_R"],"damage_healed":0,"gold_gain":0,"player_choice":"Card Removal","damage_taken":7,"max_hp_gain":0,"max_hp_loss":0,"event_name":"Golden Wing","floor":4,"gold_loss":0},{"cards_removed":["Strike_R"],"damage_healed":0,"gold_gain":0,"player_choice":"Gave Gold","damage_taken":0,"max_hp_gain":0,"max_hp_loss":0,"event_name":"Beggar","floor":19,"gold_loss":75},{"damage_healed":0,"gold_gain":99,"player_choice":"Stole From Cult","damage_taken":0,"max_hp_gain":0,"max_hp_loss":0,"event_name":"Nest","floor":20,"gold_loss":0},{"cards_removed":["Strike_R"],"damage_healed":0,"gold_gain":0,"player_choice":"Card Removal","damage_taken":0,"max_hp_gain":0,"max_hp_loss":0,"event_name":"Wheel of Change","floor":28,"gold_loss":0}],"is_beta":false,"boss_relics":[{"not_picked":["Orrery","Coffee Dripper"],"picked":"Mark of Pain"}],"items_purged_floors":[5],"is_endless":false,"potions_floor_spawned":[1,8,12,22,23,30],"killed_by":"Automaton","ascension_level":5}