{"gold_per_floor":[119,119,119,30,45,80,80,107,107,127,127,14,14,43,43,43],"floor_reached":16,"playtime":311,"items_purged":[],"score":282,"play_id":"fa8ccb0a-b765-4d50-8994-d6aa648eee19","local_time":"20190719114221","is_ascension_mode":true,"campfire_choices":[{"data":"Rampage","floor":7,"key":"SMITH"},{"data":"Feel No Pain","floor":13,"key":"SMITH"},{"data":"Feed","floor":15,"key":"SMITH"}],"neow_cost":"NONE","seed_source_timestamp":496922352981634,"circlet_count":0,"master_deck":["AscendersBane","Strike_R","Strike_R","Strike_R","Strike_R+1","Defend_R+1","Defend_R","Defend_R","Defend_R","Bash","Headbutt","Feel No Pain+1","Rampage+1","Limit Break","Corruption","Shrug It Off","Iron Wave","Anger","Feed+1"],"relics":["Burning Blood","NeowsBlessing","Shuriken","Gremlin Horn","Gambling Chip","Pear","Orichalcum"],"potions_floor_usage":[14],"damage_taken":[{"damage":0,"enemies":"Cultist","floor":1,"turns":1},{"damage":0,"enemies":"Jaw Worm","floor":5,"turns":1},{"damage":0,"enemies":"Lagavulin","floor":6,"turns":1},{"damage":14,"enemies":"3 Sentries","floor":8,"turns":11},{"damage":2,"enemies":"2 Louse","floor":10,"turns":3},{"damage":16,"enemies":"Gremlin Nob","floor":14,"turns":4},{"damage":55,"enemies":"Slime Boss","floor":16,"turns":5}],"seed_played":"2330020890509583530","potions_obtained":[{"floor":10,"key":"Block Potion"}],"is_trial":false,"path_per_floor":["M","?","?","$","M","E","R","E","T","M","?","$","R","E","R","B"],"character_chosen":"IRONCLAD","items_purchased":["Feel No Pain","Iron Wave","Anger"],"campfire_rested":0,"item_purchase_floors":[4,12,12],"current_hp_per_floor":[74,51,44,44,50,56,56,48,48,52,51,51,51,41,41,0],"gold":43,"neow_bonus":"THREE_ENEMY_KILL","is_prod":false,"is_daily":false,"chose_seed":false,"campfire_upgraded":3,"win_rate":0,"timestamp":1563550941,"path_taken":["M","?","?","$","M","E","R","E","T","M","?","?","R","E","R","BOSS"],"build_version":"2019-07-17","purchased_purges":0,"victory":false,"max_hp_per_floor":[75,75,75,75,75,75,75,75,75,75,85,85,85,85,85,85],"card_choices":[{"not_picked":["Armaments","Flex"],"picked":"Headbutt","floor":1},{"not_picked":["Sword Boomerang","Clash"],"picked":"Rampage","floor":5},{"not_picked":["Searing Blow","Iron Wave"],"picked":"Limit Break","floor":6},{"not_picked":["Disarm","Reaper"],"picked":"Corruption","floor":8},{"not_picked":["Pommel Strike","Wild Strike"],"picked":"Shrug It Off","floor":10},{"not_picked":["Flex","Cleave"],"picked":"Feed","floor":14}],"player_experience":540137,"relics_obtained":[{"floor":6,"key":"Shuriken"},{"floor":8,"key":"Gremlin Horn"},{"floor":9,"key":"Gambling Chip"},{"floor":14,"key":"Orichalcum"}],"event_choices":[{"damage_healed":0,"gold_gain":0,"player_choice":"Entered Light","damage_taken":23,"max_hp_gain":0,"max_hp_loss":0,"event_name":"Shining Light","floor":2,"gold_loss":0,"cards_upgraded":["Defend_R","Strike_R"]},{"cards_removed":["Strike_R"],"damage_healed":0,"gold_gain":0,"player_choice":"Card Removal","damage_taken":7,"max_hp_gain":0,"max_hp_loss":0,"event_name":"Golden Wing","floor":3,"gold_loss":0},{"damage_healed":0,"gold_gain":0,"player_choice":"Success","damage_taken":11,"relics_obtained":["Pear"],"max_hp_gain":0,"max_hp_loss":0,"event_name":"Scrap Ooze","floor":11,"gold_loss":0}],"is_beta":false,"boss_relics":[],"items_purged_floors":[],"is_endless":false,"potions_floor_spawned":[10],"killed_by":"Slime Boss","ascension_level":20}