{"gold_per_floor":[114,124,141,113,163,163,177,189,259,224,224,237,248,248,248,248],"floor_reached":16,"playtime":1574,"items_purged":[],"score":188,"play_id":"82690a5b-fec6-4b9e-81f2-340dfc9372cc","local_time":"20190203202600","is_ascension_mode":true,"campfire_choices":[{"data":"Zap","floor":6,"key":"SMITH"},{"data":"Thunder Strike","floor":11,"key":"SMITH"},{"data":"Cold Snap","floor":15,"key":"SMITH"}],"neow_cost":"PERCENT_DAMAGE","seed_source_timestamp":517466416517532,"circlet_count":0,"master_deck":["AscendersBane","Strike_B","Strike_B","Strike_B","Strike_B","Defend_B","Defend_B","Defend_B","Defend_B","Zap+1","Dualcast","Secret Weapon","Panache","Coolheaded","White Noise","Turbo","Cold Snap+1","Thunder Strike+1","Chill","Cold Snap+1","Machine Learning+1"],"relics":["Cracked Core","Frozen Egg 2"],"potions_floor_usage":[13,16],"damage_taken":[{"damage":6,"enemies":"Cultist","floor":1,"turns":4},{"damage":0,"enemies":"2 Louse","floor":2,"turns":3},{"damage":10,"enemies":"Small Slimes","floor":3,"turns":4},{"damage":2,"enemies":"3 Louse","floor":7,"turns":3},{"damage":9,"enemies":"Looter","floor":8,"turns":3},{"damage":6,"enemies":"Large Slime","floor":12,"turns":3},{"damage":6,"enemies":"Red Slaver","floor":13,"turns":4},{"damage":40,"enemies":"Hexaghost","floor":16,"turns":9}],"seed_played":"-7701690071427611808","potions_obtained":[{"floor":2,"key":"Weak Potion"},{"floor":12,"key":"FairyPotion"},{"floor":13,"key":"Explosive Potion"}],"is_trial":false,"path_per_floor":["M","M","M","$","?","R","M","M","T","?","R","M","M","?","R","B"],"character_chosen":"DEFECT","items_purchased":["Cold Snap"],"campfire_rested":0,"item_purchase_floors":[4],"current_hp_per_floor":[40,40,30,30,30,30,28,19,19,36,36,30,24,24,24,0],"gold":248,"neow_bonus":"RANDOM_COLORLESS_2","is_prod":false,"is_daily":false,"chose_seed":false,"campfire_upgraded":3,"win_rate":0,"timestamp":1549254360,"path_taken":["M","M","M","?","?","R","M","?","T","?","R","M","M","?","R","BOSS"],"build_version":"2019-01-23","purchased_purges":0,"victory":false,"max_hp_per_floor":[71,71,71,71,71,71,71,71,71,71,71,71,71,71,71,71],"card_choices":[{"not_picked":["Double Energy","Barrage"],"picked":"Coolheaded","floor":1},{"not_picked":["BootSequence","Streamline"],"picked":"White Noise","floor":2},{"not_picked":["Stack","Rebound"],"picked":"Turbo","floor":3},{"not_picked":["Rip and Tear","Beam Cell"],"picked":"Thunder Strike","floor":7},{"not_picked":["Streamline","Coolheaded"],"picked":"Chill","floor":8},{"not_picked":["Conserve Battery","Tempest"],"picked":"Cold Snap","floor":12},{"not_picked":["Hologram","Force Field"],"picked":"Machine Learning+1","floor":13}],"player_experience":2775387,"relics_obtained":[{"floor":9,"key":"Frozen Egg 2"}],"event_choices":[{"damage_healed":0,"gold_gain":50,"player_choice":"Pray","damage_taken":0,"max_hp_gain":0,"max_hp_loss":0,"event_name":"Golden Shrine","floor":5,"gold_loss":0},{"damage_healed":17,"gold_gain":0,"player_choice":"Healed","damage_taken":0,"max_hp_gain":0,"max_hp_loss":0,"event_name":"The Cleric","floor":10,"gold_loss":35},{"damage_healed":0,"gold_gain":0,"player_choice":"Grow","damage_taken":0,"max_hp_gain":0,"max_hp_loss":0,"event_name":"Living Wall","floor":14,"gold_loss":0,"cards_upgraded":["Cold Snap"]}],"is_beta":true,"boss_relics":[],"items_purged_floors":[],"is_endless":false,"potions_floor_spawned":[2,12,13],"killed_by":"Hexaghost","ascension_level":20}