{"gold_per_floor":[114,131,52,52,12,41,57,76,145,162,162,162,162,196,196,298,298,310,321,171,186,186,211,211,211,237,255,12,22,22,22,22,22],"floor_reached":33,"playtime":1960,"items_purged":[],"score":277,"play_id":"72bfb23a-933e-41da-90b3-a29311d8104a","local_time":"20190827144635","is_ascension_mode":false,"campfire_choices":[{"data":"Perfected Strike","floor":11,"key":"SMITH"},{"floor":13,"key":"REST"},{"floor":15,"key":"RECALL"},{"floor":24,"key":"REST"},{"data":"Perfected Strike","floor":30,"key":"SMITH"},{"data":"Dark Embrace","floor":32,"key":"SMITH"}],"neow_cost":"NONE","seed_source_timestamp":323898980120151,"circlet_count":0,"master_deck":["Strike_R","Strike_R","Strike_R","Strike_R","Strike_R","Defend_R","Defend_R","Defend_R","Defend_R","Bash","Forethought","Reckless Charge","Perfected Strike+1","Inflame","Second Wind","Battle Trance","Twin Strike","Wild Strike","Pummel","Dark Embrace+1","Inflame","Perfected Strike+1","Inflame","Shockwave","Pommel Strike+1","Parasite","Warcry","Reaper","Pummel","Shrug It Off","Wild Strike+1"],"relics":["Burning Blood","StoneCalendar","Kunai","Boot","Cursed Key","MutagenicStrength","PreservedInsect","Blood Vial"],"potions_floor_usage":[6,8,10,12,14,16,16,16,19,21,23,23],"damage_taken":[{"damage":6,"enemies":"Cultist","floor":1,"turns":3},{"damage":6,"enemies":"2 Louse","floor":2,"turns":2},{"damage":41,"enemies":"3 Sentries","floor":6,"turns":8},{"damage":8,"enemies":"Small Slimes","floor":7,"turns":3},{"damage":7,"enemies":"Blue Slaver","floor":8,"turns":3},{"damage":4,"enemies":"Gremlin Gang","floor":10,"turns":5},{"damage":0,"enemies":"Lots of Slimes","floor":12,"turns":1},{"damage":21,"enemies":"Lagavulin","floor":14,"turns":5},{"damage":28,"enemies":"The Guardian","floor":16,"turns":8},{"damage":16,"enemies":"Spheric Guardian","floor":18,"turns":4},{"damage":4,"enemies":"3 Byrds","floor":19,"turns":4},{"damage":5,"enemies":"Snecko","floor":21,"turns":3},{"damage":36,"enemies":"Gremlin Leader","floor":23,"turns":5},{"damage":25,"enemies":"Sentry and Sphere","floor":27,"turns":4},{"damage":12,"enemies":"3 Cultists","floor":29,"turns":4},{"damage":69,"enemies":"Automaton","floor":33,"turns":6}],"seed_played":"7195485969543151011","potions_obtained":[{"floor":5,"key":"SpeedPotion"},{"floor":5,"key":"EntropicBrew"},{"floor":5,"key":"SmokeBomb"},{"floor":7,"key":"Fire Potion"},{"floor":8,"key":"FearPotion"},{"floor":10,"key":"SteroidPotion"},{"floor":14,"key":"Explosive Potion"},{"floor":16,"key":"Fire Potion"},{"floor":19,"key":"PowerPotion"},{"floor":21,"key":"Strength Potion"},{"floor":29,"key":"Fire Potion"}],"is_trial":false,"path_per_floor":["M","M","$","?","?","E","M","M","T","M","R","M","R","E","R","B",null,"M","M","$","M","?","E","R","?","T","M","$","M","R","?","R","B"],"character_chosen":"IRONCLAD","items_purchased":["Inflame","Inflame","Shockwave","Reaper","Pummel","Shrug It Off"],"campfire_rested":2,"item_purchase_floors":[3,20,20,28,28,28],"current_hp_per_floor":[80,80,80,80,80,45,43,42,42,44,44,50,74,59,59,57,80,70,72,72,73,73,43,67,67,67,48,48,58,58,58,58,0],"gold":22,"neow_bonus":"RANDOM_COLORLESS","is_prod":false,"is_daily":false,"chose_seed":false,"campfire_upgraded":3,"win_rate":0,"timestamp":1566909995,"path_taken":["M","M","$","?","?","E","M","M","T","M","R","?","R","E","R","BOSS","M","M","$","M","?","E","R","?","T","M","$","M","R","?","R","BOSS"],"build_version":"2019-06-28","purchased_purges":0,"victory":false,"max_hp_per_floor":[80,80,80,80,80,80,80,80,80,80,80,80,80,80,80,80,80,80,80,80,80,80,80,80,80,80,80,80,80,80,80,80,80],"card_choices":[{"not_picked":["Cleave","Clothesline"],"picked":"Reckless Charge","floor":1},{"not_picked":["Metallicize","Havoc"],"picked":"Perfected Strike","floor":2},{"not_picked":["Feed","Ghostly Armor"],"picked":"Second Wind","floor":6},{"not_picked":["Cleave","Sword Boomerang"],"picked":"Battle Trance","floor":7},{"not_picked":["Armaments","Flex"],"picked":"Twin Strike","floor":8},{"not_picked":["Shockwave","Metallicize"],"picked":"Wild Strike","floor":10},{"not_picked":["Body Slam","Uppercut"],"picked":"Pummel","floor":14},{"not_picked":["Double Tap","Bludgeon"],"picked":"Dark Embrace","floor":16},{"not_picked":["Disarm","Twin Strike"],"picked":"Inflame","floor":18},{"not_picked":["Twin Strike","Cleave"],"picked":"Perfected Strike","floor":19},{"not_picked":["Flex","Second Wind"],"picked":"Pommel Strike+1","floor":21},{"not_picked":["Iron Wave","Ghostly Armor","Havoc"],"picked":"SKIP","floor":23},{"not_picked":["Armaments","Anger"],"picked":"Warcry","floor":27},{"not_picked":["Impervious","Havoc"],"picked":"Wild Strike+1","floor":29}],"player_experience":103901,"relics_obtained":[{"floor":6,"key":"StoneCalendar"},{"floor":9,"key":"Kunai"},{"floor":14,"key":"Boot"},{"floor":23,"key":"PreservedInsect"}],"event_choices":[{"damage_healed":0,"gold_gain":0,"player_choice":"Leave","damage_taken":0,"max_hp_gain":0,"max_hp_loss":0,"event_name":"The Cleric","floor":4,"gold_loss":0},{"damage_healed":0,"gold_gain":0,"player_choice":"Bought 3 Potions","damage_taken":0,"max_hp_gain":0,"max_hp_loss":0,"event_name":"The Woman in Blue","floor":5,"gold_loss":0},{"damage_healed":0,"gold_gain":0,"player_choice":"Inject Mutagens","damage_taken":0,"relics_obtained":["MutagenicStrength"],"max_hp_gain":0,"max_hp_loss":0,"event_name":"Drug Dealer","floor":22,"gold_loss":0},{"damage_healed":0,"gold_gain":0,"player_choice":"Ignored","damage_taken":0,"max_hp_gain":0,"max_hp_loss":0,"event_name":"Ghosts","floor":25,"gold_loss":0},{"damage_healed":0,"gold_gain":0,"player_choice":"Gave Potion","damage_taken":0,"relics_obtained":["Blood Vial"],"max_hp_gain":0,"max_hp_loss":0,"event_name":"WeMeetAgain","floor":31,"gold_loss":0}],"is_beta":true,"boss_relics":[{"not_picked":["Orrery","Sozu"],"picked":"Cursed Key"}],"items_purged_floors":[],"is_endless":false,"potions_floor_spawned":[7,8,10,14,16,19,21,29],"killed_by":"Automaton","ascension_level":0}