{"gold_per_floor":[116,116,116,116,128,154,168,168,468,23,40,66,78,95,95,198,198,218,317,317],"floor_reached":20,"playtime":1026,"items_purged":["Strike_R"],"score":280,"play_id":"1db46d2e-99c3-42b0-aaec-73befa52bc53","local_time":"20190820205323","is_ascension_mode":true,"campfire_choices":[{"floor":15,"key":"REST"}],"neow_cost":"NONE","seed_source_timestamp":3600079688759,"circlet_count":0,"master_deck":["Strike_R","Defend_R","Defend_R","Defend_R","Defend_R","Bash","Feed","Wild Strike","Rupture+1","Brutality","Spot Weakness","Pommel Strike","Good Instincts","Sword Boomerang","Flex","Intimidate","Reaper","Armaments"],"relics":["Burning Blood","Darkstone Periapt","Bag of Marbles","Old Coin","Strawberry","Lantern","Empty Cage"],"potions_floor_usage":[6,6,12,18,20],"damage_taken":[{"damage":7,"enemies":"Jaw Worm","floor":1,"turns":3},{"damage":9,"enemies":"2 Louse","floor":5,"turns":3},{"damage":52,"enemies":"Lagavulin","floor":6,"turns":8},{"damage":5,"enemies":"Small Slimes","floor":7,"turns":4},{"damage":23,"enemies":"Exordium Thugs","floor":11,"turns":4},{"damage":23,"enemies":"Gremlin Nob","floor":12,"turns":4},{"damage":14,"enemies":"Large Slime","floor":13,"turns":2},{"damage":2,"enemies":"2 Fungi Beasts","floor":14,"turns":3},{"damage":47,"enemies":"Slime Boss","floor":16,"turns":10},{"damage":28,"enemies":"Chosen","floor":18,"turns":5},{"damage":115,"enemies":"Masked Bandits","floor":20,"turns":5}],"seed_played":"-8016451800806892665","potions_obtained":[{"floor":1,"key":"BloodPotion"},{"floor":5,"key":"Fruit Juice"},{"floor":7,"key":"Strength Potion"},{"floor":12,"key":"FearPotion"},{"floor":13,"key":"FearPotion"}],"is_trial":false,"path_per_floor":["M","?","?","?","M","E","M","?","T","$","M","E","M","M","R","B",null,"M","?","?"],"character_chosen":"IRONCLAD","items_purchased":["Spot Weakness","Pommel Strike","Strawberry","Good Instincts"],"campfire_rested":1,"item_purchase_floors":[10,10,10,10],"current_hp_per_floor":[82,75,80,73,73,59,63,63,63,70,56,42,37,44,80,39,101,82,82,0],"gold":317,"neow_bonus":"ONE_RANDOM_RARE_CARD","is_prod":false,"is_daily":false,"chose_seed":false,"campfire_upgraded":0,"win_rate":0,"timestamp":1566302003,"path_taken":["M","?","?","?","?","E","M","?","T","?","M","E","M","M","R","BOSS","M","?","?"],"build_version":"2019-07-17","purchased_purges":1,"victory":false,"max_hp_per_floor":[83,83,88,88,91,99,102,102,102,109,112,115,118,121,121,121,121,124,124,127],"card_choices":[{"not_picked":["Seeing Red","Anger"],"picked":"Wild Strike","floor":1},{"not_picked":["Flex","Iron Wave"],"picked":"Rupture","floor":5},{"not_picked":["Burning Pact","Combust"],"picked":"Brutality","floor":6},{"not_picked":["Anger","Hemokinesis","Twin Strike"],"picked":"SKIP","floor":7},{"not_picked":["Inflame","Perfected Strike"],"picked":"Sword Boomerang","floor":11},{"not_picked":["Havoc","Feel No Pain"],"picked":"Flex","floor":12},{"not_picked":["Thunderclap","Feel No Pain","Iron Wave"],"picked":"SKIP","floor":13},{"not_picked":["Rampage","Brutality"],"picked":"Intimidate","floor":14},{"not_picked":["Fiend Fire","Offering"],"picked":"Reaper","floor":16},{"not_picked":["Dropkick+1","Carnage"],"picked":"Armaments","floor":18}],"player_experience":201545,"relics_obtained":[{"floor":6,"key":"Bag of Marbles"},{"floor":9,"key":"Old Coin"},{"floor":12,"key":"Lantern"}],"event_choices":[{"cards_removed":["Strike_R"],"damage_healed":0,"gold_gain":0,"player_choice":"Card Removal","damage_taken":7,"max_hp_gain":0,"max_hp_loss":0,"event_name":"Golden Wing","floor":2,"gold_loss":0},{"damage_healed":0,"gold_gain":0,"player_choice":"Donut","damage_taken":0,"max_hp_gain":5,"max_hp_loss":0,"event_name":"Big Fish","floor":3,"gold_loss":0},{"damage_healed":0,"gold_gain":0,"player_choice":"Success","damage_taken":7,"relics_obtained":["Darkstone Periapt"],"max_hp_gain":0,"max_hp_loss":0,"event_name":"Scrap Ooze","floor":4,"gold_loss":0},{"damage_healed":0,"gold_gain":0,"player_choice":"Upgraded","damage_taken":0,"max_hp_gain":0,"max_hp_loss":0,"event_name":"Upgrade Shrine","floor":8,"gold_loss":0,"cards_upgraded":["Rupture"]},{"damage_healed":0,"gold_gain":99,"player_choice":"Stole From Cult","damage_taken":0,"max_hp_gain":0,"max_hp_loss":0,"event_name":"Nest","floor":19,"gold_loss":0},{"damage_healed":0,"gold_gain":0,"player_choice":"Fought Bandits","damage_taken":0,"max_hp_gain":0,"max_hp_loss":0,"event_name":"Masked Bandits","floor":20,"gold_loss":0}],"is_beta":false,"boss_relics":[{"not_picked":["Black Blood","Mark of Pain"],"picked":"Empty Cage"}],"items_purged_floors":[10],"is_endless":false,"potions_floor_spawned":[1,5,7,12,13],"killed_by":"Masked Bandits","ascension_level":5}