{"gold_per_floor":[114,129,144,144,159,159,174,204,204,204,66,96,126,141,141,241,241,256,271,271,286,301,331,331],"floor_reached":24,"playtime":1855,"items_purged":[],"score":240,"play_id":"f674176b-bbaa-4cd1-ad2a-2e460e8b9e73","local_time":"20190811152859","daily_mods":["Heirloom","Uncertain Future","DeadlyEvents"],"is_ascension_mode":false,"campfire_choices":[{"data":"Double Energy","floor":6,"key":"SMITH"},{"floor":10,"key":"REST"},{"floor":15,"key":"REST"}],"neow_cost":"","seed_source_timestamp":12880906344380,"circlet_count":0,"master_deck":["Strike_B","Strike_B","Strike_B","Strike_B","Defend_B","Defend_B","Defend_B","Defend_B","Zap","Dualcast","Beam Cell","Conserve Battery","Double Energy+1","Fusion","Zap","Tempest","Go for the Eyes","Genetic Algorithm","Tempest","Thunder Strike","Conserve Battery","Ball Lightning","Ball Lightning","Conserve Battery","Reboot","Tempest","Compile Driver+1"],"special_seed":18119,"relics":["Cracked Core","Emotion Chip","DataDisk","Dream Catcher","Ancient Tea Set","Darkstone Periapt","Black Star","Gambling Chip","Strawberry"],"potions_floor_usage":[8,12,16,22,22,23],"damage_taken":[{"damage":0,"enemies":"Cultist","floor":1,"turns":4},{"damage":0,"enemies":"Small Slimes","floor":2,"turns":3},{"damage":3,"enemies":"2 Louse","floor":3,"turns":2},{"damage":5,"enemies":"Looter","floor":5,"turns":4},{"damage":1,"enemies":"Exordium Thugs","floor":7,"turns":4},{"damage":40,"enemies":"3 Sentries","floor":8,"turns":8},{"damage":10,"enemies":"Gremlin Nob","floor":12,"turns":4},{"damage":18,"enemies":"3 Sentries","floor":13,"turns":5},{"damage":0,"enemies":"Blue Slaver","floor":14,"turns":2},{"damage":22,"enemies":"Slime Boss","floor":16,"turns":8},{"damage":8,"enemies":"Shell Parasite","floor":18,"turns":6},{"damage":5,"enemies":"Spheric Guardian","floor":19,"turns":3},{"damage":0,"enemies":"Centurion and Healer","floor":21,"turns":5},{"damage":21,"enemies":"Shelled Parasite and Fungi","floor":22,"turns":4},{"damage":33,"enemies":"Gremlin Leader","floor":23,"turns":7},{"damage":21,"enemies":"Cultist and Chosen","floor":24,"turns":4}],"seed_played":"5650711688854660840","potions_obtained":[{"floor":1,"key":"Dexterity Potion"},{"floor":3,"key":"Block Potion"},{"floor":8,"key":"Fire Potion"},{"floor":14,"key":"Dexterity Potion"},{"floor":18,"key":"Weak Potion"},{"floor":21,"key":"SkillPotion"}],"is_trial":false,"path_per_floor":["M","M","M","?","M","R","M","E","T","R","$","E","E","M","R","B",null,"M","M","?","M","M","E","M"],"character_chosen":"DEFECT","items_purchased":["Thunder Strike"],"campfire_rested":2,"item_purchase_floors":[11],"current_hp_per_floor":[75,75,72,72,67,67,66,26,26,48,48,38,20,20,42,20,75,67,62,62,62,41,15,0],"gold":331,"neow_bonus":"","is_prod":false,"is_daily":true,"chose_seed":false,"campfire_upgraded":1,"win_rate":0.0,"timestamp":1565504939,"path_taken":["M","M","M","?","M","R","M","?","T","R","$","?","E","M","R","BOSS","M","M","?","M","M","E","M"],"build_version":"2019-07-17","purchased_purges":0,"victory":false,"max_hp_per_floor":[75,75,75,75,75,75,75,75,75,75,75,75,75,75,75,75,75,75,75,75,75,75,82,82],"card_choices":[{"not_picked":["Hello World","Doom and Gloom"],"picked":"Beam Cell","floor":1},{"not_picked":["Defragment","Blizzard"],"picked":"Conserve Battery","floor":2},{"not_picked":["Hello World","Hologram"],"picked":"Double Energy","floor":3},{"not_picked":["Fusion","Static Discharge"],"picked":"Tempest","floor":5},{"not_picked":["Steam","Ball Lightning"],"picked":"Go for the Eyes","floor":7},{"not_picked":["Static Discharge","Stack"],"picked":"Genetic Algorithm","floor":8},{"not_picked":["Rebound","Reprogram"],"picked":"Tempest","floor":10},{"not_picked":["Core Surge","Coolheaded"],"picked":"Conserve Battery","floor":12},{"not_picked":["Hologram","Go for the Eyes"],"picked":"Ball Lightning","floor":13},{"not_picked":["Leap","Streamline"],"picked":"Ball Lightning","floor":14},{"not_picked":["Darkness","Go for the Eyes"],"picked":"Conserve Battery","floor":15},{"not_picked":["Hyperbeam","Creative AI"],"picked":"Reboot","floor":16},{"not_picked":["Hello World","Compile Driver"],"picked":"Tempest","floor":18},{"not_picked":["Fusion","Gash+1","Ball Lightning"],"picked":"SKIP","floor":19},{"not_picked":["Chill","Rip and Tear","Auto Shields+1"],"picked":"SKIP","floor":21},{"not_picked":["Rebound+1","Barrage"],"picked":"Compile Driver+1","floor":22},{"not_picked":["Undo","Melter","Meteor Strike"],"picked":"SKIP","floor":23}],"player_experience":59689,"relics_obtained":[{"floor":8,"key":"DataDisk"},{"floor":9,"key":"Dream Catcher"},{"floor":12,"key":"Ancient Tea Set"},{"floor":13,"key":"Darkstone Periapt"},{"floor":23,"key":"Gambling Chip"},{"floor":23,"key":"Strawberry"}],"event_choices":[{"damage_healed":0,"gold_gain":0,"player_choice":"2 cards matched","damage_taken":0,"max_hp_gain":0,"max_hp_loss":0,"event_name":"Match and Keep!","floor":4,"gold_loss":0,"cards_obtained":["Fusion","Zap"]},{"damage_healed":0,"gold_gain":0,"player_choice":"Ignored","damage_taken":0,"max_hp_gain":0,"max_hp_loss":0,"event_name":"Vampires","floor":20,"gold_loss":0}],"is_beta":false,"boss_relics":[{"not_picked":["Orrery","White Beast Statue"],"picked":"Black Star"}],"items_purged_floors":[],"is_endless":false,"potions_floor_spawned":[1,3,8,14,18,21],"killed_by":"Cultist and Chosen","ascension_level":0}