{"gold_per_floor":[112,28,39,39,53,80,80,92,171,171,189,264,318,329,329,407,407,390,407,1,51,65,65,98,98,98,129,399,399,413,426,426,426],"floor_reached":33,"playtime":1099,"items_purged":[],"score":517,"play_id":"50cf8c22-413b-4d9c-becd-8646fc5b8a43","local_time":"20190413112321","is_ascension_mode":true,"campfire_choices":[{"data":"Leg Sweep","floor":7,"key":"SMITH"},{"floor":10,"key":"REST"},{"data":"Deadly Poison","floor":15,"key":"SMITH"},{"data":"Adrenaline","floor":23,"key":"SMITH"},{"floor":25,"key":"REST"},{"floor":29,"key":"REST"},{"floor":32,"key":"REST"}],"neow_cost":"NONE","seed_source_timestamp":235120061883111,"circlet_count":0,"master_deck":["AscendersBane","Defend_G+1","Defend_G","Defend_G","Defend_G","Defend_G","Strike_G","Strike_G","Strike_G","Strike_G","Strike_G","Survivor+1","Neutralize","Footwork+1","Leg Sweep+1","Dagger Spray","Escape Plan","Deadly Poison+1","Backstab","Adrenaline+1","Dagger Throw","Unload","PiercingWail+1","After Image","Predator"],"relics":["Ring of the Snake","NeowsBlessing","Turnip","Sundial","War Paint","Philosopher\u0027s Stone","Lee\u0027s Waffle","Bag of Preparation","Mercury Hourglass","Singing Bowl"],"potions_floor_usage":[6,8,11,18,22,24,33],"damage_taken":[{"damage":0,"enemies":"2 Louse","floor":1,"turns":1},{"damage":0,"enemies":"Jaw Worm","floor":3,"turns":1},{"damage":0,"enemies":"Small Slimes","floor":5,"turns":1},{"damage":13,"enemies":"3 Sentries","floor":6,"turns":10},{"damage":12,"enemies":"Exordium Thugs","floor":8,"turns":8},{"damage":7,"enemies":"Gremlin Gang","floor":11,"turns":3},{"damage":0,"enemies":"3 Louse","floor":14,"turns":3},{"damage":33,"enemies":"Slime Boss","floor":16,"turns":15},{"damage":9,"enemies":"2 Thieves","floor":18,"turns":4},{"damage":0,"enemies":"Shell Parasite","floor":19,"turns":7},{"damage":22,"enemies":"Cultist and Chosen","floor":22,"turns":8},{"damage":26,"enemies":"Slavers","floor":24,"turns":6},{"damage":8,"enemies":"Book of Stabbing","floor":27,"turns":7},{"damage":0,"enemies":"Chosen and Byrds","floor":30,"turns":5},{"damage":0,"enemies":"Snake Plant","floor":31,"turns":3},{"damage":60,"enemies":"Collector","floor":33,"turns":9}],"seed_played":"-4628963624989924414","potions_obtained":[{"floor":5,"key":"Swift Potion"},{"floor":6,"key":"EntropicBrew"},{"floor":11,"key":"Energy Potion"},{"floor":16,"key":"PowerPotion"},{"floor":18,"key":"Block Potion"},{"floor":19,"key":"PowerPotion"},{"floor":30,"key":"Block Potion"}],"is_trial":false,"path_per_floor":["M","$","M","?","M","E","R","M","T","R","M","?","T","M","R","B",null,"M","M","$","?","M","R","E","R","T","E","?","R","M","M","R","B"],"character_chosen":"THE_SILENT","items_purchased":["Leg Sweep","Lee\u0027s Waffle","Unload"],"campfire_rested":4,"item_purchase_floors":[2,20,20],"current_hp_per_floor":[59,59,59,59,59,46,46,34,34,53,46,35,35,35,35,2,50,41,41,73,73,51,51,25,46,46,40,12,34,34,36,59,0],"gold":426,"neow_bonus":"THREE_ENEMY_KILL","is_prod":false,"is_daily":false,"chose_seed":false,"campfire_upgraded":3,"win_rate":0,"timestamp":1555169001,"path_taken":["M","$","M","?","M","E","R","M","T","R","M","?","?","M","R","BOSS","M","M","$","?","M","R","E","R","T","E","?","R","M","M","R","BOSS"],"build_version":"2019-01-23","purchased_purges":0,"victory":false,"max_hp_per_floor":[66,66,66,66,66,66,66,66,66,66,66,66,66,66,66,66,66,66,66,73,73,73,73,73,73,73,75,75,75,75,77,77,77],"card_choices":[{"not_picked":["Backflip","Escape Plan"],"picked":"Footwork","floor":1},{"not_picked":["Caltrops","Heel Hook"],"picked":"Dagger Spray","floor":3},{"not_picked":["Bane","Riddle With Holes","Quick Slash"],"picked":"SKIP","floor":5},{"not_picked":["Finisher","Catalyst","Setup"],"picked":"SKIP","floor":6},{"not_picked":["Prepared","Acrobatics"],"picked":"Escape Plan","floor":8},{"not_picked":["Blade Dance","Outmaneuver"],"picked":"Deadly Poison","floor":11},{"not_picked":["Cloak And Dagger","Escape Plan"],"picked":"Backstab","floor":14},{"not_picked":["Phantasmal Killer","Burst"],"picked":"Adrenaline","floor":16},{"not_picked":["Quick Slash","Outmaneuver","Tactician"],"picked":"SKIP","floor":18},{"not_picked":["Quick Slash","Outmaneuver"],"picked":"Dagger Throw","floor":19},{"not_picked":["Cloak And Dagger","Heel Hook"],"picked":"PiercingWail+1","floor":22},{"not_picked":["Dagger Spray","Deadly Poison"],"picked":"After Image","floor":24},{"not_picked":["Bane","Dagger Throw","All Out Attack"],"picked":"Singing Bowl","floor":27},{"not_picked":["Underhanded Strike","Acrobatics"],"picked":"Predator","floor":30},{"not_picked":["Heel Hook","Flechettes","Slice"],"picked":"Singing Bowl","floor":31}],"player_experience":282673,"relics_obtained":[{"floor":6,"key":"Turnip"},{"floor":9,"key":"Sundial"},{"floor":13,"key":"War Paint"},{"floor":24,"key":"Bag of Preparation"},{"floor":26,"key":"Mercury Hourglass"},{"floor":27,"key":"Singing Bowl"}],"event_choices":[{"damage_healed":0,"gold_gain":0,"player_choice":"Grow","damage_taken":0,"max_hp_gain":0,"max_hp_loss":0,"event_name":"Living Wall","floor":4,"gold_loss":0,"cards_upgraded":["Footwork"]},{"damage_healed":0,"gold_gain":75,"player_choice":"Gather Gold","damage_taken":11,"max_hp_gain":0,"max_hp_loss":0,"event_name":"World of Goop","floor":12,"gold_loss":0},{"damage_healed":0,"gold_gain":50,"player_choice":"Stole From Cult","damage_taken":0,"max_hp_gain":0,"max_hp_loss":0,"event_name":"Nest","floor":21,"gold_loss":0},{"damage_healed":0,"gold_gain":270,"player_choice":"GOLD GOLD GOLD ","damage_taken":28,"max_hp_gain":0,"max_hp_loss":0,"event_name":"Knowing Skull","floor":28,"potions_obtained":[],"gold_loss":0,"cards_obtained":[]}],"is_beta":false,"boss_relics":[{"not_picked":["WristBlade","Calling Bell"],"picked":"Philosopher\u0027s Stone"}],"items_purged_floors":[],"is_endless":false,"potions_floor_spawned":[5,6,11,16,18,19,30],"killed_by":"Collector","ascension_level":16}