{"gold_per_floor":[114,114,124,42,62,62,97,97,97,131,131,206,218,236,236,315,315,328,63,75,75,49,49,79,79,103,132,132,132],"floor_reached":29,"playtime":646,"items_purged":["Forethought"],"score":457,"play_id":"67138f64-ca2d-4da4-874a-577b19c72206","local_time":"20190401202455","is_ascension_mode":true,"campfire_choices":[{"data":"Armaments","floor":6,"key":"SMITH"},{"floor":8,"key":"REST"},{"data":"Heavy Blade","floor":11,"key":"SMITH"},{"floor":15,"key":"REST"},{"data":"Feed","floor":23,"key":"SMITH"},{"floor":25,"key":"REST"}],"neow_cost":"PERCENT_DAMAGE","seed_source_timestamp":1650682460345633,"circlet_count":0,"master_deck":["AscendersBane","Strike_R","Strike_R","Strike_R","Strike_R","Strike_R","Defend_R","Defend_R","Defend_R","Defend_R","Bash+1","Panacea","Anger","Thunderclap","Feel No Pain","Armaments+1","Warcry","Heavy Blade+1","Whirlwind","Dual Wield","Feed+1","Disarm","Sword Boomerang","True Grit","Clothesline","Shrug It Off"],"relics":["Burning Blood","Du-Vu Doll","Champion Belt","Red Skull","Sozu","Toolbox","MutagenicStrength","Anchor","Smiling Mask","Gremlin Horn","Letter Opener"],"potions_floor_usage":[7,13,16,29],"damage_taken":[{"damage":0,"enemies":"2 Louse","floor":1,"turns":4},{"damage":7,"enemies":"Jaw Worm","floor":3,"turns":3},{"damage":0,"enemies":"Cultist","floor":5,"turns":3},{"damage":54,"enemies":"Lagavulin","floor":7,"turns":6},{"damage":21,"enemies":"3 Sentries","floor":10,"turns":10},{"damage":0,"enemies":"Exordium Thugs","floor":13,"turns":1},{"damage":10,"enemies":"3 Louse","floor":14,"turns":2},{"damage":28,"enemies":"Slime Boss","floor":16,"turns":4},{"damage":22,"enemies":"Spheric Guardian","floor":18,"turns":5},{"damage":17,"enemies":"2 Thieves","floor":20,"turns":2},{"damage":22,"enemies":"Book of Stabbing","floor":24,"turns":5},{"damage":22,"enemies":"Slavers","floor":27,"turns":5},{"damage":27,"enemies":"Gremlin Leader","floor":29,"turns":4}],"seed_played":"5511466098790190645","potions_obtained":[{"floor":1,"key":"LiquidBronze"},{"floor":7,"key":"Strength Potion"},{"floor":13,"key":"Strength Potion"},{"floor":16,"key":"Energy Potion"}],"is_trial":false,"path_per_floor":["M","?","M","$","M","R","E","R","T","E","R","?","M","M","R","B",null,"M","$","M","?","$","R","E","R","T","E","T","E"],"character_chosen":"IRONCLAD","items_purchased":["Feel No Pain","Armaments","Toolbox","True Grit"],"campfire_rested":3,"item_purchase_floors":[4,4,19,22],"current_hp_per_floor":[56,56,55,55,61,61,13,35,35,20,20,9,15,11,33,11,59,43,43,32,32,32,32,16,38,38,26,26,0],"gold":132,"neow_bonus":"RANDOM_COLORLESS_2","is_prod":false,"is_daily":false,"chose_seed":false,"campfire_upgraded":3,"win_rate":0,"timestamp":1554164695,"path_taken":["M","?","M","$","M","R","E","R","T","E","R","?","M","M","R","BOSS","M","$","M","?","$","R","E","R","T","E","?","E"],"build_version":"2019-01-23","purchased_purges":1,"victory":false,"max_hp_per_floor":[75,75,75,75,75,75,75,75,75,75,75,75,75,75,75,75,75,75,75,75,75,75,75,75,75,75,79,79,79],"card_choices":[{"not_picked":["Flex","Combust"],"picked":"Anger","floor":1},{"not_picked":["Iron Wave","Havoc"],"picked":"Thunderclap","floor":3},{"not_picked":["Headbutt","Reckless Charge"],"picked":"Warcry","floor":5},{"not_picked":["Searing Blow","Cleave","Body Slam"],"picked":"SKIP","floor":7},{"not_picked":["Fiend Fire","Shockwave"],"picked":"Heavy Blade","floor":10},{"not_picked":["Infernal Blade","Iron Wave"],"picked":"Whirlwind","floor":13},{"not_picked":["Clash","Body Slam"],"picked":"Dual Wield","floor":14},{"not_picked":["Immolate","Limit Break"],"picked":"Feed","floor":16},{"not_picked":["Iron Wave+1","Twin Strike+1"],"picked":"Disarm","floor":18},{"not_picked":["Iron Wave","Twin Strike"],"picked":"Sword Boomerang","floor":20},{"not_picked":["Sword Boomerang","Warcry"],"picked":"Clothesline","floor":24},{"not_picked":["Headbutt","Cleave"],"picked":"Shrug It Off","floor":27}],"player_experience":229497,"relics_obtained":[{"floor":7,"key":"Du-Vu Doll"},{"floor":9,"key":"Champion Belt"},{"floor":10,"key":"Red Skull"},{"floor":24,"key":"Anchor"},{"floor":26,"key":"Smiling Mask"},{"floor":27,"key":"Gremlin Horn"},{"floor":28,"key":"Letter Opener"}],"event_choices":[{"damage_healed":0,"gold_gain":0,"player_choice":"Grow","damage_taken":0,"max_hp_gain":0,"max_hp_loss":0,"event_name":"Living Wall","floor":2,"gold_loss":0,"cards_upgraded":["Bash"]},{"damage_healed":0,"gold_gain":75,"player_choice":"Gather Gold","damage_taken":11,"max_hp_gain":0,"max_hp_loss":0,"event_name":"World of Goop","floor":12,"gold_loss":0},{"damage_healed":0,"gold_gain":0,"player_choice":"Inject Mutagens","damage_taken":0,"relics_obtained":["MutagenicStrength"],"max_hp_gain":0,"max_hp_loss":0,"event_name":"Drug Dealer","floor":21,"gold_loss":0}],"is_beta":false,"boss_relics":[{"not_picked":["White Beast Statue","Black Blood"],"picked":"Sozu"}],"items_purged_floors":[19],"is_endless":false,"potions_floor_spawned":[1,7,13,16],"killed_by":"Gremlin Leader","ascension_level":14}