{"gold_per_floor":[115,134,134,149,14,14,39,39,66,91,91,111,111,122,122,226,226,242,3,22,40,57,57,83,183,210,210,221,221,221],"floor_reached":30,"playtime":3206,"items_purged":[],"score":287,"play_id":"fa12c276-6bb8-4c38-9946-1de65fa3c503","local_time":"20190823222803","is_ascension_mode":false,"campfire_choices":[{"data":"Rupture","floor":6,"key":"SMITH"},{"data":"Rampage","floor":8,"key":"SMITH"},{"floor":15,"key":"REST"},{"data":"Rage","floor":23,"key":"SMITH"},{"floor":27,"key":"REST"}],"neow_cost":"NONE","seed_source_timestamp":3432653907261,"circlet_count":0,"master_deck":["Strike_R","Strike_R","Strike_R","Strike_R","Strike_R","Defend_R","Defend_R","Defend_R","Defend_R","Bash","Rampage+1","Fire Breathing+1","Blood for Blood","Shrug It Off","Rupture+1","Warcry","Combust","Whirlwind","Flex","Infernal Blade","Double Tap","Pummel","Entrench+1","Thunderclap+1","Rage+1","Twin Strike+1","Uppercut+1"],"relics":["Burning Blood","Orichalcum","Potion Belt","Lantern","Pear","Mark of Pain","Molten Egg 2","Boot","Happy Flower"],"potions_floor_usage":[12,16,16,24,28,29,29,29],"damage_taken":[{"damage":11,"enemies":"2 Louse","floor":1,"turns":3},{"damage":0,"enemies":"Small Slimes","floor":2,"turns":4},{"damage":6,"enemies":"Cultist","floor":4,"turns":3},{"damage":39,"enemies":"Gremlin Nob","floor":7,"turns":5},{"damage":34,"enemies":"Lagavulin","floor":10,"turns":6},{"damage":0,"enemies":"Looter","floor":12,"turns":3},{"damage":10,"enemies":"3 Louse","floor":14,"turns":2},{"damage":42,"enemies":"The Guardian","floor":16,"turns":9},{"damage":17,"enemies":"Chosen","floor":18,"turns":6},{"damage":3,"enemies":"3 Byrds","floor":20,"turns":4},{"damage":22,"enemies":"Centurion and Healer","floor":21,"turns":6},{"damage":29,"enemies":"Shelled Parasite and Fungi","floor":22,"turns":5},{"damage":39,"enemies":"Slavers","floor":24,"turns":6},{"damage":12,"enemies":"Sentry and Sphere","floor":28,"turns":5},{"damage":34,"enemies":"Cultist and Chosen","floor":29,"turns":8},{"damage":17,"enemies":"Snake Plant","floor":30,"turns":1}],"seed_played":"737854130994772453","potions_obtained":[{"floor":1,"key":"Dexterity Potion"},{"floor":2,"key":"SpeedPotion"},{"floor":12,"key":"Regen Potion"},{"floor":16,"key":"SmokeBomb"},{"floor":20,"key":"Block Potion"},{"floor":21,"key":"SkillPotion"},{"floor":24,"key":"EssenceOfSteel"},{"floor":28,"key":"SkillPotion"}],"is_trial":false,"path_per_floor":["M","M","?","M","$","R","E","R","T","E","?","M","?","M","R","B",null,"M","$","M","M","M","R","E","?","T","R","M","M","M"],"character_chosen":"IRONCLAD","items_purchased":["Shrug It Off","Rupture","Warcry","Molten Egg 2"],"campfire_rested":2,"item_purchase_floors":[5,5,5,19],"current_hp_per_floor":[83,88,88,88,88,88,55,55,55,27,27,33,18,14,43,22,98,87,87,90,74,51,51,18,18,18,47,41,13,0],"gold":221,"neow_bonus":"TEN_PERCENT_HP_BONUS","is_prod":false,"is_daily":false,"chose_seed":false,"campfire_upgraded":3,"win_rate":0.0,"timestamp":1566592083,"path_taken":["M","M","?","M","$","R","E","R","T","E","?","?","?","M","R","BOSS","M","$","M","M","M","R","E","?","T","R","?","M","M"],"build_version":"2019-06-28","purchased_purges":0,"victory":false,"max_hp_per_floor":[88,88,88,88,88,88,88,88,88,88,88,88,98,98,98,98,98,98,98,98,98,98,98,98,98,98,98,98,98,98],"card_choices":[{"not_picked":["Thunderclap","Clothesline"],"picked":"Rampage","floor":1},{"not_picked":["Seeing Red","Warcry"],"picked":"Fire Breathing","floor":2},{"not_picked":["Carnage","Bloodletting"],"picked":"Blood for Blood","floor":4},{"not_picked":["Rampage","Warcry"],"picked":"Combust","floor":7},{"not_picked":["Twin Strike","Infernal Blade"],"picked":"Whirlwind","floor":10},{"not_picked":["Ghostly Armor","Fire Breathing"],"picked":"Flex","floor":12},{"not_picked":["Seeing Red","Perfected Strike"],"picked":"Infernal Blade","floor":14},{"not_picked":["Impervious","Barricade"],"picked":"Double Tap","floor":16},{"not_picked":["Anger","Cleave"],"picked":"Pummel","floor":18},{"not_picked":["Uppercut+1","Shrug It Off"],"picked":"Entrench+1","floor":20},{"not_picked":["Fire Breathing","Metallicize"],"picked":"Thunderclap+1","floor":21},{"not_picked":["True Grit","Headbutt+1"],"picked":"Rage","floor":22},{"not_picked":["Disarm+1","Headbutt+1"],"picked":"Twin Strike+1","floor":24},{"not_picked":["Body Slam+1","Dark Embrace"],"picked":"Uppercut+1","floor":28}],"player_experience":1873,"relics_obtained":[{"floor":7,"key":"Orichalcum"},{"floor":9,"key":"Potion Belt"},{"floor":10,"key":"Lantern"},{"floor":24,"key":"Boot"},{"floor":26,"key":"Happy Flower"}],"event_choices":[{"damage_healed":0,"gold_gain":0,"player_choice":"Grow","damage_taken":0,"max_hp_gain":0,"max_hp_loss":0,"event_name":"Living Wall","floor":3,"gold_loss":0,"cards_upgraded":["Fire Breathing"]},{"damage_healed":0,"gold_gain":0,"player_choice":"Ignored","damage_taken":0,"max_hp_gain":0,"max_hp_loss":0,"event_name":"Transmorgrifier","floor":11,"gold_loss":0},{"damage_healed":0,"gold_gain":0,"player_choice":"Success","damage_taken":25,"relics_obtained":["Pear"],"max_hp_gain":0,"max_hp_loss":0,"event_name":"Scrap Ooze","floor":13,"gold_loss":0},{"damage_healed":0,"gold_gain":100,"player_choice":"Pray","damage_taken":0,"max_hp_gain":0,"max_hp_loss":0,"event_name":"Golden Shrine","floor":25,"gold_loss":0}],"is_beta":true,"boss_relics":[{"not_picked":["Lizard Tail","Calling Bell"],"picked":"Mark of Pain"}],"items_purged_floors":[],"is_endless":false,"potions_floor_spawned":[1,2,12,16,20,21,24,28],"killed_by":"Snake Plant","ascension_level":0}