{"gold_per_floor":[109,129,129,148,166,201,228,403,403,403],"floor_reached":10,"playtime":539,"items_purged":[],"score":68,"play_id":"e25514dd-d171-4c7f-8fc3-7ad2f4c27f4d","local_time":"20190810114245","is_ascension_mode":false,"campfire_choices":[],"neow_cost":"TEN_PERCENT_HP_LOSS","seed_source_timestamp":8027800416925,"circlet_count":0,"master_deck":["Strike_R","Strike_R","Strike_R","Strike_R","Strike_R","Defend_R","Defend_R","Defend_R","Defend_R","Bash","Power Through","Anger","Entrench","Metallicize","Regret","Reckless Charge","Seeing Red","Body Slam","Feed","Shrug It Off","Entrench","Doubt"],"relics":["Burning Blood","Prayer Wheel","Ancient Tea Set","Self Forming Clay","Odd Mushroom","Potion Belt"],"potions_floor_usage":[7,10,10],"damage_taken":[{"damage":12,"enemies":"Small Slimes","floor":1,"turns":4},{"damage":3,"enemies":"Jaw Worm","floor":2,"turns":4},{"damage":14,"enemies":"2 Louse","floor":4,"turns":3},{"damage":7,"enemies":"2 Fungi Beasts","floor":5,"turns":5},{"damage":27,"enemies":"Gremlin Nob","floor":6,"turns":5},{"damage":3,"enemies":"The Mushroom Lair","floor":7,"turns":2},{"damage":55,"enemies":"Lagavulin","floor":10,"turns":9}],"seed_played":"-6205837841214607692","potions_obtained":[{"floor":1,"key":"SneckoOil"},{"floor":5,"key":"Ancient Potion"},{"floor":6,"key":"AttackPotion"},{"floor":7,"key":"EssenceOfSteel"}],"is_trial":false,"path_per_floor":["M","M","?","M","M","E","?","?","T","E"],"character_chosen":"IRONCLAD","items_purchased":[],"campfire_rested":0,"item_purchase_floors":[],"current_hp_per_floor":[66,69,69,61,60,42,45,45,45,0],"gold":403,"neow_bonus":"ONE_RARE_RELIC","is_prod":false,"is_daily":false,"chose_seed":false,"campfire_upgraded":0,"win_rate":0.0,"timestamp":1565404965,"path_taken":["M","M","?","M","M","E","?","?","T","E"],"build_version":"2019-07-17","purchased_purges":0,"victory":false,"max_hp_per_floor":[72,72,72,72,72,75,75,75,75,75],"card_choices":[{"not_picked":["Pommel Strike","Body Slam"],"picked":"Power Through","floor":1},{"not_picked":["Body Slam","Heavy Blade"],"picked":"Anger","floor":1},{"not_picked":["Feel No Pain","Reckless Charge"],"picked":"Entrench","floor":2},{"not_picked":["Sword Boomerang","Thunderclap"],"picked":"Metallicize","floor":2},{"not_picked":["Anger","Armaments"],"picked":"Reckless Charge","floor":4},{"not_picked":["Armaments","Flex"],"picked":"Seeing Red","floor":4},{"not_picked":["Heavy Blade","Iron Wave"],"picked":"Body Slam","floor":5},{"not_picked":["Shrug It Off","Warcry"],"picked":"Feed","floor":5},{"not_picked":["Clothesline","Armaments"],"picked":"Shrug It Off","floor":6},{"not_picked":["Ghostly Armor","Heavy Blade"],"picked":"Entrench","floor":7}],"player_experience":26707,"relics_obtained":[{"floor":6,"key":"Self Forming Clay"},{"floor":7,"key":"Odd Mushroom"},{"floor":9,"key":"Potion Belt"}],"event_choices":[{"damage_healed":0,"gold_gain":0,"player_choice":"Box","damage_taken":0,"relics_obtained":["Ancient Tea Set"],"max_hp_gain":0,"max_hp_loss":0,"event_name":"Big Fish","floor":3,"gold_loss":0,"cards_obtained":["Regret"]},{"damage_healed":0,"gold_gain":0,"player_choice":"Fought Mushrooms","damage_taken":0,"max_hp_gain":0,"max_hp_loss":0,"event_name":"Mushrooms","floor":7,"gold_loss":0},{"damage_healed":0,"gold_gain":175,"player_choice":"AGREE","damage_taken":0,"max_hp_gain":0,"max_hp_loss":0,"event_name":"Liars Game","floor":8,"gold_loss":0,"cards_obtained":["Doubt"]}],"is_beta":false,"boss_relics":[],"items_purged_floors":[],"is_endless":false,"potions_floor_spawned":[1,5,6,7],"killed_by":"Lagavulin","ascension_level":0}