{"gold_per_floor":[117,172,184,203,215,240,240,273,273,293,368,379,391,391,391,465,465,477,490,490,490,510,510,510],"floor_reached":24,"playtime":963,"items_purged":[],"score":410,"play_id":"54985b4e-4a36-4e12-a84c-21e07d2f060d","local_time":"20190530193710","is_ascension_mode":true,"campfire_choices":[{"data":"Darkness","floor":7.0,"key":"SMITH"},{"floor":15.0,"key":"REST"},{"data":"Barrage","floor":23,"key":"SMITH"}],"neow_cost":"TEN_PERCENT_HP_LOSS","seed_source_timestamp":0,"circlet_count":0,"master_deck":["AscendersBane","Strike_B","Strike_B","Defend_B","Defend_B","Defend_B","Defend_B","Zap","Dualcast","Hello World","Rainbow","Darkness+1","Coolheaded","Redo","Barrage+1","Glacier","Coolheaded","Coolheaded","Hologram","Ball Lightning","Conserve Battery"],"special_seed":0,"relics":["Cracked Core","Happy Flower","Bag of Preparation","Bottled Flame","Sundial","Nuclear Battery"],"potions_floor_usage":[22,24,24],"damage_taken":[{"damage":0.0,"enemies":"Cultist","floor":1.0,"turns":4.0},{"damage":7.0,"enemies":"Jaw Worm","floor":3.0,"turns":4.0},{"damage":8.0,"enemies":"Small Slimes","floor":4.0,"turns":4.0},{"damage":2.0,"enemies":"2 Fungi Beasts","floor":5.0,"turns":4.0},{"damage":13.0,"enemies":"3 Sentries","floor":6.0,"turns":6.0},{"damage":3.0,"enemies":"Gremlin Nob","floor":8.0,"turns":3.0},{"damage":11.0,"enemies":"Blue Slaver","floor":10.0,"turns":3.0},{"damage":1.0,"enemies":"Lots of Slimes","floor":12.0,"turns":6.0},{"damage":0.0,"enemies":"Large Slime","floor":13.0,"turns":5.0},{"damage":26.0,"enemies":"The Guardian","floor":16.0,"turns":8.0},{"damage":9,"enemies":"Shell Parasite","floor":18,"turns":8},{"damage":2,"enemies":"3 Byrds","floor":19,"turns":4},{"damage":27,"enemies":"Cultist and Chosen","floor":22,"turns":5},{"damage":48,"enemies":"Book of Stabbing","floor":24,"turns":5}],"seed_played":"9191334329788219883","potions_obtained":[{"floor":1.0,"key":"AttackPotion"},{"floor":5.0,"key":"GamblersBrew"},{"floor":10.0,"key":"FearPotion"},{"floor":16.0,"key":"AttackPotion"},{"floor":22,"key":"Swift Potion"}],"is_trial":false,"path_per_floor":["M","T","M","M","M","E","R","E","T","M","?","M","M","?","R","B",null,"M","M","?","?","M","R","E"],"character_chosen":"DEFECT","items_purchased":[],"campfire_rested":1,"item_purchase_floors":[],"current_hp_per_floor":[64,64,57,49,47,34,34,31,31,20,9,8,8,8,27,1,48,39,37,50,74,47,47,0],"gold":510,"neow_bonus":"TRANSFORM_TWO_CARDS","is_prod":false,"is_daily":false,"chose_seed":false,"campfire_upgraded":2,"win_rate":0,"timestamp":1559259430,"path_taken":["M","?","M","M","M","E","R","E","T","M","?","M","M","?","R","BOSS","M","M","?","?","M","R","E"],"build_version":"2019-01-23","purchased_purges":0,"victory":false,"max_hp_per_floor":[64,64,64,64,64,64,64,64,64,64,64,64,64,64,64,64,64,64,64,64,74,74,74,74],"card_choices":[{"not_picked":["Auto Shields","Rebound"],"picked":"Darkness","floor":1.0},{"not_picked":["Barrage","Go for the Eyes"],"picked":"Coolheaded","floor":3.0},{"not_picked":["Gash","Streamline","BootSequence"],"picked":"SKIP","floor":4.0},{"not_picked":["Beam Cell","Stack"],"picked":"Redo","floor":5.0},{"not_picked":["Leap","BootSequence"],"picked":"Barrage","floor":6.0},{"not_picked":["Gash","Aggregate"],"picked":"Glacier","floor":8.0},{"not_picked":["Aggregate","Stack"],"picked":"Coolheaded","floor":10.0},{"not_picked":["BootSequence","Sweeping Beam"],"picked":"Coolheaded","floor":12.0},{"not_picked":["Double Energy","Darkness"],"picked":"Hologram","floor":13.0},{"not_picked":["Reboot","All For One"],"picked":"Rainbow","floor":16.0},{"not_picked":["Sweeping Beam","Steam"],"picked":"Ball Lightning","floor":18},{"not_picked":["Go for the Eyes","Rebound","Barrage"],"picked":"SKIP","floor":19},{"not_picked":["Lockon+1","Sunder"],"picked":"Conserve Battery","floor":22}],"player_experience":419609,"relics_obtained":[{"floor":2.0,"key":"Happy Flower"},{"floor":6.0,"key":"Bag of Preparation"},{"floor":8.0,"key":"Bottled Flame"},{"floor":9.0,"key":"Sundial"}],"event_choices":[{"damage_healed":0.0,"max_hp_gain":0.0,"max_hp_loss":0.0,"gold_gain":75.0,"event_name":"World of Goop","player_choice":"Gather Gold","floor":11.0,"gold_loss":0.0,"damage_taken":11.0},{"damage_healed":0.0,"max_hp_gain":0.0,"max_hp_loss":0.0,"gold_gain":0.0,"event_name":"Shining Light","player_choice":"Ignored","floor":14.0,"gold_loss":0.0,"damage_taken":0.0},{"damage_healed":13,"gold_gain":0,"player_choice":"Heal","damage_taken":0,"max_hp_gain":0,"max_hp_loss":0,"event_name":"The Library","floor":20,"gold_loss":0},{"cards_removed":["Rainbow"],"damage_healed":14,"gold_gain":0,"player_choice":"Offered Rare","damage_taken":0,"max_hp_gain":10,"max_hp_loss":0,"event_name":"Bonfire Elementals","floor":21,"gold_loss":0}],"is_beta":false,"boss_relics":[{"not_picked":["Lizard Tail","Tiny House"],"picked":"Nuclear Battery"}],"items_purged_floors":[],"is_endless":false,"potions_floor_spawned":[1,5,10,16,22],"killed_by":"Book of Stabbing","ascension_level":19}