{"gold_per_floor":[111,61,61,161,181,207,224,224,251,282,16,16,16,29,29,29],"floor_reached":16,"playtime":411,"items_purged":["Strike_B"],"score":187,"play_id":"4599946f-2566-4715-96a9-bf5f883508be","local_time":"20190301174817","is_ascension_mode":true,"campfire_choices":[{"floor":8,"key":"REST"},{"data":"Genetic Algorithm","floor":13,"key":"SMITH"},{"data":"Machine Learning","floor":15,"key":"SMITH"}],"neow_cost":"NONE","seed_source_timestamp":913160688235110,"circlet_count":0,"master_deck":["AscendersBane","Strike_B","Strike_B","Defend_B","Defend_B+1","Defend_B","Defend_B","Zap","Dualcast","Meteor Strike+1","Ball Lightning","Gash","Hologram","Genetic Algorithm+1","Self Repair","Ball Lightning","Machine Learning+1"],"relics":["Cracked Core","Blood Vial","PreservedInsect","Pear","Centennial Puzzle"],"potions_floor_usage":[10,16],"damage_taken":[{"damage":3,"enemies":"Jaw Worm","floor":1,"turns":4},{"damage":3,"enemies":"2 Louse","floor":5,"turns":2},{"damage":40,"enemies":"Gremlin Nob","floor":6,"turns":5},{"damage":1,"enemies":"Cultist","floor":7,"turns":4},{"damage":12,"enemies":"Lagavulin","floor":10,"turns":5},{"damage":8,"enemies":"3 Louse","floor":14,"turns":3},{"damage":37,"enemies":"Slime Boss","floor":16,"turns":6}],"seed_played":"-3280774612290317346","potions_obtained":[{"floor":7,"key":"Dexterity Potion"},{"floor":10,"key":"GamblersBrew"}],"is_trial":false,"path_per_floor":["M","?","?","?","M","E","M","R","T","E","$","?","R","M","R","B"],"character_chosen":"DEFECT","items_purchased":["Centennial Puzzle","Ball Lightning"],"campfire_rested":1,"item_purchase_floors":[11,11],"current_hp_per_floor":[65,65,70,70,67,27,28,52,52,52,52,34,34,35,35,0],"gold":29,"neow_bonus":"ONE_RANDOM_RARE_CARD","is_prod":false,"is_daily":false,"chose_seed":false,"campfire_upgraded":2,"win_rate":0,"timestamp":1551480497,"path_taken":["M","?","?","?","?","E","M","R","T","E","$","?","R","M","R","BOSS"],"build_version":"2019-01-23","purchased_purges":1,"victory":false,"max_hp_per_floor":[75,75,80,80,80,80,80,80,80,90,90,90,90,90,90,90],"card_choices":[{"not_picked":["Turbo","Fusion"],"picked":"Ball Lightning","floor":1},{"not_picked":["Ball Lightning","Genetic Algorithm"],"picked":"Gash","floor":5},{"not_picked":["Rebound","Streamline"],"picked":"Hologram","floor":6},{"not_picked":["Beam Cell","Doom and Gloom"],"picked":"Genetic Algorithm","floor":7},{"not_picked":["Skim","Auto Shields"],"picked":"Self Repair","floor":10},{"not_picked":["Redo","Recycle"],"picked":"Machine Learning","floor":14}],"player_experience":162065,"relics_obtained":[{"floor":6,"key":"Blood Vial"},{"floor":9,"key":"PreservedInsect"},{"floor":10,"key":"Pear"}],"event_choices":[{"cards_removed":["Strike_B"],"damage_healed":0,"gold_gain":0,"player_choice":"Card Removal","damage_taken":0,"max_hp_gain":0,"max_hp_loss":0,"event_name":"The Cleric","floor":2,"gold_loss":50},{"damage_healed":0,"gold_gain":0,"player_choice":"Donut","damage_taken":0,"max_hp_gain":5,"max_hp_loss":0,"event_name":"Big Fish","floor":3,"gold_loss":0},{"damage_healed":0,"gold_gain":100,"player_choice":"Pray","damage_taken":0,"max_hp_gain":0,"max_hp_loss":0,"event_name":"Golden Shrine","floor":4,"gold_loss":0},{"damage_healed":0,"gold_gain":0,"player_choice":"Entered Light","damage_taken":18,"max_hp_gain":0,"max_hp_loss":0,"event_name":"Shining Light","floor":12,"gold_loss":0,"cards_upgraded":["Defend_B","Meteor Strike"]}],"is_beta":false,"boss_relics":[],"items_purged_floors":[11],"is_endless":false,"potions_floor_spawned":[7,10],"killed_by":"Slime Boss","ascension_level":10}