{"gold_per_floor":[111,122,122,72,4,39,54,83,108,32,51,63,63,80,80,154,154,165,175,200,22,22,22,48,48],"floor_reached":25,"playtime":812,"items_purged":[],"score":422,"play_id":"38a1a3a6-e217-4dcd-8b2e-1f4fcfa44c57","local_time":"20190328212412","is_ascension_mode":true,"campfire_choices":[{"data":"Self Repair","floor":13,"key":"SMITH"},{"data":"Zap","floor":15,"key":"SMITH"},{"data":"Reinforced Body","floor":23,"key":"SMITH"}],"neow_cost":"NONE","seed_source_timestamp":1308431767143167,"circlet_count":0,"master_deck":["AscendersBane","Strike_B","Strike_B","Strike_B","Defend_B+1","Defend_B","Defend_B","Defend_B+1","Zap+1","Dualcast","Cold Snap","Darkness+1","Self Repair+1","Echo Form","Capacitor","Genetic Algorithm","Capacitor","Chill","Seek","Fusion","Force Field","Ball Lightning","Reinforced Body+1","Multi-Cast"],"special_seed":0,"relics":["Cracked Core","NeowsBlessing","Happy Flower","Strawberry","War Paint","Snecko Eye","Bag of Marbles","Lantern","PreservedInsect"],"potions_floor_usage":[11,11,14,16,24,24],"damage_taken":[{"damage":0.0,"enemies":"Small Slimes","floor":1.0,"turns":1.0},{"damage":0.0,"enemies":"Jaw Worm","floor":2.0,"turns":1.0},{"damage":0,"enemies":"3 Sentries","floor":6,"turns":1},{"damage":3,"enemies":"Cultist","floor":7,"turns":4},{"damage":25,"enemies":"Gremlin Nob","floor":8,"turns":5},{"damage":12,"enemies":"Gremlin Gang","floor":11,"turns":5},{"damage":18,"enemies":"Red Slaver","floor":12,"turns":5},{"damage":5,"enemies":"Looter","floor":14,"turns":4},{"damage":38,"enemies":"Slime Boss","floor":16,"turns":9},{"damage":25,"enemies":"Chosen","floor":18,"turns":7},{"damage":0,"enemies":"Spheric Guardian","floor":19,"turns":3},{"damage":71,"enemies":"Slavers","floor":24,"turns":9},{"damage":16,"enemies":"Snake Plant","floor":25,"turns":4}],"seed_played":"6461582260603548258","potions_obtained":[{"floor":7,"key":"SteroidPotion"},{"floor":8,"key":"SteroidPotion"},{"floor":11,"key":"SpeedPotion"},{"floor":12,"key":"Fire Potion"},{"floor":14,"key":"FocusPotion"},{"floor":19,"key":"EssenceOfSteel"}],"is_trial":false,"path_per_floor":["M","M","?","?","$","E","M","E","T","$","M","M","R","M","R","B",null,"M","M","T","$","?","R","E","M"],"character_chosen":"DEFECT","items_purchased":["Self Repair","Genetic Algorithm","Lantern","Ball Lightning"],"campfire_rested":0,"item_purchase_floors":[5,10,21,21],"current_hp_per_floor":[68,68,53,53,53,53,57,46,46,46,41,37,37,42,42,24,68,53,73,73,73,73,73,12,0],"gold":48,"neow_bonus":"THREE_ENEMY_KILL","is_prod":false,"is_daily":false,"chose_seed":false,"campfire_upgraded":3,"win_rate":0,"timestamp":1553822652,"path_taken":["M","M","?","?","?","E","M","E","T","$","?","M","R","M","R","BOSS","M","?","?","$","?","R","E","M"],"build_version":"2019-01-23","purchased_purges":0,"victory":false,"max_hp_per_floor":[75,75,75,75,75,75,75,82,82,82,82,82,82,82,82,82,82,82,82,82,82,82,82,82,82],"card_choices":[{"not_picked":["Sweeping Beam","Tempest"],"picked":"Cold Snap","floor":1.0},{"not_picked":["BootSequence","Heatsinks"],"picked":"Darkness","floor":2},{"not_picked":["Undo","Loop"],"picked":"Echo Form","floor":6},{"not_picked":["Steam","Go for the Eyes","Barrage"],"picked":"SKIP","floor":7},{"not_picked":["Echo Form","Double Energy"],"picked":"Capacitor","floor":8},{"not_picked":["Leap","Rip and Tear"],"picked":"Capacitor","floor":11},{"not_picked":["Barrage","Hello World","Streamline"],"picked":"SKIP","floor":12},{"not_picked":["Chaos","Beam Cell"],"picked":"Chill","floor":14},{"not_picked":["Core Surge","Hyperbeam"],"picked":"Seek","floor":16},{"not_picked":["Gash","Reprogram+1"],"picked":"Fusion","floor":18},{"not_picked":["Darkness","Lockon"],"picked":"Force Field","floor":19},{"not_picked":["Turbo","Hello World"],"picked":"Multi-Cast","floor":24}],"player_experience":220817,"relics_obtained":[{"floor":6,"key":"Happy Flower"},{"floor":8,"key":"Strawberry"},{"floor":9,"key":"War Paint"},{"floor":20,"key":"Bag of Marbles"},{"floor":24,"key":"PreservedInsect"}],"event_choices":[{"damage_healed":0,"gold_gain":0,"player_choice":"Entered Light","damage_taken":15,"max_hp_gain":0,"max_hp_loss":0,"event_name":"Shining Light","floor":3,"gold_loss":0,"cards_upgraded":["Strike_B","Defend_B"]},{"cards_removed":["Strike_B"],"damage_healed":0,"gold_gain":0,"player_choice":"Card Removal","damage_taken":0,"max_hp_gain":0,"max_hp_loss":0,"event_name":"The Cleric","floor":4,"gold_loss":50},{"damage_healed":0,"gold_gain":0,"player_choice":"Read","damage_taken":0,"max_hp_gain":0,"max_hp_loss":0,"event_name":"The Library","floor":22,"gold_loss":0,"cards_obtained":["Reinforced Body"]}],"is_beta":false,"boss_relics":[{"not_picked":["Philosopher\u0027s Stone","Busted Crown"],"picked":"Snecko Eye"}],"items_purged_floors":[],"is_endless":false,"potions_floor_spawned":[7,8,11,12,14,19],"killed_by":"Snake Plant","ascension_level":13}