{"gold_per_floor":[417,417,428,150,150,150,185,185,185,185,216,229,229,259,259,259],"floor_reached":16,"playtime":422,"items_purged":[],"score":226,"play_id":"168e5523-5e2b-4261-a1b1-38de7dae93f8","local_time":"20190528143845","is_ascension_mode":true,"campfire_choices":[{"data":"Coolheaded","floor":6.0,"key":"SMITH"},{"floor":8.0,"key":"REST"},{"data":"Riddle With Holes","floor":13.0,"key":"SMITH"},{"floor":15,"key":"REST"}],"neow_cost":"TEN_PERCENT_HP_LOSS","seed_source_timestamp":1538989646997149,"circlet_count":0,"master_deck":["AscendersBane","Strike_B","Strike_B","Strike_B","Defend_B+1","Defend_B","Defend_B+1","Defend_B","Zap","Dualcast","Coolheaded+1","Streamline","Conserve Battery","Meteor Strike","Riddle With Holes+1","Reinforced Body"],"special_seed":0,"relics":["Cracked Core","Old Coin","PrismaticShard","Du-Vu Doll","Bottled Lightning","Bird Faced Urn","Bag of Preparation"],"potions_floor_usage":[16],"damage_taken":[{"damage":0.0,"enemies":"Small Slimes","floor":1.0,"turns":3.0},{"damage":0.0,"enemies":"Jaw Worm","floor":3.0,"turns":4.0},{"damage":18.0,"enemies":"Lagavulin","floor":7.0,"turns":8.0},{"damage":12.0,"enemies":"3 Sentries","floor":11.0,"turns":7.0},{"damage":0.0,"enemies":"Cultist","floor":12.0,"turns":3.0},{"damage":26,"enemies":"Gremlin Nob","floor":14,"turns":4},{"damage":23,"enemies":"The Guardian","floor":16,"turns":13}],"seed_played":"6015211917902024034","potions_obtained":[{"floor":1.0,"key":"SteroidPotion"},{"floor":14,"key":"SkillPotion"}],"is_trial":false,"path_per_floor":["M","?","M","$","?","R","E","R","T","?","E","M","R","E","R","B"],"character_chosen":"DEFECT","items_purchased":["PrismaticShard","Explosive Potion"],"campfire_rested":2,"item_purchase_floors":[4,4],"current_hp_per_floor":[64,57,57,57,38,38,20,39,39,39,27,27,27,1,20,0],"gold":259,"neow_bonus":"ONE_RARE_RELIC","is_prod":false,"is_daily":false,"chose_seed":false,"campfire_upgraded":2,"win_rate":0,"timestamp":1559068725,"path_taken":["M","?","M","$","?","R","E","R","T","?","E","?","R","E","R","BOSS"],"build_version":"2019-01-23","purchased_purges":0,"victory":false,"max_hp_per_floor":[64,64,64,64,64,64,64,64,64,64,64,64,64,64,64,64],"card_choices":[{"not_picked":["Tempest","Fusion"],"picked":"Coolheaded","floor":1.0},{"not_picked":["Stack","Rebound"],"picked":"Streamline","floor":3.0},{"not_picked":["Slice","Warcry"],"picked":"Conserve Battery","floor":7.0},{"not_picked":["Catalyst","Predator","Thunderclap"],"picked":"SKIP","floor":11.0},{"not_picked":["Dagger Throw","Concentrate"],"picked":"Riddle With Holes","floor":12.0},{"not_picked":["Turbo","Hologram"],"picked":"Reinforced Body","floor":14}],"player_experience":413470,"relics_obtained":[{"floor":7.0,"key":"Du-Vu Doll"},{"floor":9.0,"key":"Bottled Lightning"},{"floor":11.0,"key":"Bird Faced Urn"},{"floor":14,"key":"Bag of Preparation"}],"event_choices":[{"cards_removed":["Strike_B"],"damage_healed":0.0,"max_hp_gain":0.0,"max_hp_loss":0.0,"gold_gain":0.0,"event_name":"Golden Wing","player_choice":"Card Removal","floor":2.0,"gold_loss":0.0,"damage_taken":7.0},{"damage_healed":0.0,"max_hp_gain":0.0,"max_hp_loss":0.0,"gold_gain":0.0,"event_name":"Shining Light","player_choice":"Entered Light","floor":5.0,"gold_loss":0.0,"damage_taken":19.0,"cards_upgraded":["Defend_B","Defend_B"]},{"damage_healed":0.0,"max_hp_gain":0.0,"max_hp_loss":0.0,"gold_gain":0.0,"event_name":"Match and Keep!","player_choice":"1 cards matched","floor":10.0,"gold_loss":0.0,"damage_taken":0.0,"cards_obtained":["Meteor Strike"]}],"is_beta":false,"boss_relics":[],"items_purged_floors":[],"is_endless":false,"potions_floor_spawned":[1,14],"killed_by":"The Guardian","ascension_level":19}