{"gold_per_floor":[113,132,146,157,157,190,190,216,216,216,216,242,261,276,276,374,374,390,410,410,429,457,489,489,499,571,571,590,590,268,468,468,572,622,632,542,442,458,509,542,542,573,573,599,599,599,631,631,631,631,631,631,7,40,40],"floor_reached":56,"playtime":9735,"items_purged":["Strike_G","Strike_G","Pain"],"score":1751,"play_id":"d83d77f9-9f14-49a0-abdf-3ec45da9ba53","local_time":"20190721163727","is_ascension_mode":true,"campfire_choices":[{"data":"Neutralize","floor":7.0,"key":"SMITH"},{"data":"Footwork","floor":11.0,"key":"SMITH"},{"data":"Envenom","floor":15.0,"key":"SMITH"},{"floor":24.0,"key":"REST"},{"data":"After Image","floor":27.0,"key":"SMITH"},{"data":"Cloak And Dagger","floor":29.0,"key":"SMITH"},{"floor":32.0,"key":"REST"},{"data":"A Thousand Cuts","floor":41,"key":"SMITH"},{"data":"Footwork","floor":46,"key":"SMITH"},{"floor":49,"key":"RECALL"},{"data":"Accuracy","floor":52,"key":"SMITH"}],"neow_cost":"NONE","seed_source_timestamp":236027598190229,"circlet_count":0,"master_deck":["Strike_G","Strike_G","Strike_G","Defend_G","Defend_G","Defend_G","Defend_G+1","Defend_G","Survivor","Neutralize+1","Backstab","Footwork+1","Deflect","Slice","Noxious Fumes","Backflip","Envenom+1","Finisher","Accuracy+1","After Image+1","Dagger Spray","Blade Dance","Acrobatics","Acrobatics+1","Cloak And Dagger+1","Burst+1","Endless Agony+1","A Thousand Cuts+1","Footwork+1","PiercingWail+1","Infinite Blades+1","Backflip+1","Dodge and Roll","Injury","Pain","Escape Plan+1","Blur+1","Crippling Poison+1","Impatience+1","Infinite Blades+1"],"special_seed":0,"relics":["WristBlade","Mercury Hourglass","Centennial Puzzle","Paper Crane","FaceOfCleric","Ice Cream","Cursed Key","Red Mask","Dodecahedron","Pantograph","Letter Opener","Tiny House","Bird Faced Urn","Gremlin Horn","Blue Candle","Lantern","Toxic Egg 2","Question Card","WarpedTongs","Happy Flower","Bag of Preparation"],"potions_floor_usage":[38,50,50,54,55],"damage_taken":[{"damage":0.0,"enemies":"2 Louse","floor":1.0,"turns":3.0},{"damage":0.0,"enemies":"Small Slimes","floor":2.0,"turns":3.0},{"damage":0.0,"enemies":"Cultist","floor":3.0,"turns":4.0},{"damage":0.0,"enemies":"2 Fungi Beasts","floor":4.0,"turns":5.0},{"damage":4.0,"enemies":"3 Sentries","floor":6.0,"turns":8.0},{"damage":4.0,"enemies":"Lagavulin","floor":8.0,"turns":8.0},{"damage":3.0,"enemies":"Gremlin Nob","floor":12.0,"turns":4.0},{"damage":0.0,"enemies":"Blue Slaver","floor":13.0,"turns":4.0},{"damage":0.0,"enemies":"Red Slaver","floor":14.0,"turns":3.0},{"damage":19.0,"enemies":"Hexaghost","floor":16.0,"turns":9.0},{"damage":11.0,"enemies":"Spheric Guardian","floor":18.0,"turns":4.0},{"damage":10.0,"enemies":"Chosen","floor":19.0,"turns":7.0},{"damage":6.0,"enemies":"Sentry and Sphere","floor":21.0,"turns":6.0},{"damage":18.0,"enemies":"Masked Bandits","floor":22.0,"turns":4.0},{"damage":6.0,"enemies":"Book of Stabbing","floor":23.0,"turns":7.0},{"damage":5.0,"enemies":"Chosen and Byrds","floor":25.0,"turns":6.0},{"damage":16.0,"enemies":"Snake Plant","floor":28.0,"turns":5.0},{"damage":7.0,"enemies":"Champ","floor":33.0,"turns":9.0},{"damage":0.0,"enemies":"3 Shapes","floor":35.0,"turns":3.0},{"damage":0,"enemies":"3 Darklings","floor":38,"turns":6},{"damage":37,"enemies":"2 Orb Walkers","floor":39,"turns":6},{"damage":2,"enemies":"Nemesis","floor":40,"turns":7},{"damage":6,"enemies":"Reptomancer","floor":42,"turns":5},{"damage":5,"enemies":"Giant Head","floor":44,"turns":8},{"damage":2,"enemies":"Reptomancer","floor":47,"turns":5},{"damage":44,"enemies":"Awakened One","floor":50,"turns":10},{"damage":18,"enemies":"Shield and Spear","floor":54,"turns":7},{"damage":60,"enemies":"The Heart","floor":55,"turns":10}],"seed_played":"1844945487728078344","potions_obtained":[{"floor":3.0,"key":"AttackPotion"},{"floor":6.0,"key":"Ancient Potion"},{"floor":13.0,"key":"Weak Potion"},{"floor":14.0,"key":"Ancient Potion"},{"floor":16.0,"key":"GhostInAJar"},{"floor":21.0,"key":"GamblersBrew"},{"floor":23.0,"key":"LiquidBronze"},{"floor":25.0,"key":"Weak Potion"},{"floor":34.0,"key":"SpeedPotion"},{"floor":39,"key":"Explosive Potion"},{"floor":40,"key":"GhostInAJar"}],"is_trial":false,"path_per_floor":["M","M","M","M","?","E","R","E","T","?","R","E","M","M","R","B",null,"M","M","?","M","?","E","R","M","T","R","M","R","$","?","R","B",null,"M","?","$","M","?","E","R","E","T","E","T","R","E","?","R","B",null,"R","$","E","B",null],"character_chosen":"THE_SILENT","items_purchased":["Letter Opener","Happy Flower","Blur+1","Crippling Poison+1","Impatience+1","Regen Potion","GamblersBrew"],"campfire_rested":2,"item_purchase_floors":[30,53,53,53,53,53,53],"current_hp_per_floor":[63,63,63,63,68,64,64,60,60,60,60,58,59,60,60,42,70,60,51,51,46,29,24,49,45,45,45,30,30,30,30,55,74,89,90,90,90,91,55,70,70,81,81,93,93,93,97,97,97,62,91,91,91,88,65],"gold":40,"neow_bonus":"BOSS_RELIC","is_prod":false,"is_daily":false,"chose_seed":false,"campfire_upgraded":8,"win_rate":0,"timestamp":1563752247,"path_taken":["M","M","M","M","?","E","R","E","T","?","R","E","?","M","R","BOSS","M","M","?","M","?","E","R","M","T","R","M","R","$","?","R","BOSS","M","?","$","?","?","E","R","E","T","E","?","R","E","?","R","BOSS","R","$","E","BOSS"],"build_version":"2019-07-17","purchased_purges":3,"victory":true,"max_hp_per_floor":[70,70,70,70,75,75,75,75,75,75,75,76,77,78,78,79,79,80,81,81,82,83,84,84,85,85,85,86,86,86,86,86,87,92,93,93,93,94,95,96,96,97,97,98,98,98,99,99,99,100,100,100,100,101,102],"card_choices":[{"not_picked":["Underhanded Strike","PiercingWail"],"picked":"Backstab","floor":1.0},{"not_picked":["Cloak And Dagger","Predator"],"picked":"Footwork","floor":2.0},{"not_picked":["Poisoned Stab","Underhanded Strike"],"picked":"Deflect","floor":3.0},{"not_picked":["Dash","Flying Knee"],"picked":"Slice","floor":4.0},{"not_picked":["Bouncing Flask","Crippling Poison"],"picked":"Noxious Fumes","floor":6.0},{"not_picked":["Underhanded Strike","Deflect"],"picked":"Backflip","floor":8.0},{"not_picked":["Dodge and Roll","Dagger Throw"],"picked":"Envenom","floor":12.0},{"not_picked":["Predator","Flechettes"],"picked":"Finisher","floor":13.0},{"not_picked":["Poisoned Stab","Dagger Throw"],"picked":"Accuracy","floor":14.0},{"not_picked":["Tools of the Trade","Phantasmal Killer"],"picked":"After Image","floor":16.0},{"not_picked":["Slice+1","Setup+1"],"picked":"Dagger Spray","floor":18.0},{"not_picked":["Deflect","Storm of Steel"],"picked":"Blade Dance","floor":19.0},{"not_picked":["Outmaneuver+1","Poisoned Stab+1"],"picked":"Acrobatics","floor":21.0},{"not_picked":["Dagger Throw","Underhanded Strike+1"],"picked":"Acrobatics+1","floor":22.0},{"not_picked":["Skewer","Backflip"],"picked":"Cloak And Dagger","floor":23.0},{"not_picked":["Quick Slash","Outmaneuver+1"],"picked":"Burst","floor":25.0},{"not_picked":["Escape Plan","Blade Dance"],"picked":"Endless Agony+1","floor":28.0},{"not_picked":["Die Die Die","Doppelganger"],"picked":"A Thousand Cuts","floor":33.0},{"not_picked":["Outmaneuver","Blur"],"picked":"Footwork","floor":34.0},{"not_picked":["Dagger Spray+1","Acrobatics+1"],"picked":"PiercingWail+1","floor":35.0},{"not_picked":["Eviscerate","Blade Dance+1"],"picked":"Infinite Blades+1","floor":38},{"not_picked":["Outmaneuver","PiercingWail+1"],"picked":"Backflip+1","floor":39},{"not_picked":["Poisoned Stab+1","Endless Agony+1","Infinite Blades+1"],"picked":"SKIP","floor":40},{"not_picked":["Bane","Riddle With Holes"],"picked":"Dodge and Roll","floor":42},{"not_picked":["Doppelganger","Deadly Poison","Dagger Throw+1"],"picked":"SKIP","floor":44},{"not_picked":["Heel Hook+1","Dagger Throw"],"picked":"Escape Plan+1","floor":47},{"not_picked":["Dagger Spray+1","Deadly Poison+1","Backflip+1"],"picked":"Infinite Blades+1","floor":54}],"player_experience":371937,"relics_obtained":[{"floor":6.0,"key":"Mercury Hourglass"},{"floor":8.0,"key":"Centennial Puzzle"},{"floor":9.0,"key":"Paper Crane"},{"floor":12.0,"key":"Ice Cream"},{"floor":22.0,"key":"Red Mask"},{"floor":23.0,"key":"Dodecahedron"},{"floor":26.0,"key":"Pantograph"},{"floor":39,"key":"Bird Faced Urn"},{"floor":40,"key":"Gremlin Horn"},{"floor":42,"key":"Blue Candle"},{"floor":44,"key":"Lantern"},{"floor":45,"key":"Toxic Egg 2"},{"floor":47,"key":"Question Card"},{"floor":54,"key":"Bag of Preparation"}],"event_choices":[{"damage_healed":0.0,"max_hp_gain":5.0,"max_hp_loss":0.0,"gold_gain":0.0,"event_name":"Big Fish","player_choice":"Donut","floor":5.0,"gold_loss":0.0,"damage_taken":0.0},{"damage_healed":0.0,"max_hp_gain":0.0,"max_hp_loss":0.0,"gold_gain":0.0,"event_name":"FaceTrader","player_choice":"Trade","floor":10.0,"gold_loss":0.0,"damage_taken":0.0,"relics_obtained":["FaceOfCleric"]},{"damage_healed":0.0,"max_hp_gain":0.0,"max_hp_loss":0.0,"gold_gain":0.0,"event_name":"The Mausoleum","player_choice":"Ignored","floor":20.0,"gold_loss":0.0,"damage_taken":0.0},{"damage_healed":0.0,"max_hp_gain":0.0,"max_hp_loss":0.0,"gold_gain":0.0,"event_name":"Masked Bandits","player_choice":"Fought Bandits","floor":22.0,"gold_loss":0.0,"damage_taken":0.0},{"damage_healed":0.0,"max_hp_gain":0.0,"max_hp_loss":0.0,"gold_gain":200.0,"event_name":"Wheel of Change","player_choice":"Gold","floor":31.0,"gold_loss":0.0,"damage_taken":0.0},{"cards_removed":["Regret"],"damage_healed":0.0,"max_hp_gain":0.0,"max_hp_loss":0.0,"gold_gain":0.0,"event_name":"Designer","player_choice":"Upgrade and Remove","floor":36.0,"gold_loss":90.0,"damage_taken":0.0,"cards_upgraded":["Burst"]},{"damage_healed":0,"gold_gain":0,"player_choice":"Fight","damage_taken":0,"max_hp_gain":0,"max_hp_loss":0,"event_name":"Mysterious Sphere","floor":39,"gold_loss":0},{"damage_healed":0,"gold_gain":0,"player_choice":"Rummage","damage_taken":0,"relics_obtained":["WarpedTongs"],"max_hp_gain":0,"max_hp_loss":0,"event_name":"Accursed Blacksmith","floor":48,"gold_loss":0,"cards_obtained":["Pain"]}],"is_beta":false,"boss_relics":[{"not_picked":["Ectoplasm","White Beast Statue"],"picked":"Cursed Key"},{"not_picked":["Snecko Eye","Orrery"],"picked":"Tiny House"}],"items_purged_floors":[30,37,53],"is_endless":false,"potions_floor_spawned":[3,6,13,14,16,21,23,25,33,35,39,40],"ascension_level":8}