{"gold_per_floor":[313,313,238,256,275,275,332,349,375,375,388,404,421,441,441,513,513,533,533,553,553,573,573,573],"floor_reached":24,"playtime":2666,"items_purged":[],"score":404,"play_id":"7cabbd80-a835-4ba0-bdc7-16d9b98e7341","local_time":"20180930234355","is_ascension_mode":true,"campfire_choices":[{"data":"Defragment","floor":6.0,"key":"SMITH"},{"data":"Capacitor","floor":10.0,"key":"SMITH"},{"data":"Electrodynamics","floor":15.0,"key":"SMITH"},{"floor":23.0,"key":"REST"}],"neow_cost":"NO_GOLD","seed_source_timestamp":1500014018913367,"circlet_count":0,"master_deck":["Strike_B","Strike_B","Strike_B","Defend_B","Defend_B","Defend_B","Defend_B","Zap","Dualcast","AscendersBane","Defragment+1","Capacitor+1","Coolheaded","Turbo","Electrodynamics+1","Sunder","Cold Snap","Steam","Coolheaded","Creative AI","Steam+1","FTL","Pain","Coolheaded"],"special_seed":0,"relics":["Cracked Core","Old Coin","Tiny Chest","Centennial Puzzle","Inserter","WarpedTongs"],"potions_floor_usage":[],"damage_taken":[{"damage":0.0,"enemies":"Cultist","floor":1.0,"turns":3.0},{"damage":2.0,"enemies":"2 Louse","floor":4.0,"turns":2.0},{"damage":9.0,"enemies":"Small Slimes","floor":5.0,"turns":4.0},{"damage":3.0,"enemies":"Lagavulin","floor":7.0,"turns":9.0},{"damage":14.0,"enemies":"Red Slaver","floor":8.0,"turns":4.0},{"damage":9.0,"enemies":"Lots of Slimes","floor":11.0,"turns":2.0},{"damage":8.0,"enemies":"Large Slime","floor":12.0,"turns":4.0},{"damage":3.0,"enemies":"3 Louse","floor":13.0,"turns":2.0},{"damage":0.0,"enemies":"2 Fungi Beasts","floor":14.0,"turns":3.0},{"damage":2.0,"enemies":"Hexaghost","floor":16.0,"turns":9.0},{"damage":18.0,"enemies":"2 Thieves","floor":18.0,"turns":3.0},{"damage":14.0,"enemies":"Shell Parasite","floor":20.0,"turns":5.0},{"damage":16.0,"enemies":"Chosen and Byrds","floor":22.0,"turns":5.0},{"damage":32,"enemies":"Snake Plant","floor":24,"turns":4}],"seed_played":"3140049187036534656","potions_obtained":[{"floor":1.0,"key":"Fire Potion"},{"floor":2.0,"key":"Strength Potion"},{"floor":4.0,"key":"Weak Potion"},{"floor":14.0,"key":"LiquidBronze"},{"floor":20.0,"key":"Explosive Potion"}],"is_trial":false,"path_per_floor":["M","?","?","M","M","R","E","M","T","R","M","M","M","M","R","B",null,"M","?","M","?","M","R"],"character_chosen":"DEFECT","items_purchased":[],"campfire_rested":1,"item_purchase_floors":[],"current_hp_per_floor":[64,64,64,62,53,53,50,36,36,36,27,19,16,16,16,14,57,39,39,25,25,9,30,0],"gold":573,"neow_bonus":"ONE_RARE_RELIC","is_prod":false,"is_daily":false,"chose_seed":false,"campfire_upgraded":3,"win_rate":0,"timestamp":1538376235,"path_taken":["M","?","?","M","M","R","E","M","T","R","M","?","M","M","R","BOSS","M","?","M","?","M","R","M"],"build_version":"2018-09-27","purchased_purges":0,"victory":false,"max_hp_per_floor":[71,71,71,71,71,71,71,71,71,71,71,71,71,71,71,71,71,71,71,71,71,71,71,71],"card_choices":[{"not_picked":["Double Energy","Turbo"],"picked":"Defragment","floor":1.0},{"not_picked":["Coolheaded","Hologram"],"picked":"Capacitor","floor":4.0},{"not_picked":["Hologram","Leap"],"picked":"Coolheaded","floor":5.0},{"not_picked":["Reprogram","Scrape"],"picked":"Turbo","floor":7.0},{"not_picked":["Doom and Gloom","Turbo"],"picked":"Electrodynamics","floor":8.0},{"not_picked":["Scrape","Blizzard"],"picked":"Sunder","floor":11.0},{"not_picked":["Rebound","Streamline"],"picked":"Cold Snap","floor":12.0},{"not_picked":["Auto Shields","Stack"],"picked":"Steam","floor":13.0},{"not_picked":["Recycle","Leap"],"picked":"Coolheaded","floor":14.0},{"not_picked":["Electrodynamics","Meteor Strike"],"picked":"Creative AI","floor":16.0},{"not_picked":["Leap","Rebound"],"picked":"Steam+1","floor":18.0},{"not_picked":["Fusion","Undo"],"picked":"FTL","floor":20.0},{"not_picked":["Double Energy","Tempest"],"picked":"Coolheaded","floor":22.0}],"player_experience":2435496,"relics_obtained":[{"floor":7.0,"key":"Tiny Chest"},{"floor":9.0,"key":"Centennial Puzzle"}],"event_choices":[{"event_name":"The Lab","player_choice":"Got Potions","floor":2.0,"damage_taken":0.0},{"event_name":"The Cleric","player_choice":"Card Removal","floor":3.0,"damage_taken":0.0},{"event_name":"Vampires","player_choice":"Ignored","floor":19.0,"damage_taken":0.0},{"event_name":"Accursed Blacksmith","player_choice":"Rummage","floor":21.0,"damage_taken":0.0}],"is_beta":true,"boss_relics":[{"not_picked":["Runic Dome","Calling Bell"],"picked":"Inserter"}],"items_purged_floors":[],"is_endless":false,"potions_floor_spawned":[1,4,13,14,20],"killed_by":"Snake Plant","ascension_level":20}