{"gold_per_floor":[117,117,117,131,43,43,57,57,132,132,152,212,212,244,244,315,315,326,8,8,8,21,21,21,21,21,50,50,69,69],"floor_reached":30,"playtime":1850,"items_purged":["Strike_B"],"score":508,"play_id":"396f036b-7416-4d79-8f1a-bc50470b1a85","local_time":"20190117013327","is_ascension_mode":true,"campfire_choices":[{"data":"Capacitor","floor":6.0,"key":"SMITH"},{"data":"Leap","floor":8.0,"key":"SMITH"},{"data":"Ball Lightning","floor":10.0,"key":"SMITH"},{"floor":13.0,"key":"REST"},{"data":"Darkness","floor":15.0,"key":"SMITH"},{"data":"Chaos","floor":23,"key":"SMITH"},{"floor":25,"key":"REST"},{"floor":28,"key":"REST"}],"neow_cost":"NONE","seed_source_timestamp":636547602068768,"circlet_count":0,"master_deck":["AscendersBane","Strike_B","Strike_B+1","Strike_B","Defend_B+1","Defend_B","Defend_B","Defend_B","Zap+1","Dualcast","Ball Lightning+1","BootSequence","Capacitor+1","Leap+1","Darkness+1","Conserve Battery","Cold Snap","Echo Form","Go for the Eyes","Chaos+1","Writhe","Conserve Battery","Steam","Static Discharge+1"],"special_seed":0,"relics":["Cracked Core","Symbiotic Virus","Tiny Chest","Sundial","Inserter","DataDisk","Boot","Lantern","Molten Egg 2","Mummified Hand"],"potions_floor_usage":[22],"damage_taken":[{"damage":5.0,"enemies":"Small Slimes","floor":1.0,"turns":3.0},{"damage":0.0,"enemies":"Jaw Worm","floor":4.0,"turns":3.0},{"damage":0.0,"enemies":"2 Louse","floor":7.0,"turns":2.0},{"damage":9.0,"enemies":"Gremlin Gang","floor":11.0,"turns":6.0},{"damage":10.0,"enemies":"3 Sentries","floor":12.0,"turns":5.0},{"damage":11.0,"enemies":"Gremlin Nob","floor":14.0,"turns":3.0},{"damage":7.0,"enemies":"Slime Boss","floor":16.0,"turns":8.0},{"damage":31.0,"enemies":"Spheric Guardian","floor":18.0,"turns":6.0},{"damage":3,"enemies":"Chosen","floor":22,"turns":5},{"damage":24,"enemies":"Gremlin Leader","floor":27,"turns":7},{"damage":13,"enemies":"Snake Plant","floor":29,"turns":5},{"damage":24,"enemies":"Snecko","floor":30,"turns":3}],"seed_played":"4332372372688426649","potions_obtained":[{"floor":1.0,"key":"FearPotion"},{"floor":7.0,"key":"Weak Potion"},{"floor":14.0,"key":"SteroidPotion"},{"floor":27,"key":"FearPotion"},{"floor":29,"key":"FocusPotion"}],"is_trial":false,"path_per_floor":["M","?","?","M","$","R","M","R","T","R","M","E","R","E","R","B",null,"M","$","?","?","M","R","T","R","T","E","R","M","M"],"character_chosen":"DEFECT","items_purchased":["Capacitor","DataDisk","Chaos"],"campfire_rested":3,"item_purchase_floors":[5,19,19],"current_hp_per_floor":[59,64,41,41,41,41,41,41,41,41,32,22,44,33,33,26,64,33,33,33,11,8,8,8,32,32,8,32,19,0],"gold":69,"neow_bonus":"UPGRADE_CARD","is_prod":false,"is_daily":false,"chose_seed":false,"campfire_upgraded":5,"win_rate":0,"timestamp":1547717607,"path_taken":["M","?","?","M","?","R","M","R","T","R","M","E","R","E","R","BOSS","M","$","?","?","M","R","?","R","T","E","R","M","M"],"build_version":"2019-01-16","purchased_purges":1,"victory":false,"max_hp_per_floor":[71,76,76,76,76,76,76,76,76,76,76,76,76,76,76,76,76,76,76,76,81,81,81,81,81,81,81,81,81,81],"card_choices":[{"not_picked":["Stack","Storm"],"picked":"Ball Lightning","floor":1.0},{"not_picked":["Darkness","Blizzard"],"picked":"BootSequence","floor":4.0},{"not_picked":["Undo","Sunder"],"picked":"Leap","floor":7.0},{"not_picked":["Ball Lightning","Sunder"],"picked":"Darkness","floor":11.0},{"not_picked":["Tempest","BootSequence"],"picked":"Conserve Battery","floor":12.0},{"not_picked":["Auto Shields","Chaos"],"picked":"Cold Snap","floor":14.0},{"not_picked":["Creative AI","Fission"],"picked":"Echo Form","floor":16.0},{"not_picked":["Turbo","Capacitor+1"],"picked":"Go for the Eyes","floor":18.0},{"not_picked":["Lockon","Compile Driver"],"picked":"Conserve Battery","floor":22},{"not_picked":["Aggregate","Double Energy"],"picked":"Steam","floor":27},{"not_picked":["Sweeping Beam+1","Beam Cell+1"],"picked":"Static Discharge+1","floor":29}],"player_experience":2760751,"relics_obtained":[{"floor":9.0,"key":"Symbiotic Virus"},{"floor":12.0,"key":"Tiny Chest"},{"floor":14.0,"key":"Sundial"},{"floor":24,"key":"Lantern"},{"floor":26,"key":"Molten Egg 2"},{"floor":27,"key":"Mummified Hand"}],"event_choices":[{"damage_healed":0.0,"max_hp_gain":5.0,"max_hp_loss":0.0,"gold_gain":0.0,"event_name":"Big Fish","player_choice":"Donut","floor":2.0,"gold_loss":0.0,"damage_taken":0.0},{"damage_healed":0.0,"max_hp_gain":0.0,"max_hp_loss":0.0,"gold_gain":0.0,"event_name":"Shining Light","player_choice":"Entered Light","floor":3.0,"gold_loss":0.0,"damage_taken":23.0,"cards_upgraded":["Strike_B","Defend_B"]},{"damage_healed":0.0,"max_hp_gain":0.0,"max_hp_loss":0.0,"gold_gain":0.0,"event_name":"The Mausoleum","player_choice":"Opened","floor":20.0,"gold_loss":0.0,"damage_taken":0.0,"relics_obtained":["Boot"],"cards_obtained":["Writhe"]},{"damage_healed":0.0,"max_hp_gain":5.0,"max_hp_loss":0.0,"gold_gain":0.0,"event_name":"Forgotten Altar","player_choice":"Shed Blood","floor":21.0,"gold_loss":0.0,"damage_taken":27.0}],"is_beta":true,"boss_relics":[{"not_picked":["Astrolabe","Velvet Choker"],"picked":"Inserter"}],"items_purged_floors":[19],"is_endless":false,"potions_floor_spawned":[1,7,14,27,29],"killed_by":"Snecko","ascension_level":20}