{"gold_per_floor":[109,120,120,138,152,152,252,252,252,252,271,298,298,315,315,419,419,433,114,114,114,129,129,142,152,152,167,167,184,3,16,16,121,121,139,153,28,28,39,39,54,54,104,104,116,44,74,93,93,93],"floor_reached":51,"playtime":3288,"items_purged":["Strike_R","Doubt","Strike_R"],"score":1095,"play_id":"0c168af0-e1d4-4adc-a1a6-64e3c1ef9478","local_time":"20190903021023","is_ascension_mode":true,"campfire_choices":[{"data":"Armaments","floor":6.0,"key":"SMITH"},{"data":"Bash","floor":8.0,"key":"SMITH"},{"data":"Shockwave","floor":10.0,"key":"SMITH"},{"floor":15.0,"key":"REST"},{"data":"Limit Break","floor":23.0,"key":"SMITH"},{"floor":28.0,"key":"REST"},{"data":"Shrug It Off","floor":32.0,"key":"SMITH"},{"floor":40.0,"key":"REST"},{"data":"Shrug It Off","floor":44.0,"key":"SMITH"},{"floor":49.0,"key":"REST"}],"neow_cost":"NONE","seed_source_timestamp":35195568642494,"circlet_count":0,"master_deck":["AscendersBane","Defend_R+1","Defend_R","Bash+1","Demon Form+1","Battle Trance","Iron Wave","Armaments+1","Shockwave+1","Shrug It Off+1","Feed","Limit Break+1","Metallicize+1","Enlightenment","Dropkick","Cleave","Shrug It Off+1","Entrench+1","Metallicize+1","Barricade+1","Sword Boomerang+1","Pain","Metallicize+1"],"special_seed":0,"relics":["Burning Blood","Frozen Egg 2","Bottled Lightning","Cursed Key","Paper Frog","Empty Cage","Dream Catcher","Ornamental Fan"],"potions_floor_usage":[],"damage_taken":[{"damage":8.0,"enemies":"Jaw Worm","floor":1.0,"turns":5.0},{"damage":7.0,"enemies":"2 Louse","floor":2.0,"turns":4.0},{"damage":1.0,"enemies":"Cultist","floor":4.0,"turns":3.0},{"damage":1.0,"enemies":"Looter","floor":5.0,"turns":4.0},{"damage":21.0,"enemies":"Exordium Wildlife","floor":11.0,"turns":3.0},{"damage":20.0,"enemies":"Lagavulin","floor":12.0,"turns":5.0},{"damage":4.0,"enemies":"2 Fungi Beasts","floor":14.0,"turns":4.0},{"damage":18.0,"enemies":"Slime Boss","floor":16.0,"turns":10.0},{"damage":4.0,"enemies":"Chosen","floor":18.0,"turns":6.0},{"damage":6.0,"enemies":"3 Byrds","floor":22.0,"turns":6.0},{"damage":25.0,"enemies":"Snake Plant","floor":24.0,"turns":6.0},{"damage":75.0,"enemies":"Cultist and Chosen","floor":25.0,"turns":9.0},{"damage":5.0,"enemies":"Shelled Parasite and Fungi","floor":27.0,"turns":8.0},{"damage":0.0,"enemies":"Centurion and Healer","floor":29.0,"turns":6.0},{"damage":21.0,"enemies":"Cultist and Chosen","floor":31.0,"turns":7.0},{"damage":50.0,"enemies":"Automaton","floor":33.0,"turns":9.0},{"damage":53.0,"enemies":"3 Darklings","floor":35.0,"turns":6.0},{"damage":8.0,"enemies":"Orb Walker","floor":36.0,"turns":6.0},{"damage":0.0,"enemies":"Spire Growth","floor":39.0,"turns":2.0},{"damage":0.0,"enemies":"Maw","floor":41.0,"turns":9.0},{"damage":49.0,"enemies":"Sphere and 2 Shapes","floor":45.0,"turns":7.0},{"damage":45.0,"enemies":"Reptomancer","floor":47.0,"turns":6.0},{"damage":16.0,"enemies":"4 Shapes","floor":48.0,"turns":24.0},{"damage":179,"enemies":"Donu and Deca","floor":50,"turns":15}],"seed_played":"-5034728679411859906","potions_obtained":[{"floor":4.0,"key":"Poison Potion"},{"floor":12.0,"key":"Energy Potion"},{"floor":16.0,"key":"BloodPotion"},{"floor":18.0,"key":"LiquidBronze"},{"floor":27.0,"key":"AttackPotion"},{"floor":31.0,"key":"SpeedPotion"},{"floor":41.0,"key":"Energy Potion"},{"floor":45.0,"key":"BloodPotion"}],"is_trial":false,"path_per_floor":["M","M","?","M","M","R","?","R","T","R","M","E","?","M","R","B",null,"M","$","?","?","M","R","M","M","T","M","R","M","$","M","R","B",null,"M","M","$","?","M","R","M","?","T","R","M","$","E","M","R","B",null],"character_chosen":"IRONCLAD","items_purchased":["Limit Break","Metallicize+1","Enlightenment","Metallicize+1","Metallicize+1"],"campfire_rested":4,"item_purchase_floors":[19,19,19,30,46],"current_hp_per_floor":[70,69,53,58,63,63,63,63,63,63,48,34,27,29,53,41,70,76,76,76,84,87,87,68,24,24,29,57,66,66,51,51,7,75,28,26,26,26,32,61,71,71,71,71,31,31,18,12,44,100],"gold":93,"neow_bonus":"ONE_RANDOM_RARE_CARD","is_prod":false,"is_daily":false,"chose_seed":false,"campfire_upgraded":6,"win_rate":0,"timestamp":1567469423,"path_taken":["M","M","?","M","M","R","?","R","T","R","?","E","?","M","R","BOSS","M","$","?","?","M","R","M","M","T","?","R","M","$","M","R","BOSS","M","M","$","?","M","R","M","?","T","R","M","$","E","M","R","BOSS"],"build_version":"2019-07-17","purchased_purges":3,"victory":true,"max_hp_per_floor":[80,80,80,80,80,80,80,80,80,80,80,80,80,80,80,80,80,84,84,84,84,87,87,87,90,90,94,94,97,97,97,97,97,97,97,97,97,97,97,97,101,101,101,101,104,104,104,108,108,112],"card_choices":[{"not_picked":["Sword Boomerang","Havoc"],"picked":"Battle Trance","floor":1.0},{"not_picked":["Flex","Sword Boomerang"],"picked":"Iron Wave","floor":2.0},{"not_picked":["Bloodletting","True Grit"],"picked":"Armaments","floor":4.0},{"not_picked":["Heavy Blade","Anger"],"picked":"Shockwave","floor":5.0},{"not_picked":["True Grit","Second Wind","Hemokinesis"],"picked":"SKIP","floor":11.0},{"not_picked":["Headbutt","Wild Strike","True Grit"],"picked":"SKIP","floor":12.0},{"not_picked":["Iron Wave","Wild Strike"],"picked":"Shrug It Off","floor":14.0},{"not_picked":["Demon Form+1","Reaper"],"picked":"Feed","floor":16.0},{"not_picked":["Pommel Strike","Headbutt","Combust+1"],"picked":"SKIP","floor":18.0},{"not_picked":["Twin Strike","Sever Soul+1","Disarm"],"picked":"SKIP","floor":22.0},{"not_picked":["Heavy Blade","Armaments"],"picked":"Shrug It Off","floor":24.0},{"not_picked":["Iron Wave+1","Dual Wield","Rage"],"picked":"SKIP","floor":25.0},{"not_picked":["Pommel Strike+1","Anger+1","Heavy Blade+1"],"picked":"SKIP","floor":27.0},{"not_picked":["Flex","True Grit"],"picked":"Entrench+1","floor":29.0},{"not_picked":["Clothesline","Armaments","Sentinel"],"picked":"SKIP","floor":31.0},{"not_picked":["Juggernaut+1","Double Tap"],"picked":"Barricade+1","floor":33.0},{"not_picked":["Anger","Whirlwind+1","Sword Boomerang+1"],"picked":"SKIP","floor":35.0},{"not_picked":["Sever Soul","Pummel"],"picked":"Sword Boomerang+1","floor":36.0},{"not_picked":["Flex","Armaments","Iron Wave+1"],"picked":"SKIP","floor":39.0},{"not_picked":["Havoc+1","Clash+1","Heavy Blade"],"picked":"SKIP","floor":41.0},{"not_picked":["Twin Strike","True Grit+1","Uppercut"],"picked":"SKIP","floor":45.0},{"not_picked":["Twin Strike+1","Anger+1","Bludgeon"],"picked":"SKIP","floor":47.0},{"not_picked":["Battle Trance","Cleave+1","Burning Pact"],"picked":"SKIP","floor":48.0}],"player_experience":196943,"relics_obtained":[{"floor":9.0,"key":"Frozen Egg 2"},{"floor":12.0,"key":"Bottled Lightning"},{"floor":26.0,"key":"Paper Frog"},{"floor":43.0,"key":"Dream Catcher"},{"floor":47.0,"key":"Ornamental Fan"}],"event_choices":[{"damage_healed":0.0,"max_hp_gain":0.0,"max_hp_loss":0.0,"gold_gain":0.0,"event_name":"Shining Light","player_choice":"Entered Light","floor":3.0,"gold_loss":0.0,"damage_taken":16.0,"cards_upgraded":["Demon Form","Defend_R"]},{"damage_healed":0.0,"max_hp_gain":0.0,"max_hp_loss":0.0,"gold_gain":100.0,"event_name":"Golden Shrine","player_choice":"Pray","floor":7.0,"gold_loss":0.0,"damage_taken":0.0},{"cards_removed":["Strike_R"],"damage_healed":0.0,"max_hp_gain":0.0,"max_hp_loss":0.0,"gold_gain":0.0,"event_name":"Golden Wing","player_choice":"Card Removal","floor":13.0,"gold_loss":0.0,"damage_taken":7.0},{"damage_healed":0.0,"max_hp_gain":0.0,"max_hp_loss":0.0,"gold_gain":0.0,"cards_transformed":["Defend_R","Strike_R"],"event_name":"Drug Dealer","player_choice":"Became Test Subject","floor":20.0,"gold_loss":0.0,"damage_taken":0.0,"cards_obtained":["Dropkick","Cleave"]},{"damage_healed":8.0,"max_hp_gain":0.0,"max_hp_loss":0.0,"gold_gain":0.0,"event_name":"Wheel of Change","player_choice":"Full Heal","floor":21.0,"gold_loss":0.0,"damage_taken":0.0},{"damage_healed":0.0,"max_hp_gain":0.0,"max_hp_loss":0.0,"gold_gain":0.0,"event_name":"Mysterious Sphere","player_choice":"Ignored","floor":38.0,"gold_loss":0.0,"damage_taken":0.0},{"damage_healed":0.0,"max_hp_gain":0.0,"max_hp_loss":0.0,"gold_gain":0.0,"event_name":"Tomb of Lord Red Mask","player_choice":"Ignored","floor":42.0,"gold_loss":0.0,"damage_taken":0.0}],"is_beta":false,"boss_relics":[{"not_picked":["Snecko Eye","Runic Dome"],"picked":"Cursed Key"},{"not_picked":["White Beast Statue","Pandora\u0027s Box"],"picked":"Empty Cage"}],"items_purged_floors":[19,30,37],"is_endless":false,"potions_floor_spawned":[4,12,16,18,27,31,41,45],"ascension_level":11}