{"gold_per_floor":[109,124,135,150,250,282,282,299,350,350,381,397,397,408,408,408],"floor_reached":16,"playtime":1252,"items_purged":[],"score":125,"play_id":"4b80ad00-7f4a-4d55-b47d-4bb9f395b808","local_time":"20190814000307","is_ascension_mode":true,"campfire_choices":[{"floor":7,"key":"REST"},{"data":"Dash","floor":13,"key":"SMITH"},{"data":"Endless Agony","floor":15,"key":"SMITH"}],"neow_cost":"PERCENT_DAMAGE","seed_source_timestamp":30543878005882,"circlet_count":0,"master_deck":["Strike_G","Strike_G+1","Defend_G","Defend_G","Defend_G","Defend_G","Defend_G","Survivor","Neutralize+1","PiercingWail","Blade Dance","Dash+1","Dodge and Roll","Sucker Punch","Catalyst","Escape Plan","Blur","Endless Agony+1"],"relics":["Ring of the Snake","Whetstone","Lantern"],"potions_floor_usage":[6,6,11,16,16],"damage_taken":[{"damage":4,"enemies":"Cultist","floor":1,"turns":5},{"damage":4,"enemies":"Small Slimes","floor":2,"turns":5},{"damage":0,"enemies":"Jaw Worm","floor":3,"turns":5},{"damage":10,"enemies":"Lots of Slimes","floor":4,"turns":9},{"damage":1,"enemies":"Lagavulin","floor":6,"turns":11},{"damage":4,"enemies":"Large Slime","floor":8,"turns":10},{"damage":5,"enemies":"3 Sentries","floor":11,"turns":12},{"damage":0,"enemies":"Looter","floor":12,"turns":4},{"damage":0,"enemies":"2 Fungi Beasts","floor":14,"turns":4},{"damage":37,"enemies":"Slime Boss","floor":16,"turns":12}],"seed_played":"2924187545739926500","potions_obtained":[{"floor":1,"key":"PowerPotion"},{"floor":4,"key":"EssenceOfSteel"},{"floor":6,"key":"SteroidPotion"},{"floor":12,"key":"Weak Potion"},{"floor":14,"key":"GamblersBrew"}],"is_trial":false,"path_per_floor":["M","M","M","M","?","E","R","M","T","?","E","M","R","M","R","B"],"character_chosen":"THE_SILENT","items_purchased":[],"campfire_rested":1,"item_purchase_floors":[],"current_hp_per_floor":[45,41,41,31,31,30,51,47,47,47,42,42,42,42,42,5],"gold":408,"neow_bonus":"REMOVE_TWO","is_prod":false,"is_daily":false,"chose_seed":false,"campfire_upgraded":2,"win_rate":0,"timestamp":1565708587,"path_taken":["M","M","?","?","?","E","R","?","T","?","E","?","R","M","R","BOSS"],"build_version":"2019-07-17","purchased_purges":0,"victory":false,"max_hp_per_floor":[70,70,70,70,70,70,70,70,70,70,70,70,70,70,70,70],"card_choices":[{"not_picked":["Calculated Gamble","Bane"],"picked":"PiercingWail","floor":1},{"not_picked":["Backflip","Distraction"],"picked":"Blade Dance","floor":2},{"not_picked":["Outmaneuver","Finisher"],"picked":"Dash","floor":3},{"not_picked":["Flying Knee","Prepared"],"picked":"Dodge and Roll","floor":4},{"not_picked":["Acrobatics","Corpse Explosion"],"picked":"Sucker Punch","floor":6},{"not_picked":["Quick Slash","Dodge and Roll"],"picked":"Catalyst","floor":8},{"not_picked":["Dagger Spray","Distraction"],"picked":"Escape Plan","floor":11},{"not_picked":["Prepared","Acrobatics"],"picked":"Blur","floor":12},{"not_picked":["Bane","PiercingWail"],"picked":"Endless Agony","floor":14}],"player_experience":104540,"relics_obtained":[{"floor":6,"key":"Whetstone"},{"floor":9,"key":"Lantern"}],"event_choices":[{"damage_healed":0,"gold_gain":100,"player_choice":"Pray","damage_taken":0,"max_hp_gain":0,"max_hp_loss":0,"event_name":"Golden Shrine","floor":5,"gold_loss":0},{"cards_removed":["Strike_G"],"damage_healed":0,"gold_gain":0,"player_choice":"Offered Basic","damage_taken":0,"max_hp_gain":0,"max_hp_loss":0,"event_name":"Bonfire Elementals","floor":10,"gold_loss":0}],"is_beta":false,"boss_relics":[],"items_purged_floors":[],"is_endless":false,"potions_floor_spawned":[1,4,6,12,14],"killed_by":"Slime Boss","ascension_level":2}