{"gold_per_floor":[118,131,145,145,161,161,211,242,266,300,300,318,318,329,329,403,403,423,423,439,455,21,21,36,36,36,36],"floor_reached":27,"playtime":927,"items_purged":["Strike_B"],"score":523,"play_id":"b49cfd97-6125-4635-b6fa-2862c1374523","local_time":"20190508221002","is_ascension_mode":true,"campfire_choices":[{"floor":6,"key":"REST"},{"floor":11,"key":"REST"},{"data":"Biased Cognition","floor":13,"key":"SMITH"},{"data":"Coolheaded","floor":15,"key":"SMITH"},{"floor":23,"key":"REST"},{"data":"White Noise","floor":25,"key":"SMITH"}],"neow_cost":"NONE","seed_source_timestamp":2434304962140477,"circlet_count":0,"master_deck":["AscendersBane","Strike_B","Strike_B","Strike_B","Defend_B","Defend_B","Defend_B","Defend_B","Zap","Dualcast","Coolheaded+1","Streamline","Ball Lightning","Glacier","Biased Cognition+1","Self Repair","Multi-Cast","Heatsinks","Genetic Algorithm","Reinforced Body+1","White Noise+1","Self Repair","Amplify","Decay"],"relics":["Cracked Core","NeowsBlessing","Ancient Tea Set","Art of War","Bag of Preparation","Regal Pillow","Cursed Key","Membership Card","Bronze Scales","Juzu Bracelet"],"potions_floor_usage":[10,16,27,27],"damage_taken":[{"damage":0,"enemies":"Cultist","floor":1,"turns":1},{"damage":0,"enemies":"2 Louse","floor":2,"turns":1},{"damage":0,"enemies":"Jaw Worm","floor":3,"turns":1},{"damage":13,"enemies":"Gremlin Gang","floor":5,"turns":5},{"damage":29,"enemies":"Lagavulin","floor":8,"turns":6},{"damage":9,"enemies":"Gremlin Nob","floor":10,"turns":4},{"damage":6,"enemies":"Exordium Thugs","floor":12,"turns":4},{"damage":0,"enemies":"3 Louse","floor":14,"turns":1},{"damage":3,"enemies":"The Guardian","floor":16,"turns":12},{"damage":10,"enemies":"Shell Parasite","floor":18,"turns":7},{"damage":19,"enemies":"3 Byrds","floor":20,"turns":3},{"damage":28,"enemies":"Shelled Parasite and Fungi","floor":21,"turns":9},{"damage":13,"enemies":"Centurion and Healer","floor":24,"turns":8},{"damage":65,"enemies":"Gremlin Leader","floor":27,"turns":8}],"seed_played":"2646099158001587985","potions_obtained":[{"floor":3,"key":"Weak Potion"},{"floor":5,"key":"Energy Potion"},{"floor":12,"key":"GamblersBrew"},{"floor":18,"key":"Strength Potion"},{"floor":20,"key":"Fire Potion"}],"is_trial":false,"path_per_floor":["M","M","M","?","M","R","?","E","T","E","R","M","R","M","R","B",null,"M","?","M","M","$","R","M","R","T","E"],"character_chosen":"DEFECT","items_purchased":["Membership Card","Bronze Scales","Self Repair","Amplify"],"campfire_rested":3,"item_purchase_floors":[22,22,22,22],"current_hp_per_floor":[64,64,64,38,25,46,46,17,17,8,44,38,38,38,38,42,64,61,61,49,28,28,64,65,65,65,0],"gold":36,"neow_bonus":"THREE_ENEMY_KILL","is_prod":false,"is_daily":false,"chose_seed":false,"campfire_upgraded":3,"win_rate":0,"timestamp":1557367802,"path_taken":["M","M","?","?","M","R","?","E","T","E","R","?","R","M","R","BOSS","M","?","M","M","?","R","M","R","T","E"],"build_version":"2019-01-23","purchased_purges":1,"victory":false,"max_hp_per_floor":[71,71,71,71,71,71,71,71,71,71,71,71,71,71,71,71,71,71,71,71,71,71,71,71,71,71,71],"card_choices":[{"not_picked":["Reinforced Body","Beam Cell"],"picked":"Coolheaded","floor":1},{"not_picked":["Rebound","Barrage"],"picked":"Streamline","floor":2},{"not_picked":["Steam","Aggregate"],"picked":"Ball Lightning","floor":3},{"not_picked":["Fusion","Go for the Eyes"],"picked":"Glacier","floor":5},{"not_picked":["Scrape","Hologram"],"picked":"Biased Cognition","floor":8},{"not_picked":["Reinforced Body","Leap","Heatsinks"],"picked":"SKIP","floor":10},{"not_picked":["Sweeping Beam","Go for the Eyes","Leap"],"picked":"SKIP","floor":12},{"not_picked":["Go for the Eyes","Barrage"],"picked":"Self Repair","floor":14},{"not_picked":["Creative AI","All For One"],"picked":"Multi-Cast","floor":16},{"not_picked":["Turbo","Redo"],"picked":"Heatsinks","floor":18},{"not_picked":["Redo+1","Conserve Battery"],"picked":"Reinforced Body+1","floor":20},{"not_picked":["Beam Cell","Go for the Eyes"],"picked":"White Noise","floor":21},{"not_picked":["Reprogram","Gash","Double Energy"],"picked":"SKIP","floor":24}],"player_experience":343887,"relics_obtained":[{"floor":8,"key":"Art of War"},{"floor":9,"key":"Bag of Preparation"},{"floor":10,"key":"Regal Pillow"},{"floor":26,"key":"Juzu Bracelet"}],"event_choices":[{"damage_healed":0,"gold_gain":0,"player_choice":"Success","damage_taken":26,"relics_obtained":["Ancient Tea Set"],"max_hp_gain":0,"max_hp_loss":0,"event_name":"Scrap Ooze","floor":4,"gold_loss":0},{"damage_healed":0,"gold_gain":50,"player_choice":"Pray","damage_taken":0,"max_hp_gain":0,"max_hp_loss":0,"event_name":"Golden Shrine","floor":7,"gold_loss":0},{"damage_healed":0,"gold_gain":0,"player_choice":"Read","damage_taken":0,"max_hp_gain":0,"max_hp_loss":0,"event_name":"The Library","floor":19,"gold_loss":0,"cards_obtained":["Genetic Algorithm"]}],"is_beta":false,"boss_relics":[{"not_picked":["Astrolabe","Busted Crown"],"picked":"Cursed Key"}],"items_purged_floors":[22],"is_endless":false,"potions_floor_spawned":[3,5,12,18,20,21],"killed_by":"Gremlin Leader","ascension_level":18}