{"gold_per_floor":[119,119,63,75,75,102,102,119,144,170,278,278,328,378,378,467,467,467,517,567,583,583],"floor_reached":22,"playtime":419,"items_purged":[],"score":371,"play_id":"71ee0d80-3994-4139-8843-5b853b97ecdd","local_time":"20190515111159","is_ascension_mode":true,"campfire_choices":[{"floor":7,"key":"REST"},{"floor":12,"key":"REST"},{"data":"Darkness","floor":15,"key":"SMITH"}],"neow_cost":"TEN_PERCENT_HP_LOSS","seed_source_timestamp":403371910373287,"circlet_count":0,"master_deck":["AscendersBane","Strike_B","Strike_B","Defend_B+1","Defend_B","Defend_B","Defend_B+1","Zap","Dualcast","Core Surge","Streamline","Defragment+1","Glacier","Darkness+1","Self Repair","Creative AI","White Noise","Storm","Hologram"],"relics":["Cracked Core","SsserpentHead","Juzu Bracelet","Centennial Puzzle","Peace Pipe","Golden Idol","Inserter"],"potions_floor_usage":[16,18],"damage_taken":[{"damage":3,"enemies":"2 Louse","floor":1,"turns":2},{"damage":6,"enemies":"Cultist","floor":4,"turns":4},{"damage":14,"enemies":"Lagavulin","floor":6,"turns":7},{"damage":8,"enemies":"Small Slimes","floor":8,"turns":3},{"damage":16,"enemies":"Gremlin Nob","floor":10,"turns":4},{"damage":20,"enemies":"Slime Boss","floor":16,"turns":8},{"damage":0,"enemies":"2 Thieves","floor":18,"turns":1},{"damage":14,"enemies":"3 Byrds","floor":21,"turns":6},{"damage":44,"enemies":"Snake Plant","floor":22,"turns":5}],"seed_played":"1802491824421500309","potions_obtained":[{"floor":6,"key":"AttackPotion"},{"floor":16,"key":"SmokeBomb"}],"is_trial":false,"path_per_floor":["M","?","$","M","?","E","R","M","T","E","?","R","?","?","R","B",null,"M","?","?","M","M"],"character_chosen":"DEFECT","items_purchased":["Streamline"],"campfire_rested":2,"item_purchase_floors":[3],"current_hp_per_floor":[61,42,42,36,36,22,41,33,33,17,17,36,36,36,36,23,49,49,49,49,42,0],"gold":583,"neow_bonus":"THREE_RARE_CARDS","is_prod":false,"is_daily":false,"chose_seed":false,"campfire_upgraded":1,"win_rate":0,"timestamp":1557933119,"path_taken":["M","?","$","M","?","E","R","M","T","E","?","R","?","?","R","BOSS","M","?","?","M","M"],"build_version":"2019-01-23","purchased_purges":0,"victory":false,"max_hp_per_floor":[64,64,64,64,64,64,64,64,64,64,64,64,64,58,58,58,58,58,58,58,58,58],"card_choices":[{"not_picked":["Creative AI","Rainbow"],"picked":"Core Surge","floor":0},{"not_picked":["Turbo","Beam Cell","Aggregate"],"picked":"SKIP","floor":1},{"not_picked":["Stack","Conserve Battery"],"picked":"Defragment","floor":4},{"not_picked":["Conserve Battery","Capacitor"],"picked":"Glacier","floor":6},{"not_picked":["Barrage","Auto Shields"],"picked":"Darkness","floor":8},{"not_picked":["Genetic Algorithm","Barrage"],"picked":"Self Repair","floor":10},{"not_picked":["Machine Learning","Multi-Cast"],"picked":"Creative AI","floor":16},{"not_picked":["Leap","Turbo"],"picked":"Hologram","floor":21}],"player_experience":367419,"relics_obtained":[{"floor":6,"key":"Juzu Bracelet"},{"floor":9,"key":"Centennial Puzzle"},{"floor":10,"key":"Peace Pipe"}],"event_choices":[{"damage_healed":0,"gold_gain":0,"player_choice":"Entered Light","damage_taken":19,"max_hp_gain":0,"max_hp_loss":0,"event_name":"Shining Light","floor":2,"gold_loss":0,"cards_upgraded":["Defend_B","Defend_B"]},{"damage_healed":0,"gold_gain":0,"player_choice":"Trade","damage_taken":0,"relics_obtained":["SsserpentHead"],"max_hp_gain":0,"max_hp_loss":0,"event_name":"FaceTrader","floor":5,"gold_loss":0},{"damage_healed":0,"gold_gain":58,"player_choice":"Gained Gold","damage_taken":0,"max_hp_gain":0,"max_hp_loss":0,"event_name":"Golden Wing","floor":11,"gold_loss":0},{"damage_healed":0,"gold_gain":0,"player_choice":"Upgraded","damage_taken":0,"max_hp_gain":0,"max_hp_loss":0,"event_name":"Upgrade Shrine","floor":13,"gold_loss":0,"cards_upgraded":["Defragment"]},{"damage_healed":0,"gold_gain":0,"player_choice":"Lose Max HP","damage_taken":0,"relics_obtained":["Golden Idol"],"max_hp_gain":0,"max_hp_loss":6,"event_name":"Golden Idol","floor":14,"gold_loss":0},{"damage_healed":0,"gold_gain":0,"player_choice":"Ignored","damage_taken":0,"max_hp_gain":0,"max_hp_loss":0,"event_name":"Ghosts","floor":19,"gold_loss":0},{"damage_healed":0,"gold_gain":0,"cards_transformed":["Strike_B","Strike_B"],"player_choice":"Became Test Subject","damage_taken":0,"max_hp_gain":0,"max_hp_loss":0,"event_name":"Drug Dealer","floor":20,"gold_loss":0,"cards_obtained":["White Noise","Storm"]}],"is_beta":false,"boss_relics":[{"not_picked":["Sozu","Empty Cage"],"picked":"Inserter"}],"items_purged_floors":[],"is_endless":false,"potions_floor_spawned":[6,16],"killed_by":"Snake Plant","ascension_level":19}