{"gold_per_floor":[117,117,117,10,10,10,46,46,46,46,46,46,62,85,85,175,175,195,120,139,27,52,52,68,68,68,112,125,125,141,161,161,161],"floor_reached":33,"playtime":1037,"items_purged":["Strike_B"],"score":730,"play_id":"d355be95-af9b-4a0a-b219-a217012e5cb2","local_time":"20190825171640","is_ascension_mode":true,"campfire_choices":[{"data":"Discovery","floor":6,"key":"SMITH"},{"data":"Doom and Gloom","floor":8,"key":"SMITH"},{"data":"Zap","floor":10,"key":"SMITH"},{"data":"Tempest","floor":12,"key":"SMITH"},{"data":"Hologram","floor":15,"key":"SMITH"},{"data":"Go for the Eyes","floor":23,"key":"SMITH"},{"floor":25,"key":"REST"},{"floor":32,"key":"REST"}],"neow_cost":"NONE","seed_source_timestamp":128105015963760,"circlet_count":0,"master_deck":["AscendersBane","Strike_B","Strike_B","Defend_B","Defend_B","Defend_B","Defend_B","Zap+1","Dualcast","Cold Snap+1","Discovery+1","Doom and Gloom+1","Tempest+1","Self Repair+1","Hologram+1","Core Surge+1","Capacitor+1","Beam Cell+1","Go for the Eyes+1","Fusion+1","Coolheaded","Cold Snap","Cold Snap","Seek"],"relics":["Cracked Core","NeowsBlessing","Golden Idol","Frozen Egg 2","Mercury Hourglass","Philosopher\u0027s Stone","Blood Vial","Pantograph","Nloth\u0027s Gift"],"potions_floor_usage":[16,16,16,18,31],"damage_taken":[{"damage":0,"enemies":"Jaw Worm","floor":1,"turns":1},{"damage":0,"enemies":"Lagavulin","floor":7,"turns":1},{"damage":0,"enemies":"Cultist","floor":13,"turns":1},{"damage":0,"enemies":"Small Slimes","floor":14,"turns":2},{"damage":0,"enemies":"Slime Boss","floor":16,"turns":4},{"damage":22,"enemies":"3 Byrds","floor":18,"turns":3},{"damage":0,"enemies":"Spheric Guardian","floor":20,"turns":3},{"damage":35,"enemies":"Snake Plant","floor":22,"turns":3},{"damage":16,"enemies":"Centurion and Healer","floor":24,"turns":5},{"damage":0,"enemies":"Gremlin Leader","floor":27,"turns":5},{"damage":42,"enemies":"Shelled Parasite and Fungi","floor":28,"turns":5},{"damage":17,"enemies":"Snake Plant","floor":30,"turns":3},{"damage":21,"enemies":"Snecko","floor":31,"turns":4},{"damage":95,"enemies":"Collector","floor":33,"turns":8}],"seed_played":"-9142987689387977557","potions_obtained":[{"floor":2,"key":"AttackPotion"},{"floor":2,"key":"EntropicBrew"},{"floor":24,"key":"Fire Potion"},{"floor":27,"key":"Energy Potion"},{"floor":28,"key":"AttackPotion"}],"is_trial":false,"path_per_floor":["M","?","$","$","?","R","E","R","T","R","?","R","M","M","R","B",null,"M","$","M","?","M","R","M","R","T","E","M","?","M","M","R","B"],"character_chosen":"DEFECT","items_purchased":["Discovery"],"campfire_rested":2,"item_purchase_floors":[4],"current_hp_per_floor":[64,64,64,64,40,40,40,40,40,40,40,40,40,50,50,60,68,56,56,66,66,43,43,39,60,60,71,39,39,34,25,46,0],"gold":161,"neow_bonus":"THREE_ENEMY_KILL","is_prod":false,"is_daily":false,"chose_seed":false,"campfire_upgraded":6,"win_rate":0,"timestamp":1566778600,"path_taken":["M","?","?","$","?","R","E","R","T","R","?","R","M","M","R","BOSS","M","$","M","?","M","R","M","R","T","E","?","?","M","?","R","BOSS"],"build_version":"2019-08-23","purchased_purges":1,"victory":false,"max_hp_per_floor":[71,71,71,71,71,71,71,71,71,71,71,71,71,71,71,71,71,71,71,71,71,71,71,71,71,71,71,71,71,71,71,71,71],"card_choices":[{"not_picked":["Turbo","Coolheaded"],"picked":"Cold Snap","floor":1},{"not_picked":["Steam","Barrage"],"picked":"Doom and Gloom","floor":7},{"not_picked":["Reprogram","Leap"],"picked":"Self Repair+1","floor":13},{"not_picked":["Stack","Steam Power"],"picked":"Hologram","floor":14},{"not_picked":["Amplify","Biased Cognition+1"],"picked":"Core Surge","floor":16},{"not_picked":["Cold Snap","Rebound"],"picked":"Capacitor+1","floor":18},{"not_picked":["Steam Power","Blizzard"],"picked":"Beam Cell+1","floor":20},{"not_picked":["Chaos","Stack"],"picked":"Go for the Eyes","floor":22},{"not_picked":["BootSequence","Cold Snap"],"picked":"Fusion+1","floor":24},{"not_picked":["Barrage","Heatsinks+1"],"picked":"Coolheaded","floor":27},{"not_picked":["Scrape","Reprogram"],"picked":"Cold Snap","floor":28},{"not_picked":["Lockon","Hello World+1"],"picked":"Cold Snap","floor":30},{"not_picked":["Barrage+1","Blizzard"],"picked":"Seek","floor":31}],"player_experience":3050131,"relics_obtained":[{"floor":7,"key":"Frozen Egg 2"},{"floor":9,"key":"Mercury Hourglass"},{"floor":26,"key":"Pantograph"},{"floor":27,"key":"Whetstone"}],"event_choices":[{"damage_healed":0,"gold_gain":0,"player_choice":"Got Potions","damage_taken":0,"max_hp_gain":0,"max_hp_loss":0,"event_name":"Lab","floor":2,"gold_loss":0},{"damage_healed":0,"gold_gain":0,"player_choice":"Take Damage","damage_taken":24,"relics_obtained":["Golden Idol"],"max_hp_gain":0,"max_hp_loss":0,"event_name":"Golden Idol","floor":5,"gold_loss":0},{"damage_healed":0,"gold_gain":0,"cards_transformed":["Strike_B"],"player_choice":"Change","damage_taken":0,"max_hp_gain":0,"max_hp_loss":0,"event_name":"Living Wall","floor":11,"gold_loss":0,"cards_obtained":["Tempest"]},{"damage_healed":0,"gold_gain":0,"player_choice":"Paid Gold","damage_taken":0,"relics_obtained":["Blood Vial"],"max_hp_gain":0,"max_hp_loss":0,"event_name":"WeMeetAgain","floor":21,"gold_loss":112},{"damage_healed":0,"gold_gain":0,"player_choice":"Traded Relic","damage_taken":0,"relics_obtained":["Nloth\u0027s Gift"],"max_hp_gain":0,"max_hp_loss":0,"event_name":"N\u0027loth","floor":29,"relics_lost":["Whetstone"],"gold_loss":0}],"is_beta":true,"boss_relics":[{"not_picked":["Snecko Eye","Velvet Choker"],"picked":"Philosopher\u0027s Stone"}],"items_purged_floors":[19],"is_endless":false,"potions_floor_spawned":[13,24,27,28,30],"killed_by":"Collector","ascension_level":20}