{"gold_per_floor":[111,111,36,47,47,47,47,47,70,101,125,174,187,187,187,315,315,315,315,315,315,61,61,79,97,127,127,2,27,41,0,0,0],"floor_reached":33,"playtime":762,"items_purged":["Defend_R","Writhe","Defend_R+1"],"score":281,"play_id":"46240be0-854a-4a5e-a3a9-87ca47d31194","local_time":"20190901133349","is_ascension_mode":true,"campfire_choices":[{"data":"Flex","floor":6,"key":"SMITH"},{"data":"Flex","floor":8,"key":"SMITH"},{"data":"Bash","floor":15,"key":"SMITH"},{"data":"Berserk","floor":23,"key":"SMITH"},{"data":"Flex","floor":27,"key":"SMITH"},{"data":"Heavy Blade","floor":32,"key":"SMITH"}],"neow_cost":"NONE","seed_source_timestamp":225991812356500,"circlet_count":0,"master_deck":["Strike_R","Strike_R","Strike_R","Strike_R","Strike_R","Defend_R+1","Bash+1","Flex+1","Flex+1","Clash","Flex+1","Berserk+1","Rampage+1","Heavy Blade+1","Reaper"],"relics":["Black Blood","NeowsBlessing","Golden Idol","Dream Catcher","War Paint","Anchor","Bronze Scales","Orichalcum","Tiny Chest"],"potions_floor_usage":[16,18,30,33,33],"damage_taken":[{"damage":0,"enemies":"2 Louse","floor":1,"turns":1},{"damage":0,"enemies":"Cultist","floor":4,"turns":1},{"damage":0,"enemies":"Lagavulin","floor":10,"turns":1},{"damage":0,"enemies":"Small Slimes","floor":11,"turns":2},{"damage":0,"enemies":"Blue Slaver","floor":13,"turns":2},{"damage":45,"enemies":"The Guardian","floor":16,"turns":7},{"damage":0,"enemies":"3 Byrds","floor":18,"turns":2},{"damage":13,"enemies":"Shell Parasite","floor":24,"turns":5},{"damage":10,"enemies":"Cultist and Chosen","floor":25,"turns":5},{"damage":15,"enemies":"3 Cultists","floor":29,"turns":5},{"damage":3,"enemies":"Snake Plant","floor":30,"turns":2},{"damage":99,"enemies":"Champ","floor":33,"turns":7}],"seed_played":"-3108320414040515345","potions_obtained":[{"floor":2,"key":"Fire Potion"},{"floor":2,"key":"Weak Potion"},{"floor":2,"key":"Strength Potion"},{"floor":10,"key":"SmokeBomb"},{"floor":16,"key":"SkillPotion"},{"floor":29,"key":"LiquidBronze"}],"is_trial":false,"path_per_floor":["M","?","$","M","$","R","?","R","T","E","M","T","M","?","R","B",null,"M","?","?","?","$","R","M","M","T","R","$","M","M","?","R","B"],"character_chosen":"IRONCLAD","items_purchased":["Orichalcum"],"campfire_rested":0,"item_purchase_floors":[22],"current_hp_per_floor":[80,80,80,80,80,80,74,74,74,74,74,74,74,67,67,28,74,74,74,74,74,74,74,71,71,71,71,71,66,73,73,73,0],"gold":0,"neow_bonus":"THREE_ENEMY_KILL","is_prod":false,"is_daily":false,"chose_seed":false,"campfire_upgraded":6,"win_rate":0,"timestamp":1567370029,"path_taken":["M","?","$","M","?","R","?","R","T","E","?","?","M","?","R","BOSS","M","?","?","?","?","R","M","M","T","R","$","M","?","?","R","BOSS"],"build_version":"2019-07-17","purchased_purges":3,"victory":false,"max_hp_per_floor":[80,80,80,80,80,80,74,74,74,74,74,74,74,74,74,74,74,74,74,74,74,74,74,74,74,74,74,74,74,74,74,74,74],"card_choices":[{"not_picked":["Pummel","Seeing Red"],"picked":"Flex","floor":1},{"not_picked":["Havoc","Pommel Strike"],"picked":"Flex","floor":4},{"not_picked":["Armaments","Anger"],"picked":"Clash","floor":10},{"not_picked":["Body Slam","Evolve"],"picked":"Flex","floor":11},{"not_picked":["Anger","Bloodletting","Entrench"],"picked":"SKIP","floor":13},{"not_picked":["Impervious","Exhume"],"picked":"Berserk","floor":16},{"not_picked":["Anger+1","Havoc"],"picked":"Rampage+1","floor":24},{"not_picked":["Searing Blow","Infernal Blade+1","Cleave"],"picked":"SKIP","floor":25},{"not_picked":["Headbutt+1","Iron Wave+1"],"picked":"Heavy Blade","floor":29},{"not_picked":["Disarm","True Grit"],"picked":"Reaper","floor":30}],"player_experience":736908,"relics_obtained":[{"floor":9,"key":"Dream Catcher"},{"floor":10,"key":"War Paint"},{"floor":12,"key":"Anchor"},{"floor":26,"key":"Tiny Chest"}],"event_choices":[{"damage_healed":0,"gold_gain":0,"player_choice":"Got Potions","damage_taken":0,"max_hp_gain":0,"max_hp_loss":0,"event_name":"Lab","floor":2,"gold_loss":0},{"damage_healed":0,"gold_gain":0,"player_choice":"Lose Max HP","damage_taken":0,"relics_obtained":["Golden Idol"],"max_hp_gain":0,"max_hp_loss":6,"event_name":"Golden Idol","floor":7,"gold_loss":0},{"damage_healed":0,"gold_gain":0,"player_choice":"Damaged","damage_taken":7,"max_hp_gain":0,"max_hp_loss":0,"event_name":"Wheel of Change","floor":14,"gold_loss":0},{"damage_healed":0,"gold_gain":0,"player_choice":"Opened","damage_taken":0,"relics_obtained":["Bronze Scales"],"max_hp_gain":0,"max_hp_loss":0,"event_name":"The Mausoleum","floor":19,"gold_loss":0,"cards_obtained":["Writhe"]},{"cards_removed":["Defend_R"],"damage_healed":0,"gold_gain":0,"player_choice":"Elegance","damage_taken":0,"max_hp_gain":0,"max_hp_loss":0,"event_name":"Back to Basics","floor":20,"gold_loss":0},{"damage_healed":0,"gold_gain":0,"player_choice":"Ignored","damage_taken":0,"max_hp_gain":0,"max_hp_loss":0,"event_name":"Ghosts","floor":21,"gold_loss":0},{"damage_healed":0,"gold_gain":0,"player_choice":"Paid Fearfully","damage_taken":0,"max_hp_gain":0,"max_hp_loss":0,"event_name":"Masked Bandits","floor":31,"gold_loss":41}],"is_beta":false,"boss_relics":[{"not_picked":["Busted Crown","Ectoplasm"],"picked":"Black Blood"}],"items_purged_floors":[3,22,28],"is_endless":false,"potions_floor_spawned":[4,10,13,16,29],"killed_by":"Champ","ascension_level":1}