{"gold_per_floor":[110,128,146,159,169,169,179,179,205,205,220,247,212,237,237,315,315,328,346,346,362,380,380,396,396,396,396,396],"floor_reached":28,"playtime":1371,"items_purged":[],"score":448,"play_id":"643f0e20-3c5c-4eb7-b299-0864813f6b1c","local_time":"20190117030929","is_ascension_mode":true,"campfire_choices":[{"data":"Defragment","floor":6,"key":"SMITH"},{"data":"Auto Shields","floor":8,"key":"SMITH"},{"data":"Go for the Eyes","floor":10,"key":"SMITH"},{"data":"Chaos","floor":15,"key":"SMITH"},{"floor":23,"key":"REST"},{"floor":25,"key":"REST"}],"neow_cost":"NONE","seed_source_timestamp":643226481562880,"circlet_count":0,"master_deck":["AscendersBane","Strike_B","Strike_B","Strike_B","Strike_B","Defend_B","Defend_B","Defend_B","Defend_B+1","Zap","Dualcast","Core Surge","Gash","Conserve Battery+1","Defragment+1","Gash","Go for the Eyes+1","Auto Shields+1","Ball Lightning","Steam","Chaos+1","Seek","Chaos","Sunder","Defragment+1","Ball Lightning","Stack","Decay"],"relics":["Cracked Core","War Paint","Odd Mushroom","Question Card","Busted Crown","DataDisk"],"potions_floor_usage":[5,12,16,21],"damage_taken":[{"damage":10,"enemies":"Small Slimes","floor":1,"turns":3},{"damage":0,"enemies":"2 Louse","floor":2,"turns":3},{"damage":1,"enemies":"Cultist","floor":3,"turns":3},{"damage":22,"enemies":"Exordium Wildlife","floor":4,"turns":5},{"damage":2,"enemies":"Large Slime","floor":5,"turns":4},{"damage":5,"enemies":"Blue Slaver","floor":7,"turns":3},{"damage":0,"enemies":"Looter","floor":11,"turns":3},{"damage":0,"enemies":"The Mushroom Lair","floor":12,"turns":4},{"damage":10,"enemies":"Lagavulin","floor":14,"turns":7},{"damage":5,"enemies":"The Guardian","floor":16,"turns":12},{"damage":0,"enemies":"3 Byrds","floor":18,"turns":6},{"damage":11,"enemies":"Shell Parasite","floor":19,"turns":6},{"damage":36,"enemies":"Shelled Parasite and Fungi","floor":21,"turns":6},{"damage":8,"enemies":"Centurion and Healer","floor":22,"turns":6},{"damage":28,"enemies":"Sentry and Sphere","floor":24,"turns":4},{"damage":27,"enemies":"Gremlin Leader","floor":28,"turns":2}],"seed_played":"-9061853419318472658","potions_obtained":[{"floor":4,"key":"Fire Potion"},{"floor":5,"key":"SpeedPotion"},{"floor":11,"key":"SkillPotion"},{"floor":14,"key":"Regen Potion"},{"floor":16,"key":"GamblersBrew"}],"is_trial":false,"path_per_floor":["M","M","M","M","M","R","M","R","T","R","M","?","?","E","R","B",null,"M","M","?","M","M","R","M","R","T","?","E"],"character_chosen":"DEFECT","items_purchased":[],"campfire_rested":2,"item_purchase_floors":[],"current_hp_per_floor":[54,54,53,31,29,29,24,24,24,24,24,24,41,31,31,41,64,64,53,53,17,9,30,2,23,23,23,0],"gold":396,"neow_bonus":"ONE_RANDOM_RARE_CARD","is_prod":false,"is_daily":false,"chose_seed":false,"campfire_upgraded":4,"win_rate":0,"timestamp":1547723369,"path_taken":["M","M","M","M","M","R","M","R","T","R","M","?","?","E","R","BOSS","M","M","?","?","M","R","M","R","T","?","E"],"build_version":"2019-01-16","purchased_purges":0,"victory":false,"max_hp_per_floor":[71,71,71,71,71,71,71,71,71,71,71,71,71,71,71,71,71,71,71,71,71,71,71,71,71,71,71,71],"card_choices":[{"not_picked":["Barrage","Sweeping Beam"],"picked":"Gash","floor":1},{"not_picked":["Turbo","Sweeping Beam"],"picked":"Conserve Battery","floor":2},{"not_picked":["Rip and Tear","Leap"],"picked":"Defragment","floor":3},{"not_picked":["Ball Lightning","Turbo"],"picked":"Gash","floor":4},{"not_picked":["Compile Driver","Rebound"],"picked":"Go for the Eyes","floor":5},{"not_picked":["Recycle","Doom and Gloom"],"picked":"Auto Shields","floor":7},{"not_picked":["Heatsinks","Sweeping Beam"],"picked":"Ball Lightning","floor":11},{"not_picked":["Sweeping Beam","Amplify"],"picked":"Steam","floor":12},{"not_picked":["Loop","Rebound"],"picked":"Chaos","floor":14},{"not_picked":["Reboot","Thunder Strike","Meteor Strike"],"picked":"Seek","floor":16},{"not_picked":["Reinforced Body"],"picked":"Chaos","floor":18},{"not_picked":["Conserve Battery"],"picked":"Sunder","floor":19},{"not_picked":["Tempest"],"picked":"Ball Lightning","floor":21},{"not_picked":["Double Energy"],"picked":"Stack","floor":22},{"not_picked":["Heatsinks","Steam"],"picked":"SKIP","floor":24}],"player_experience":2766191,"relics_obtained":[{"floor":9,"key":"War Paint"},{"floor":12,"key":"Odd Mushroom"},{"floor":14,"key":"Question Card"},{"floor":26,"key":"DataDisk"}],"event_choices":[{"damage_healed":0,"gold_gain":0,"player_choice":"Fought Mushrooms","damage_taken":0,"max_hp_gain":0,"max_hp_loss":0,"event_name":"Mushrooms","floor":12,"gold_loss":0},{"damage_healed":17,"gold_gain":0,"player_choice":"Healed","damage_taken":0,"max_hp_gain":0,"max_hp_loss":0,"event_name":"The Cleric","floor":13,"gold_loss":35},{"damage_healed":0,"gold_gain":0,"player_choice":"Copied","damage_taken":0,"max_hp_gain":0,"max_hp_loss":0,"event_name":"Duplicator","floor":20,"gold_loss":0,"cards_obtained":["Defragment"]},{"damage_healed":0,"gold_gain":0,"player_choice":"Smashed Altar","damage_taken":0,"max_hp_gain":0,"max_hp_loss":0,"event_name":"Forgotten Altar","floor":27,"gold_loss":0,"cards_obtained":["Decay"]}],"is_beta":true,"boss_relics":[{"not_picked":["Velvet Choker","Runic Pyramid"],"picked":"Busted Crown"}],"items_purged_floors":[],"is_endless":false,"potions_floor_spawned":[4,5,11,14,16],"killed_by":"Gremlin Leader","ascension_level":20}