{"gold_per_floor":[109,109,133,21,40,40,57,57,57,57,76,95,108,208,208,280,280,292,309,309,309,309,309,327,327,327,343,357,373,373,106,106,180,180,198,214,214,214,214,214,242,257,303,315,332,332],"floor_reached":46,"playtime":2532,"items_purged":["Writhe"],"score":988,"play_id":"067e15f3-48aa-4f4e-865f-517f33440111","local_time":"20190830195339","is_ascension_mode":true,"campfire_choices":[{"data":"Loop","floor":6.0,"key":"SMITH"},{"data":"Defragment","floor":8.0,"key":"SMITH"},{"data":"Streamline","floor":10.0,"key":"SMITH"},{"floor":15.0,"key":"REST"},{"data":"Consume","floor":23.0,"key":"SMITH"},{"data":"Coolheaded","floor":25.0,"key":"SMITH"},{"floor":30.0,"key":"RECALL"},{"data":"Streamline","floor":32.0,"key":"SMITH"},{"data":"Coolheaded","floor":40.0,"key":"SMITH"}],"neow_cost":"NONE","seed_source_timestamp":567971077225667,"circlet_count":0,"master_deck":["AscendersBane","Strike_B+1","Strike_B+1","Defend_B+1","Defend_B+1","Defend_B+1","Defend_B+1","Zap","Dualcast","Madness","Defragment+1","Conserve Battery","Loop+1","Streamline+1","Coolheaded+1","Cold Snap","Consume+1","Coolheaded+1","Buffer+1","Capacitor+1","Undo","Creative AI+1","Steam Power","Chill+1","Static Discharge+1","Fusion","Streamline+1","All For One","Machine Learning+1","Loop+1","Writhe","Hologram+1"],"special_seed":0,"relics":["Cracked Core","Shuriken","Blood Vial","Frozen Egg 2","Snecko Eye","Ancient Tea Set","Pantograph","Inserter","Torii"],"potions_floor_usage":[45,46],"damage_taken":[{"damage":5.0,"enemies":"Small Slimes","floor":1.0,"turns":3.0},{"damage":5.0,"enemies":"Jaw Worm","floor":5.0,"turns":4.0},{"damage":1.0,"enemies":"Cultist","floor":7.0,"turns":3.0},{"damage":16.0,"enemies":"3 Louse","floor":11.0,"turns":3.0},{"damage":0.0,"enemies":"Large Slime","floor":12.0,"turns":4.0},{"damage":17.0,"enemies":"Blue Slaver","floor":13.0,"turns":5.0},{"damage":23.0,"enemies":"The Guardian","floor":16.0,"turns":9.0},{"damage":5.0,"enemies":"Spheric Guardian","floor":18.0,"turns":4.0},{"damage":9.0,"enemies":"Shell Parasite","floor":19.0,"turns":7.0},{"damage":7.0,"enemies":"Sentry and Sphere","floor":24.0,"turns":7.0},{"damage":7.0,"enemies":"Snake Plant","floor":27.0,"turns":7.0},{"damage":9.0,"enemies":"Chosen and Byrds","floor":28.0,"turns":5.0},{"damage":0.0,"enemies":"Sentry and Sphere","floor":29.0,"turns":8.0},{"damage":0.0,"enemies":"Automaton","floor":33.0,"turns":12.0},{"damage":9.0,"enemies":"Orb Walker","floor":35.0,"turns":7.0},{"damage":16.0,"enemies":"3 Darklings","floor":36.0,"turns":9.0},{"damage":18.0,"enemies":"Nemesis","floor":41.0,"turns":11.0},{"damage":9.0,"enemies":"4 Shapes","floor":42.0,"turns":5.0},{"damage":18.0,"enemies":"Maw","floor":44.0,"turns":6.0},{"damage":24,"enemies":"Transient","floor":45,"turns":6},{"damage":24,"enemies":"Jaw Worm Horde","floor":46,"turns":2}],"seed_played":"-7377202417005141642","potions_obtained":[{"floor":7.0,"key":"PowerPotion"},{"floor":12.0,"key":"EssenceOfSteel"},{"floor":16.0,"key":"SteroidPotion"},{"floor":18.0,"key":"Regen Potion"},{"floor":27.0,"key":"Energy Potion"},{"floor":29.0,"key":"FocusPotion"},{"floor":41.0,"key":"GamblersBrew"},{"floor":42.0,"key":"EssenceOfSteel"},{"floor":45,"key":"Ancient Potion"}],"is_trial":false,"path_per_floor":["M","?","T","$","M","R","M","R","T","R","M","M","M","?","R","B",null,"M","M","?","?","?","R","M","R","T","M","M","M","R","$","R","B",null,"M","M","?","?","?","R","E","M","T","M","M","M"],"character_chosen":"DEFECT","items_purchased":["Conserve Battery","Loop","All For One","Fruit Juice"],"campfire_rested":1,"item_purchase_floors":[4,4,31,31],"current_hp_per_floor":[59,33,33,33,30,30,31,31,31,31,17,19,4,4,25,4,54,51,59,59,59,59,59,54,54,54,49,42,44,44,49,49,76,76,67,53,53,53,68,68,52,45,45,29,7,0],"gold":332,"neow_bonus":"RANDOM_COLORLESS","is_prod":false,"is_daily":false,"chose_seed":false,"campfire_upgraded":7,"win_rate":0,"timestamp":1567220019,"path_taken":["M","?","?","$","M","R","M","R","T","R","M","M","M","?","R","BOSS","M","M","?","?","?","R","M","R","T","M","?","M","R","$","R","BOSS","M","M","?","?","?","R","E","?","T","M","M","M"],"build_version":"2019-08-26","purchased_purges":1,"victory":false,"max_hp_per_floor":[71,71,71,71,71,71,71,71,71,71,71,71,71,71,71,71,71,71,71,71,71,71,71,71,71,71,71,71,71,71,76,76,76,76,76,76,76,76,76,76,76,76,76,76,76,76],"card_choices":[{"not_picked":["Heatsinks","Leap"],"picked":"Defragment","floor":1.0},{"not_picked":["Heatsinks","Turbo"],"picked":"Streamline","floor":5.0},{"not_picked":["Hologram","Leap"],"picked":"Coolheaded","floor":7.0},{"not_picked":["Reinforced Body","Auto Shields"],"picked":"Cold Snap","floor":11.0},{"not_picked":["FTL","Leap"],"picked":"Consume","floor":12.0},{"not_picked":["Hologram","Barrage"],"picked":"Coolheaded","floor":13.0},{"not_picked":["Hyperbeam","Core Surge"],"picked":"Buffer+1","floor":16.0},{"not_picked":["Cold Snap","Stack"],"picked":"Capacitor+1","floor":18.0},{"not_picked":["Go for the Eyes","Auto Shields"],"picked":"Undo","floor":19.0},{"not_picked":["Beam Cell","Gash"],"picked":"Chill+1","floor":24.0},{"not_picked":["Sweeping Beam","Beam Cell"],"picked":"Static Discharge+1","floor":27.0},{"not_picked":["Compile Driver","Ball Lightning"],"picked":"Fusion","floor":28.0},{"not_picked":["Steam","Compile Driver"],"picked":"Streamline","floor":29.0},{"not_picked":["All For One","Hyperbeam"],"picked":"Machine Learning+1","floor":33.0},{"not_picked":["Doom and Gloom","Steam"],"picked":"Loop+1","floor":35.0},{"not_picked":["Self Repair+1","Streamline","Redo"],"picked":"SKIP","floor":36.0},{"not_picked":["Ball Lightning","Beam Cell+1","Redo"],"picked":"SKIP","floor":41.0},{"not_picked":["Leap","Seek"],"picked":"Hologram+1","floor":42.0},{"not_picked":["Turbo","Streamline","Steam"],"picked":"SKIP","floor":44},{"not_picked":["Turbo","Redo","Steam"],"picked":"SKIP","floor":45}],"player_experience":3066903,"relics_obtained":[{"floor":3.0,"key":"Blood Vial"},{"floor":9.0,"key":"Frozen Egg 2"},{"floor":26.0,"key":"Pantograph"},{"floor":41.0,"key":"Torii"}],"event_choices":[{"damage_healed":0.0,"max_hp_gain":0.0,"max_hp_loss":0.0,"gold_gain":0.0,"event_name":"Scrap Ooze","player_choice":"Success","floor":2.0,"gold_loss":0.0,"damage_taken":26.0,"relics_obtained":["Shuriken"]},{"damage_healed":0.0,"max_hp_gain":0.0,"max_hp_loss":0.0,"gold_gain":100.0,"event_name":"Wheel of Change","player_choice":"Gold","floor":14.0,"gold_loss":0.0,"damage_taken":0.0},{"damage_healed":0.0,"max_hp_gain":0.0,"max_hp_loss":0.0,"gold_gain":0.0,"event_name":"The Mausoleum","player_choice":"Opened","floor":20.0,"gold_loss":0.0,"damage_taken":0.0,"relics_obtained":["Ancient Tea Set"],"cards_obtained":["Writhe"]},{"damage_healed":0.0,"max_hp_gain":0.0,"max_hp_loss":0.0,"gold_gain":0.0,"event_name":"Back to Basics","player_choice":"Simplicity","floor":21.0,"gold_loss":0.0,"damage_taken":0.0,"cards_upgraded":["Strike_B","Strike_B","Strike_B","Strike_B","Defend_B","Defend_B","Defend_B","Defend_B"]},{"damage_healed":0.0,"max_hp_gain":0.0,"max_hp_loss":0.0,"gold_gain":0.0,"cards_transformed":["Strike_B","Strike_B"],"event_name":"Drug Dealer","player_choice":"Became Test Subject","floor":22.0,"gold_loss":0.0,"damage_taken":0.0,"cards_obtained":["Creative AI","Steam Power"]},{"damage_healed":0.0,"max_hp_gain":0.0,"max_hp_loss":0.0,"gold_gain":0.0,"event_name":"SensoryStone","player_choice":"Memory 1","floor":37.0,"gold_loss":0.0,"damage_taken":0.0},{"damage_healed":0.0,"max_hp_gain":0.0,"max_hp_loss":0.0,"gold_gain":0.0,"event_name":"Tomb of Lord Red Mask","player_choice":"Ignored","floor":38.0,"gold_loss":0.0,"damage_taken":0.0},{"damage_healed":15.0,"max_hp_gain":0.0,"max_hp_loss":0.0,"gold_gain":0.0,"event_name":"Winding Halls","player_choice":"Writhe","floor":39.0,"gold_loss":0.0,"damage_taken":0.0,"cards_obtained":["Writhe"]}],"is_beta":true,"boss_relics":[{"not_picked":["FrozenCore","Astrolabe"],"picked":"Snecko Eye"},{"not_picked":["Velvet Choker","Runic Pyramid"],"picked":"Inserter"}],"items_purged_floors":[31],"is_endless":false,"potions_floor_spawned":[7,12,16,18,27,29,41,42,45],"killed_by":"Jaw Worm Horde","ascension_level":20}