{"gold_per_floor":[117,142,142,165,90,125,125,144,144,44,219,219,219,294,294,425,425,440,275,293,293,312,312,340,340,340,340],"floor_reached":27,"playtime":1085,"items_purged":["Strike_R","Strike_R","Regret"],"score":277,"play_id":"a7639959-bb9b-48ef-b9c3-8aa8175a342d","local_time":"20190811015431","is_ascension_mode":false,"campfire_choices":[{"data":"Iron Wave","floor":7,"key":"SMITH"},{"data":"Inflame","floor":15,"key":"SMITH"},{"floor":23,"key":"REST"}],"neow_cost":"NONE","seed_source_timestamp":58586814186642,"circlet_count":0,"master_deck":["Defend_R+1","Defend_R","Defend_R","Defend_R+1","Bash","Iron Wave+1","Thunderclap","Wild Strike","Inflame+1","Doubt","Demon Form","Evolve+1","Corruption","True Grit+1","Metallicize","Bite","Bite","Bite","Bite","Bite"],"relics":["Black Blood","NeowsBlessing","War Paint","Bloody Idol","Pen Nib","Blood Vial","Orichalcum","Pantograph","Omamori","Shuriken"],"potions_floor_usage":[16,24,27],"damage_taken":[{"damage":0,"enemies":"Cultist","floor":1,"turns":1},{"damage":0,"enemies":"2 Louse","floor":4,"turns":1},{"damage":0,"enemies":"3 Sentries","floor":6,"turns":2},{"damage":5,"enemies":"Small Slimes","floor":8,"turns":4},{"damage":67,"enemies":"Slime Boss","floor":16,"turns":13},{"damage":43,"enemies":"Spheric Guardian","floor":18,"turns":6},{"damage":18,"enemies":"Shell Parasite","floor":20,"turns":8},{"damage":26,"enemies":"Centurion and Healer","floor":22,"turns":8},{"damage":57,"enemies":"Book of Stabbing","floor":24,"turns":8},{"damage":51,"enemies":"Cultist and Chosen","floor":27,"turns":6}],"seed_played":"-3796293478407469504","potions_obtained":[{"floor":4,"key":"Fire Potion"},{"floor":16,"key":"Swift Potion"},{"floor":20,"key":"Weak Potion"},{"floor":24,"key":"BloodPotion"}],"is_trial":false,"path_per_floor":["M","T","?","M","$","E","R","M","T","$","?","T","?","?","R","B",null,"M","$","M","?","M","R","E","?","T","M"],"character_chosen":"IRONCLAD","items_purchased":["Corruption"],"campfire_rested":1,"item_purchase_floors":[19],"current_hp_per_floor":[80,80,60,66,66,72,72,73,73,73,73,73,73,62,62,19,80,47,47,41,41,32,56,16,16,16,0],"gold":340,"neow_bonus":"THREE_ENEMY_KILL","is_prod":false,"is_daily":false,"chose_seed":false,"campfire_upgraded":2,"win_rate":0.0,"timestamp":1565456071,"path_taken":["M","?","?","M","$","E","R","M","T","$","?","?","?","?","R","BOSS","M","$","M","?","M","R","E","?","T","M"],"build_version":"2019-07-17","purchased_purges":3,"victory":false,"max_hp_per_floor":[80,80,80,80,80,80,80,80,80,80,80,80,80,80,80,80,80,80,80,80,80,80,80,80,56,56,56],"card_choices":[{"not_picked":["Havoc","Clash"],"picked":"Iron Wave","floor":1},{"not_picked":["Anger","Cleave"],"picked":"Thunderclap","floor":4},{"not_picked":["Anger","Armaments"],"picked":"Wild Strike","floor":6},{"not_picked":["Twin Strike","Disarm"],"picked":"Inflame","floor":8},{"not_picked":["Exhume","Bludgeon"],"picked":"Demon Form","floor":16},{"not_picked":["Sword Boomerang","Clothesline"],"picked":"Evolve+1","floor":18},{"not_picked":["Warcry","True Grit","Headbutt"],"picked":"SKIP","floor":20},{"not_picked":["Thunderclap","Anger"],"picked":"True Grit+1","floor":22},{"not_picked":["Hemokinesis","Flex"],"picked":"Metallicize","floor":24}],"player_experience":31285,"relics_obtained":[{"floor":2,"key":"War Paint"},{"floor":6,"key":"Pen Nib"},{"floor":9,"key":"Blood Vial"},{"floor":12,"key":"Orichalcum"},{"floor":24,"key":"Omamori"},{"floor":26,"key":"Shuriken"}],"event_choices":[{"damage_healed":0,"gold_gain":0,"player_choice":"Take Damage","damage_taken":20,"relics_obtained":["Golden Idol"],"max_hp_gain":0,"max_hp_loss":0,"event_name":"Golden Idol","floor":3,"gold_loss":0},{"damage_healed":0,"gold_gain":175,"player_choice":"AGREE","damage_taken":0,"max_hp_gain":0,"max_hp_loss":0,"event_name":"Liars Game","floor":11,"gold_loss":0,"cards_obtained":["Doubt"]},{"damage_healed":0,"gold_gain":0,"player_choice":"Box","damage_taken":0,"relics_obtained":["Pantograph"],"max_hp_gain":0,"max_hp_loss":0,"event_name":"Big Fish","floor":13,"gold_loss":0,"cards_obtained":["Regret"]},{"damage_healed":0,"gold_gain":75,"player_choice":"Gather Gold","damage_taken":11,"max_hp_gain":0,"max_hp_loss":0,"event_name":"World of Goop","floor":14,"gold_loss":0},{"damage_healed":0,"gold_gain":0,"player_choice":"Gave Idol","damage_taken":0,"relics_obtained":["Bloody Idol"],"max_hp_gain":0,"max_hp_loss":0,"event_name":"Forgotten Altar","floor":21,"relics_lost":["Golden Idol"],"gold_loss":0},{"damage_healed":0,"gold_gain":0,"player_choice":"Became a vampire","damage_taken":0,"max_hp_gain":0,"max_hp_loss":24,"event_name":"Vampires","floor":25,"gold_loss":0,"cards_obtained":["Bite","Bite","Bite","Bite","Bite"]}],"is_beta":false,"boss_relics":[{"not_picked":["Astrolabe","Mark of Pain"],"picked":"Black Blood"}],"items_purged_floors":[5,10,19],"is_endless":false,"potions_floor_spawned":[4,16,20,24],"killed_by":"Cultist and Chosen","ascension_level":0}