{"gold_per_floor":[112,124,124,6,24,59,71,87,135,135,135,5,24,41,41,142,142,159,118,118,134,154,154,3,31,43,55,67,105,117],"floor_reached":30,"playtime":2007,"items_purged":[],"score":275,"play_id":"1047fca0-1fd1-4685-bc1c-fa94a865e3e5","local_time":"20190824153222","is_ascension_mode":false,"campfire_choices":[{"data":"Creative AI","floor":10,"key":"SMITH"},{"data":"Echo Form","floor":15,"key":"SMITH"},{"floor":23,"key":"REST"},{"floor":28,"key":"REST"}],"neow_cost":"NONE","seed_source_timestamp":66239056422280,"circlet_count":0,"master_deck":["Strike_B+1","Strike_B+1","Strike_B+1","Strike_B+1","Defend_B+1","Defend_B+1","Defend_B+1","Defend_B+1","Zap","Dualcast","Doom and Gloom","Gash","Gash","Self Repair","Coolheaded","Creative AI+1","Sweeping Beam","Gash","Echo Form+1","Conserve Battery","Ball Lightning","Sweeping Beam","Multi-Cast","Consume+1","Hello World","Redo","Scrape","Scrape","Static Discharge","Loop","Biased Cognition"],"relics":["Cracked Core","FaceOfCleric","FossilizedHelix","Boot","Gremlin Horn","Eternal Feather","MawBank","Kunai","Red Mask"],"potions_floor_usage":[16,25,30,30,30],"damage_taken":[{"damage":3,"enemies":"Jaw Worm","floor":1,"turns":4},{"damage":1,"enemies":"Cultist","floor":2,"turns":3},{"damage":5,"enemies":"2 Louse","floor":5,"turns":2},{"damage":32,"enemies":"3 Sentries","floor":6,"turns":8},{"damage":5,"enemies":"Large Slime","floor":7,"turns":5},{"damage":0,"enemies":"Exordium Wildlife","floor":8,"turns":4},{"damage":0,"enemies":"Looter","floor":13,"turns":3},{"damage":0,"enemies":"Blue Slaver","floor":14,"turns":2},{"damage":32,"enemies":"Slime Boss","floor":16,"turns":8},{"damage":19,"enemies":"Chosen","floor":18,"turns":5},{"damage":24,"enemies":"Shell Parasite","floor":21,"turns":8},{"damage":39,"enemies":"Snake Plant","floor":22,"turns":5},{"damage":47,"enemies":"Book of Stabbing","floor":25,"turns":6},{"damage":60,"enemies":"Masked Bandits","floor":29,"turns":4},{"damage":30,"enemies":"Cultist and Chosen","floor":30,"turns":4}],"seed_played":"4564144478272613500","potions_obtained":[{"floor":5,"key":"Dexterity Potion"},{"floor":6,"key":"Swift Potion"},{"floor":7,"key":"Swift Potion"},{"floor":14,"key":"Block Potion"},{"floor":21,"key":"FearPotion"},{"floor":22,"key":"Weak Potion"},{"floor":25,"key":"PowerPotion"}],"is_trial":false,"path_per_floor":["M","M","?","$","M","E","M","M","T","R","?","$","M","M","R","B",null,"M","$","?","M","M","R","$","E","T","?","R","?","M"],"character_chosen":"DEFECT","items_purchased":["Gash","Self Repair","Echo Form","Conserve Battery","Hello World","Scrape","Static Discharge"],"campfire_rested":2,"item_purchase_floors":[4,4,12,12,19,24,24],"current_hp_per_floor":[79,78,78,78,74,50,53,54,54,54,54,54,62,70,70,39,89,85,85,85,69,31,73,73,34,34,34,79,27,0],"gold":117,"neow_bonus":"TEN_PERCENT_HP_BONUS","is_prod":false,"is_daily":false,"chose_seed":false,"campfire_upgraded":2,"win_rate":0.0,"timestamp":1566653542,"path_taken":["M","M","?","$","?","E","M","M","T","R","?","$","M","M","R","BOSS","M","$","?","M","M","R","$","E","T","?","R","?","M"],"build_version":"2019-06-28","purchased_purges":0,"victory":false,"max_hp_per_floor":[82,82,82,82,83,84,85,86,86,86,86,86,87,88,88,89,89,90,90,90,91,92,92,92,93,93,93,93,94,94],"card_choices":[{"not_picked":["Coolheaded","Compile Driver"],"picked":"Doom and Gloom","floor":1},{"not_picked":["Stack","Double Energy"],"picked":"Gash","floor":2},{"not_picked":["Darkness","Go for the Eyes"],"picked":"Coolheaded","floor":5},{"not_picked":["Rebound","Coolheaded"],"picked":"Creative AI","floor":6},{"not_picked":["Ball Lightning","Rip and Tear"],"picked":"Sweeping Beam","floor":7},{"not_picked":["Reinforced Body","Barrage"],"picked":"Gash","floor":8},{"not_picked":["Rebound","Consume"],"picked":"Ball Lightning","floor":13},{"not_picked":["Consume","Leap"],"picked":"Sweeping Beam","floor":14},{"not_picked":["Reboot","Machine Learning"],"picked":"Multi-Cast","floor":16},{"not_picked":["Barrage","Gash+1"],"picked":"Consume+1","floor":18},{"not_picked":["Glacier","Rebound+1"],"picked":"Redo","floor":21},{"not_picked":["Coolheaded","Self Repair"],"picked":"Scrape","floor":22},{"not_picked":["Conserve Battery","Beam Cell"],"picked":"Loop","floor":25},{"not_picked":["Hologram","Redo"],"picked":"Biased Cognition","floor":29}],"player_experience":34904,"relics_obtained":[{"floor":6,"key":"FossilizedHelix"},{"floor":9,"key":"Boot"},{"floor":25,"key":"MawBank"},{"floor":26,"key":"Kunai"},{"floor":29,"key":"Red Mask"}],"event_choices":[{"damage_healed":0,"gold_gain":0,"player_choice":"Trade","damage_taken":0,"relics_obtained":["FaceOfCleric"],"max_hp_gain":0,"max_hp_loss":0,"event_name":"FaceTrader","floor":3,"gold_loss":0},{"damage_healed":0,"gold_gain":0,"player_choice":"Searched \u00272\u0027 times","damage_taken":0,"relics_obtained":["Gremlin Horn"],"max_hp_gain":0,"max_hp_loss":0,"event_name":"Dead Adventurer","floor":11,"gold_loss":0},{"damage_healed":0,"gold_gain":0,"player_choice":"Ignored","damage_taken":0,"max_hp_gain":0,"max_hp_loss":0,"event_name":"Ghosts","floor":20,"gold_loss":0},{"damage_healed":0,"gold_gain":0,"player_choice":"Simplicity","damage_taken":0,"max_hp_gain":0,"max_hp_loss":0,"event_name":"Back to Basics","floor":27,"gold_loss":0,"cards_upgraded":["Strike_B","Strike_B","Strike_B","Strike_B","Defend_B","Defend_B","Defend_B","Defend_B"]},{"damage_healed":0,"gold_gain":0,"player_choice":"Fought Bandits","damage_taken":0,"max_hp_gain":0,"max_hp_loss":0,"event_name":"Masked Bandits","floor":29,"gold_loss":0}],"is_beta":true,"boss_relics":[{"not_picked":["Snecko Eye","FrozenCore"],"picked":"Eternal Feather"}],"items_purged_floors":[],"is_endless":false,"potions_floor_spawned":[5,6,7,14,21,22,25],"killed_by":"Cultist and Chosen","ascension_level":0}