{"gold_per_floor":[10,24,24,40,50,50,50,50,98,114,127,127,127,142,142,219,219,234,149,159,159,173,203,203,203,203,203,220,41,41,55,55,127,127,145,160,210,220,495,495,508,508,508,508,519,537,14,29,29,29,29],"floor_reached":51,"playtime":3209,"items_purged":["Regret"],"score":1255,"play_id":"982b13f6-abdd-4c44-97c5-f83e6fa164d4","local_time":"20180923010340","is_ascension_mode":true,"campfire_choices":[{"data":"Fission","floor":6.0,"key":"SMITH"},{"data":"Zap","floor":8.0,"key":"SMITH"},{"data":"Hologram","floor":12.0,"key":"SMITH"},{"data":"Hologram","floor":15.0,"key":"SMITH"},{"data":"Biased Cognition","floor":27.0,"key":"SMITH"},{"data":"Streamline","floor":30.0,"key":"SMITH"},{"floor":32.0,"key":"REST"},{"data":"Doom and Gloom","floor":40.0,"key":"SMITH"},{"floor":49.0,"key":"REST"}],"neow_cost":"NO_GOLD","seed_source_timestamp":0,"circlet_count":0,"master_deck":["Zap+1","AscendersBane","Fission+1","Coolheaded","Hologram+1","Coolheaded","Glacier","Ball Lightning","Hologram+1","Self Repair","Biased Cognition+1","Rebound+1","Beam Cell+1","Storm","Beam Cell+1","FTL","Gash","Hologram","Ball Lightning","Force Field","Streamline+1","Skim+1","Cold Snap+1","Doom and Gloom+1","Reinforced Body","Echo Form","Conserve Battery","Chill+1","All For One","Seek","Gash","Flash of Steel","Conserve Battery+1"],"special_seed":0,"relics":["Cracked Core","Omamori","Pandora\u0027s Box","Bag of Preparation","Necronomicon","Potion Belt","Question Card","Busted Crown","Lantern","Membership Card"],"potions_floor_usage":[51,51],"damage_taken":[{"damage":1.0,"enemies":"Small Slimes","floor":1.0,"turns":3.0},{"damage":2.0,"enemies":"Jaw Worm","floor":2.0,"turns":6.0},{"damage":0.0,"enemies":"2 Louse","floor":4.0,"turns":4.0},{"damage":23.0,"enemies":"Exordium Wildlife","floor":5.0,"turns":11.0},{"damage":0.0,"enemies":"Looter","floor":10.0,"turns":4.0},{"damage":4.0,"enemies":"Exordium Thugs","floor":11.0,"turns":5.0},{"damage":0.0,"enemies":"Gremlin Gang","floor":13.0,"turns":1.0},{"damage":0.0,"enemies":"2 Fungi Beasts","floor":14.0,"turns":3.0},{"damage":20.0,"enemies":"The Guardian","floor":16.0,"turns":17.0},{"damage":0.0,"enemies":"2 Thieves","floor":18.0,"turns":3.0},{"damage":3.0,"enemies":"3 Byrds","floor":20.0,"turns":4.0},{"damage":9.0,"enemies":"Snake Plant","floor":22.0,"turns":4.0},{"damage":31.0,"enemies":"Book of Stabbing","floor":23.0,"turns":5.0},{"damage":6.0,"enemies":"Snecko","floor":28.0,"turns":4.0},{"damage":18.0,"enemies":"Chosen and Byrds","floor":31.0,"turns":4.0},{"damage":8.0,"enemies":"Automaton","floor":33.0,"turns":10.0},{"damage":2.0,"enemies":"Orb Walker","floor":35.0,"turns":2.0},{"damage":10.0,"enemies":"3 Shapes","floor":36.0,"turns":3.0},{"damage":23.0,"enemies":"Reptomancer","floor":38.0,"turns":4.0},{"damage":3.0,"enemies":"Sphere and 2 Shapes","floor":41.0,"turns":5.0},{"damage":4.0,"enemies":"Spire Growth","floor":45.0,"turns":3.0},{"damage":7.0,"enemies":"Transient","floor":46.0,"turns":6.0},{"damage":5.0,"enemies":"Reptomancer","floor":48.0,"turns":4.0},{"damage":41.0,"enemies":"Awakened One","floor":50.0,"turns":11.0},{"damage":67,"enemies":"Time Eater","floor":51,"turns":7}],"seed_played":"-6351480449554458952","potions_obtained":[{"floor":1.0,"key":"GamblersBrew"},{"floor":10.0,"key":"Weak Potion"},{"floor":11.0,"key":"SmokeBomb"},{"floor":14.0,"key":"AttackPotion"},{"floor":18.0,"key":"Regen Potion"},{"floor":20.0,"key":"Ancient Potion"},{"floor":28.0,"key":"Weak Potion"},{"floor":35.0,"key":"Explosive Potion"},{"floor":38.0,"key":"Regen Potion"},{"floor":41.0,"key":"AttackPotion"},{"floor":48.0,"key":"Regen Potion"}],"is_trial":false,"path_per_floor":["M","M","?","M","M","R","?","R","T","M","M","R","M","M","R","B",null,"M","?","M","?","M","E","?","?","T","R","M","$","R","M","R","B",null,"M","M","?","M","?","R","M","?","T","?","M","M","$","M","R","B"],"character_chosen":"DEFECT","items_purchased":["Doom and Gloom","Regen Potion","Membership Card","SpeedPotion","EssenceOfSteel","Swift Potion","Seek","Gash","Flash of Steel"],"campfire_rested":2,"item_purchase_floors":[29,29,47,47,47,47,47,47,47],"current_hp_per_floor":[63,61,61,61,38,38,31,31,31,31,27,27,27,27,27,14,57,64,64,68,47,57,33,33,33,33,33,34,34,34,28,49,48,65,63,53,46,30,30,30,34,34,34,34,30,52,52,54,71,37,0],"gold":29,"neow_bonus":"THREE_RARE_CARDS","is_prod":false,"is_daily":false,"chose_seed":false,"campfire_upgraded":7,"win_rate":0,"timestamp":1537689820,"path_taken":["M","M","?","M","M","R","?","R","T","?","M","R","M","?","R","BOSS","M","?","M","?","?","E","?","?","T","R","M","?","R","M","R","BOSS","M","M","?","M","?","R","M","?","T","?","?","?","$","M","R","BOSS","BOSS"],"build_version":"2018-09-20","purchased_purges":1,"victory":false,"max_hp_per_floor":[71,71,71,71,71,71,71,71,71,71,71,71,71,71,71,71,71,71,71,71,71,71,71,71,71,71,71,71,71,71,71,71,71,71,71,71,71,71,71,71,71,71,71,71,71,71,71,71,71,71,71],"card_choices":[{"not_picked":["Reboot","Seek"],"picked":"Fission","floor":0.0},{"not_picked":["Chill","Redo"],"picked":"Coolheaded","floor":1.0},{"not_picked":["Steam","Redo"],"picked":"Hologram","floor":2.0},{"not_picked":["Compile Driver","Storm"],"picked":"Coolheaded","floor":4.0},{"not_picked":["Streamline","Sunder"],"picked":"Glacier","floor":5.0},{"not_picked":["Gash","Stack"],"picked":"Ball Lightning","floor":10.0},{"not_picked":["Scrape","Leap"],"picked":"Hologram","floor":11.0},{"not_picked":["Barrage","Leap"],"picked":"Self Repair","floor":14.0},{"not_picked":["Machine Learning","Amplify"],"picked":"Biased Cognition","floor":16.0},{"not_picked":["Fusion","Coolheaded"],"picked":"Ball Lightning","floor":18.0},{"not_picked":["Chill","Ball Lightning"],"picked":"Force Field","floor":20.0},{"not_picked":["Coolheaded","Chill"],"picked":"Streamline","floor":22.0},{"not_picked":["Stack","Coolheaded"],"picked":"Skim+1","floor":23.0},{"not_picked":["Beam Cell","Heatsinks","Stack"],"picked":"Cold Snap+1","floor":28.0},{"not_picked":["Ball Lightning+1","Rebound","Skim"],"picked":"Reinforced Body","floor":31.0},{"not_picked":["Fission","All For One","Machine Learning"],"picked":"Echo Form","floor":33.0},{"not_picked":["Redo"],"picked":"Conserve Battery","floor":35.0},{"not_picked":["Go for the Eyes","Scrape"],"picked":"SKIP","floor":36.0},{"not_picked":["Steam","Rebound"],"picked":"SKIP","floor":38.0},{"not_picked":["Streamline"],"picked":"Chill+1","floor":41.0},{"not_picked":["Rebound","Compile Driver"],"picked":"SKIP","floor":45.0},{"not_picked":["Compile Driver+1","Ball Lightning"],"picked":"SKIP","floor":46.0},{"not_picked":["Cold Snap+1"],"picked":"Conserve Battery+1","floor":48.0}],"player_experience":2373154,"relics_obtained":[{"floor":9.0,"key":"Omamori"},{"floor":21.0,"key":"Necronomicon"},{"floor":23.0,"key":"Potion Belt"},{"floor":26.0,"key":"Question Card"},{"floor":43.0,"key":"Lantern"}],"event_choices":[{"event_name":"The Cleric","player_choice":"Leave","floor":3.0,"damage_taken":0.0},{"event_name":"Golden Wing","player_choice":"Card Removal","floor":7.0,"damage_taken":0.0},{"event_name":"Addict","player_choice":"Obtained Relic","floor":19.0,"damage_taken":0.0},{"event_name":"Cursed Tome","player_choice":"Obtained Book","floor":21.0,"damage_taken":0.0},{"event_name":"Forgotten Altar","player_choice":"Smashed Altar","floor":24.0,"damage_taken":0.0},{"event_name":"Vampires","player_choice":"Ignored","floor":25.0,"damage_taken":0.0},{"event_name":"FaceTrader","player_choice":"Touch","floor":37.0,"damage_taken":0.0},{"event_name":"Golden Shrine","player_choice":"Desecrate","floor":39.0,"damage_taken":0.0},{"event_name":"Transmorgrifier","player_choice":"Transform","floor":42.0,"damage_taken":0.0},{"event_name":"The Moai Head","player_choice":"Ignored","floor":44.0,"damage_taken":0.0}],"is_beta":true,"boss_relics":[{"not_picked":["Black Star","Velvet Choker"],"picked":"Pandora\u0027s Box"},{"not_picked":["Sozu","Empty Cage"],"picked":"Busted Crown"}],"items_purged_floors":[47],"is_endless":false,"potions_floor_spawned":[1,10,11,14,18,20,28,35,38,41,48],"killed_by":"Time Eater","ascension_level":20}