{"gold_per_floor":[111,111,111,111,127,127,138,138,164,164,194,204,219,235,235,307,307,327,340,255,255,272,272,286,315,384,384,414,439,51,67,67,141,191,201,214,49,49,49,49,67,67],"floor_reached":42,"playtime":1975,"items_purged":["Strike_G+1"],"score":1026,"play_id":"c0a62886-454a-4d85-bde1-0b7da8279067","local_time":"20190830235731","is_ascension_mode":true,"campfire_choices":[{"data":"Noxious Fumes","floor":6,"key":"SMITH"},{"data":"Footwork","floor":8,"key":"SMITH"},{"floor":10,"key":"REST"},{"data":"Dash","floor":15,"key":"SMITH"},{"data":"After Image","floor":23,"key":"SMITH"},{"data":"Blade Dance","floor":27,"key":"SMITH"},{"data":"Dodge and Roll","floor":32,"key":"SMITH"},{"floor":40,"key":"REST"}],"neow_cost":"NONE","seed_source_timestamp":1214468481262206,"circlet_count":0,"master_deck":["AscendersBane","Strike_G+1","Strike_G+1","Strike_G+1","Defend_G+1","Defend_G+1","Defend_G+1","Defend_G+1","Defend_G+1","Survivor","Neutralize","Corpse Explosion+1","Dodge and Roll+1","Footwork+1","Noxious Fumes+1","Flying Knee","Dash+1","Bane","PiercingWail","After Image+1","PiercingWail","Dodge and Roll+1","Backstab","Blade Dance+1","Dodge and Roll+1","Backflip","Burst","Caltrops+1","PiercingWail+1","Well Laid Plans"],"relics":["Ring of the Snake","Ornamental Fan","Art of War","Anchor","Sozu","Nunchaku","Bottled Lightning","Gremlin Horn","Pantograph","Red Mask","Lee\u0027s Waffle","Bag of Marbles","Tiny House"],"potions_floor_usage":[16,29,29],"damage_taken":[{"damage":1,"enemies":"Cultist","floor":1,"turns":4},{"damage":0,"enemies":"2 Louse","floor":5,"turns":3},{"damage":7,"enemies":"Small Slimes","floor":7,"turns":4},{"damage":7,"enemies":"Lagavulin","floor":11,"turns":9},{"damage":5,"enemies":"Exordium Thugs","floor":12,"turns":4},{"damage":0,"enemies":"2 Fungi Beasts","floor":13,"turns":2},{"damage":0,"enemies":"Blue Slaver","floor":14,"turns":4},{"damage":0,"enemies":"Hexaghost","floor":16,"turns":13},{"damage":4,"enemies":"Shell Parasite","floor":18,"turns":6},{"damage":13,"enemies":"2 Thieves","floor":19,"turns":4},{"damage":1,"enemies":"Snake Plant","floor":22,"turns":5},{"damage":0,"enemies":"Shelled Parasite and Fungi","floor":24,"turns":7},{"damage":0,"enemies":"Book of Stabbing","floor":25,"turns":7},{"damage":7,"enemies":"Slavers","floor":28,"turns":5},{"damage":21,"enemies":"Masked Bandits","floor":29,"turns":5},{"damage":0,"enemies":"Sentry and Sphere","floor":31,"turns":4},{"damage":58,"enemies":"Automaton","floor":33,"turns":14},{"damage":0,"enemies":"3 Shapes","floor":35,"turns":4},{"damage":20,"enemies":"3 Darklings","floor":36,"turns":5},{"damage":59,"enemies":"Maw","floor":41,"turns":11},{"damage":0,"enemies":"Reptomancer","floor":42,"turns":2}],"seed_played":"-3178031893997457908","potions_obtained":[{"floor":1,"key":"Block Potion"},{"floor":11,"key":"Ancient Potion"},{"floor":13,"key":"Regen Potion"},{"floor":16,"key":"Weak Potion"}],"is_trial":false,"path_per_floor":["M","?","?","?","M","R","M","R","T","R","E","M","M","M","R","B",null,"M","M","?","?","M","R","M","E","T","R","E","?","$","M","R","B",null,"M","M","$","?","?","R","M","E"],"character_chosen":"THE_SILENT","items_purchased":["Lee\u0027s Waffle","Bag of Marbles","Well Laid Plans"],"campfire_rested":2,"item_purchase_floors":[30,30,37],"current_hp_per_floor":[58,38,33,33,33,33,26,26,26,45,38,33,33,33,33,33,58,54,41,41,41,40,40,40,40,40,40,33,21,73,73,73,15,64,64,44,44,44,44,66,7,7],"gold":67,"neow_bonus":"ONE_RANDOM_RARE_CARD","is_prod":false,"is_daily":false,"chose_seed":false,"campfire_upgraded":6,"win_rate":0,"timestamp":1567223851,"path_taken":["M","?","?","?","M","R","M","R","T","R","E","?","M","M","R","BOSS","M","M","?","?","M","R","?","E","T","R","E","?","$","M","R","BOSS","M","M","$","?","?","R","M","E"],"build_version":"2019-07-17","purchased_purges":1,"victory":false,"max_hp_per_floor":[66,66,66,66,66,66,66,66,66,66,66,66,66,66,66,66,66,66,66,66,66,66,66,66,66,66,66,66,66,73,73,73,73,78,78,78,78,78,74,74,74,74],"card_choices":[{"not_picked":["Heel Hook","Setup"],"picked":"Dodge and Roll","floor":1},{"not_picked":["Cloak And Dagger","Flechettes"],"picked":"Noxious Fumes","floor":5},{"not_picked":["Finisher","PiercingWail"],"picked":"Flying Knee","floor":7},{"not_picked":["Escape Plan","Riddle With Holes"],"picked":"Dash","floor":11},{"not_picked":["Cloak And Dagger","Riddle With Holes"],"picked":"Bane","floor":12},{"not_picked":["Acrobatics","Endless Agony"],"picked":"PiercingWail","floor":13},{"not_picked":["A Thousand Cuts","Flying Knee","Infinite Blades"],"picked":"SKIP","floor":14},{"not_picked":["Envenom","A Thousand Cuts"],"picked":"After Image","floor":16},{"not_picked":["Choke","Backflip"],"picked":"PiercingWail","floor":18},{"not_picked":["Dagger Throw","Sucker Punch"],"picked":"Dodge and Roll","floor":19},{"not_picked":["Bouncing Flask","Backflip"],"picked":"Backstab","floor":22},{"not_picked":["Underhanded Strike","Unload"],"picked":"Blade Dance","floor":24},{"not_picked":["Cloak And Dagger","Bane","Deadly Poison"],"picked":"SKIP","floor":25},{"not_picked":["Prepared","Deflect"],"picked":"Dodge and Roll","floor":28},{"not_picked":["Quick Slash+1","Skewer"],"picked":"Backflip","floor":31},{"not_picked":["Malaise","Die Die Die"],"picked":"Burst","floor":33},{"not_picked":["Bane","Flying Knee"],"picked":"Caltrops+1","floor":34},{"not_picked":["Riddle With Holes","Poisoned Stab"],"picked":"PiercingWail+1","floor":35},{"not_picked":["Heel Hook","Flying Knee+1","Deadly Poison"],"picked":"SKIP","floor":36},{"not_picked":["Tactician","Dodge and Roll","Underhanded Strike"],"picked":"SKIP","floor":41}],"player_experience":616721,"relics_obtained":[{"floor":9,"key":"Art of War"},{"floor":11,"key":"Anchor"},{"floor":25,"key":"Bottled Lightning"},{"floor":26,"key":"Gremlin Horn"},{"floor":28,"key":"Pantograph"},{"floor":29,"key":"Red Mask"}],"event_choices":[{"damage_healed":0,"gold_gain":0,"player_choice":"Entered Light","damage_taken":20,"max_hp_gain":0,"max_hp_loss":0,"event_name":"Shining Light","floor":2,"gold_loss":0,"cards_upgraded":["Dodge and Roll","Corpse Explosion"]},{"damage_healed":0,"gold_gain":0,"player_choice":"Success","damage_taken":5,"relics_obtained":["Ornamental Fan"],"max_hp_gain":0,"max_hp_loss":0,"event_name":"Scrap Ooze","floor":3,"gold_loss":0},{"damage_healed":0,"gold_gain":0,"cards_transformed":["Strike_G"],"player_choice":"Transformed","damage_taken":0,"max_hp_gain":0,"max_hp_loss":0,"event_name":"Transmorgrifier","floor":4,"gold_loss":0,"cards_obtained":["Footwork"]},{"damage_healed":0,"gold_gain":0,"player_choice":"Obtained Relic","damage_taken":0,"relics_obtained":["Nunchaku"],"max_hp_gain":0,"max_hp_loss":0,"event_name":"Addict","floor":20,"gold_loss":85},{"damage_healed":0,"gold_gain":0,"player_choice":"Simplicity","damage_taken":0,"max_hp_gain":0,"max_hp_loss":0,"event_name":"Back to Basics","floor":21,"gold_loss":0,"cards_upgraded":["Strike_G","Strike_G","Strike_G","Strike_G","Defend_G","Defend_G","Defend_G","Defend_G","Defend_G"]},{"damage_healed":0,"gold_gain":0,"player_choice":"Fought Bandits","damage_taken":0,"max_hp_gain":0,"max_hp_loss":0,"event_name":"Masked Bandits","floor":29,"gold_loss":0},{"damage_healed":0,"gold_gain":0,"player_choice":"Memory 1","damage_taken":0,"max_hp_gain":0,"max_hp_loss":0,"event_name":"SensoryStone","floor":38,"gold_loss":0},{"damage_healed":0,"gold_gain":0,"player_choice":"Max HP","damage_taken":0,"max_hp_gain":0,"max_hp_loss":4,"event_name":"Winding Halls","floor":39,"gold_loss":0}],"is_beta":false,"boss_relics":[{"not_picked":["Eternal Feather","Snecko Eye"],"picked":"Sozu"},{"not_picked":["WristBlade","Astrolabe"],"picked":"Tiny House"}],"items_purged_floors":[37],"is_endless":false,"potions_floor_spawned":[1,11,13,16,19,24,25,33,36],"killed_by":"Reptomancer","ascension_level":20}