{"gold_per_floor":[114,129,129,129,144,172,172,192,192,192,219,219,219,6,6,6],"floor_reached":16,"playtime":1948,"items_purged":[],"score":216,"play_id":"b0910be2-e9d8-4857-88a9-46a98853e41d","local_time":"20190802224937","is_ascension_mode":true,"campfire_choices":[{"floor":10,"key":"REST"},{"data":"Footwork","floor":13,"key":"SMITH"},{"data":"Adrenaline","floor":15,"key":"SMITH"}],"neow_cost":"TEN_PERCENT_HP_LOSS","seed_source_timestamp":18670084662733,"circlet_count":0,"master_deck":["AscendersBane","Strike_G","Strike_G","Strike_G","Defend_G","Defend_G","Defend_G","Defend_G","Defend_G","Survivor+1","Neutralize","Blur","Tools of the Trade","Masterful Stab+1","Noxious Fumes+1","Footwork+1","Adrenaline+1","Parasite","Flying Knee","PiercingWail"],"special_seed":0,"relics":["Ring of the Snake","Vajra","Juzu Bracelet","Meat on the Bone","Strange Spoon"],"potions_floor_usage":[6,16,16],"damage_taken":[{"damage":0.0,"enemies":"2 Louse","floor":1.0,"turns":5.0},{"damage":0.0,"enemies":"Small Slimes","floor":2.0,"turns":5.0},{"damage":2,"enemies":"Jaw Worm","floor":5,"turns":3},{"damage":32,"enemies":"Gremlin Nob","floor":6,"turns":4},{"damage":0,"enemies":"Blue Slaver","floor":8,"turns":4},{"damage":32,"enemies":"3 Sentries","floor":11,"turns":9},{"damage":20,"enemies":"Hexaghost","floor":16,"turns":9}],"seed_played":"713202636654353643","potions_obtained":[{"floor":1.0,"key":"Fruit Juice"},{"floor":5,"key":"SteroidPotion"},{"floor":8,"key":"Strength Potion"}],"is_trial":false,"path_per_floor":["M","M","?","?","M","E","?","M","T","R","E","?","R","$","R","B"],"character_chosen":"THE_SILENT","items_purchased":["Strange Spoon"],"campfire_rested":1,"item_purchase_floors":[14],"current_hp_per_floor":[59,59,59,41,39,7,22,22,22,40,8,13,13,13,13,0],"gold":6,"neow_bonus":"TRANSFORM_TWO_CARDS","is_prod":false,"is_daily":false,"chose_seed":false,"campfire_upgraded":2,"win_rate":0,"timestamp":1564800577,"path_taken":["M","M","?","?","M","E","?","M","T","R","E","?","R","?","R","BOSS"],"build_version":"2019-07-17","purchased_purges":0,"victory":false,"max_hp_per_floor":[60,60,60,60,60,60,60,60,60,60,60,65,65,65,65,70],"card_choices":[{"not_picked":["Masterful Stab","Finisher","Slice"],"picked":"SKIP","floor":1.0},{"not_picked":["Finisher","Slice"],"picked":"Masterful Stab","floor":1.0},{"not_picked":["Poisoned Stab","Acrobatics"],"picked":"Noxious Fumes","floor":2.0},{"not_picked":["Backstab","Slice"],"picked":"Footwork","floor":5},{"not_picked":["Heel Hook","Venomology"],"picked":"Adrenaline","floor":6},{"not_picked":["Eviscerate","Acrobatics"],"picked":"Flying Knee","floor":8},{"not_picked":["Quick Slash","Storm of Steel"],"picked":"PiercingWail","floor":11}],"player_experience":546089,"relics_obtained":[{"floor":6,"key":"Vajra"},{"floor":9,"key":"Juzu Bracelet"},{"floor":11,"key":"Meat on the Bone"}],"event_choices":[{"damage_healed":0,"gold_gain":0,"player_choice":"Grow","damage_taken":0,"max_hp_gain":0,"max_hp_loss":0,"event_name":"Living Wall","floor":3,"gold_loss":0,"cards_upgraded":["Masterful Stab"]},{"damage_healed":0,"gold_gain":0,"player_choice":"Entered Light","damage_taken":18,"max_hp_gain":0,"max_hp_loss":0,"event_name":"Shining Light","floor":4,"gold_loss":0,"cards_upgraded":["Survivor","Noxious Fumes"]},{"damage_healed":15,"gold_gain":0,"player_choice":"Healed and dodged fight","damage_taken":0,"max_hp_gain":0,"max_hp_loss":0,"event_name":"Mushrooms","floor":7,"gold_loss":0,"cards_obtained":["Parasite"]},{"damage_healed":0,"gold_gain":0,"player_choice":"Donut","damage_taken":0,"max_hp_gain":5,"max_hp_loss":0,"event_name":"Big Fish","floor":12,"gold_loss":0}],"is_beta":false,"boss_relics":[],"items_purged_floors":[],"is_endless":false,"potions_floor_spawned":[1,5,8],"killed_by":"Hexaghost","ascension_level":20}