{"gold_per_floor":[113,113,123,123,0,0,25,25,25,25,37,37,53,82,82,154,154,173,190,190,115,115,115,148,148],"floor_reached":25,"playtime":533,"items_purged":[],"score":454,"play_id":"59b08f16-098c-4a58-9a4b-d8872fbab84b","local_time":"20190830120432","is_ascension_mode":true,"campfire_choices":[{"data":"Genetic Algorithm","floor":6.0,"key":"SMITH"},{"data":"Sunder","floor":8.0,"key":"SMITH"},{"data":"Genetic Algorithm","floor":10.0,"key":"SMITH"},{"data":"Doom and Gloom","floor":12.0,"key":"SMITH"},{"floor":15.0,"key":"REST"},{"floor":23.0,"key":"REST"}],"neow_cost":"NONE","seed_source_timestamp":1173135479544729,"circlet_count":0,"master_deck":["AscendersBane","Defend_B","Defend_B","Defend_B","Defend_B","Zap","Dualcast","Sunder+1","Ball Lightning","Genetic Algorithm+1","Barrage","Doom and Gloom+1","Undo","Genetic Algorithm+1","FTL","Conserve Battery","Creative AI","Core Surge","Self Repair","Go for the Eyes","Writhe"],"special_seed":0,"relics":["Cracked Core","Bronze Scales","The Courier","Dream Catcher","Runic Pyramid","Molten Egg 2","DataDisk"],"potions_floor_usage":[],"damage_taken":[{"damage":0.0,"enemies":"2 Louse","floor":1.0,"turns":1.0},{"damage":3.0,"enemies":"Small Slimes","floor":3.0,"turns":2.0},{"damage":20.0,"enemies":"3 Sentries","floor":7.0,"turns":4.0},{"damage":0.0,"enemies":"Cultist","floor":11.0,"turns":3.0},{"damage":0.0,"enemies":"Looter","floor":13.0,"turns":3.0},{"damage":31.0,"enemies":"Gremlin Nob","floor":14.0,"turns":4.0},{"damage":20.0,"enemies":"Slime Boss","floor":16.0,"turns":9.0},{"damage":11.0,"enemies":"2 Thieves","floor":18.0,"turns":3.0},{"damage":0.0,"enemies":"Chosen","floor":19.0,"turns":5.0},{"damage":29.0,"enemies":"Slavers","floor":24.0,"turns":5.0},{"damage":31,"enemies":"Shelled Parasite and Fungi","floor":25,"turns":2}],"seed_played":"6007366151621667545","potions_obtained":[{"floor":3.0,"key":"Strength Potion"},{"floor":7.0,"key":"Fire Potion"},{"floor":14.0,"key":"AttackPotion"},{"floor":18.0,"key":"AttackPotion"}],"is_trial":false,"path_per_floor":["M","?","M","?","$","R","E","R","T","R","M","R","M","E","R","B",null,"M","M","?","?","?","R","E","M"],"character_chosen":"DEFECT","items_purchased":["Doom and Gloom","Undo"],"campfire_rested":2,"item_purchase_floors":[5,5],"current_hp_per_floor":[64,57,54,54,54,54,34,34,34,34,34,34,34,3,24,4,54,43,50,30,30,30,52,30,0],"gold":148,"neow_bonus":"TRANSFORM_CARD","is_prod":false,"is_daily":false,"chose_seed":false,"campfire_upgraded":4,"win_rate":0,"timestamp":1567181072,"path_taken":["M","?","M","?","$","R","E","R","T","R","M","R","M","E","R","BOSS","M","M","?","?","?","R","E","M"],"build_version":"2019-07-17","purchased_purges":0,"victory":false,"max_hp_per_floor":[71,71,71,71,71,71,71,71,71,71,71,71,71,71,71,71,71,71,71,76,76,76,76,76,76],"card_choices":[{"not_picked":["Beam Cell","Sweeping Beam"],"picked":"Ball Lightning","floor":1.0},{"not_picked":["Coolheaded","Consume"],"picked":"Genetic Algorithm","floor":3.0},{"not_picked":["Static Discharge","Seek"],"picked":"Genetic Algorithm","floor":7.0},{"not_picked":["Stack","Leap","Fusion"],"picked":"SKIP","floor":11.0},{"not_picked":["Beam Cell","Hologram"],"picked":"FTL","floor":13.0},{"not_picked":["Hologram","Barrage"],"picked":"Conserve Battery","floor":14.0},{"not_picked":["Streamline","Beam Cell"],"picked":"Creative AI","floor":15.0},{"not_picked":["Hyperbeam","Creative AI"],"picked":"Core Surge","floor":16.0},{"not_picked":["Gash","Barrage+1"],"picked":"Self Repair","floor":18.0},{"not_picked":["Compile Driver","Barrage"],"picked":"Go for the Eyes","floor":19.0},{"not_picked":["Compile Driver+1","Thunder Strike+1","Static Discharge"],"picked":"SKIP","floor":24.0}],"player_experience":616188,"relics_obtained":[{"floor":7.0,"key":"Bronze Scales"},{"floor":9.0,"key":"The Courier"},{"floor":14.0,"key":"Dream Catcher"},{"floor":24.0,"key":"DataDisk"}],"event_choices":[{"cards_removed":["Strike_B"],"damage_healed":0.0,"max_hp_gain":0.0,"max_hp_loss":0.0,"gold_gain":0.0,"event_name":"Golden Wing","player_choice":"Card Removal","floor":2.0,"gold_loss":0.0,"damage_taken":7.0},{"damage_healed":0.0,"max_hp_gain":0.0,"max_hp_loss":0.0,"gold_gain":0.0,"cards_transformed":["Strike_B"],"event_name":"Transmorgrifier","player_choice":"Transformed","floor":4.0,"gold_loss":0.0,"damage_taken":0.0,"cards_obtained":["Barrage"]},{"damage_healed":0.0,"max_hp_gain":5.0,"max_hp_loss":0.0,"gold_gain":0.0,"event_name":"Forgotten Altar","player_choice":"Shed Blood","floor":20.0,"gold_loss":0.0,"damage_taken":25.0},{"cards_removed":["Strike_B"],"damage_healed":0.0,"max_hp_gain":0.0,"max_hp_loss":0.0,"gold_gain":0.0,"event_name":"Beggar","player_choice":"Gave Gold","floor":21.0,"gold_loss":75.0,"damage_taken":0.0},{"damage_healed":0.0,"max_hp_gain":0.0,"max_hp_loss":0.0,"gold_gain":0.0,"event_name":"The Mausoleum","player_choice":"Opened","floor":22.0,"gold_loss":0.0,"damage_taken":0.0,"relics_obtained":["Molten Egg 2"],"cards_obtained":["Writhe"]}],"is_beta":false,"boss_relics":[{"not_picked":["Cursed Key","Empty Cage"],"picked":"Runic Pyramid"}],"items_purged_floors":[],"is_endless":false,"potions_floor_spawned":[3,7,14,18],"killed_by":"Shelled Parasite and Fungi","ascension_level":20}