{"gold_per_floor":[112,132,132,132,151,151,50,50,50,50,75,75],"floor_reached":12,"playtime":330,"items_purged":["Strike_G"],"score":152,"play_id":"bec8b699-9898-4230-8d0a-7c85bb6ecbfe","local_time":"20190817171723","is_ascension_mode":true,"campfire_choices":[{"floor":6,"key":"REST"},{"data":"Crippling Poison","floor":8,"key":"SMITH"},{"data":"Crippling Poison","floor":10,"key":"SMITH"}],"neow_cost":"PERCENT_DAMAGE","seed_source_timestamp":68852444141605,"circlet_count":0,"master_deck":["AscendersBane","Strike_G","Strike_G","Strike_G","Strike_G+1","Defend_G","Defend_G","Defend_G","Defend_G","Defend_G","Survivor","Neutralize+1","Crippling Poison+1","Crippling Poison+1","Flying Knee","Bane"],"relics":["Ring of the Snake","Unceasing Top","Oddly Smooth Stone"],"potions_floor_usage":[5,11,11],"damage_taken":[{"damage":30,"enemies":"Jaw Worm","floor":1,"turns":9},{"damage":0,"enemies":"Small Slimes","floor":2,"turns":4},{"damage":0,"enemies":"Cultist","floor":5,"turns":3},{"damage":17,"enemies":"3 Sentries","floor":11,"turns":9},{"damage":9,"enemies":"Gremlin Gang","floor":12,"turns":2}],"seed_played":"9141932666066312664","potions_obtained":[{"floor":2,"key":"SkillPotion"},{"floor":4,"key":"PowerPotion"},{"floor":5,"key":"Swift Potion"}],"is_trial":false,"path_per_floor":["M","M","?","?","M","R","$","R","T","R","E","M"],"character_chosen":"THE_SILENT","items_purchased":["Flying Knee"],"campfire_rested":1,"item_purchase_floors":[7],"current_hp_per_floor":[26,26,3,3,3,26,26,26,26,26,9,0],"gold":75,"neow_bonus":"TWENTY_PERCENT_HP_BONUS","is_prod":false,"is_daily":false,"chose_seed":false,"campfire_upgraded":2,"win_rate":0,"timestamp":1566076643,"path_taken":["M","M","?","?","M","R","$","R","T","R","E","M"],"build_version":"2019-07-17","purchased_purges":1,"victory":false,"max_hp_per_floor":[78,78,78,78,78,78,78,78,78,78,78,78],"card_choices":[{"not_picked":["Deadly Poison","Cloak And Dagger"],"picked":"Crippling Poison","floor":1},{"not_picked":["Deflect","Prepared","Expertise"],"picked":"SKIP","floor":2},{"not_picked":["Deadly Poison","Endless Agony"],"picked":"Crippling Poison","floor":5},{"not_picked":["Infinite Blades","Flying Knee"],"picked":"Bane","floor":11}],"player_experience":566582,"relics_obtained":[{"floor":9,"key":"Unceasing Top"},{"floor":11,"key":"Oddly Smooth Stone"}],"event_choices":[{"damage_healed":0,"gold_gain":0,"player_choice":"Entered Light","damage_taken":23,"max_hp_gain":0,"max_hp_loss":0,"event_name":"Shining Light","floor":3,"gold_loss":0,"cards_upgraded":["Strike_G","Neutralize"]},{"damage_healed":0,"gold_gain":0,"player_choice":"Got Potions","damage_taken":0,"max_hp_gain":0,"max_hp_loss":0,"event_name":"Lab","floor":4,"gold_loss":0}],"is_beta":false,"boss_relics":[],"items_purged_floors":[7],"is_endless":false,"potions_floor_spawned":[2,5],"killed_by":"Gremlin Gang","ascension_level":20}