{"gold_per_floor":[116,191,157,171,131,164,175,175,175,195,211,55,82,110,110,110],"floor_reached":16,"playtime":510,"items_purged":[],"score":169,"play_id":"3e973f01-d06c-44f2-971b-03cb3b509973","local_time":"20190826200150","is_ascension_mode":true,"campfire_choices":[{"data":"Perfected Strike","floor":8.0,"key":"SMITH"},{"data":"Pommel Strike","floor":15,"key":"SMITH"}],"neow_cost":"NONE","seed_source_timestamp":0,"circlet_count":0,"master_deck":["Strike_R","Strike_R","Strike_R","Strike_R","Strike_R","Defend_R","Defend_R","Defend_R","Defend_R","Bash","Perfected Strike+1","Dual Wield","Corruption","Headbutt","Pommel Strike+1","Shockwave","Double Tap","Shrug It Off"],"special_seed":0,"relics":["Burning Blood","NeowsBlessing","Magic Flower","Ornamental Fan","Sundial","Odd Mushroom"],"potions_floor_usage":[16],"damage_taken":[{"damage":0.0,"enemies":"Small Slimes","floor":1.0,"turns":1.0},{"damage":0.0,"enemies":"Jaw Worm","floor":4.0,"turns":1.0},{"damage":0.0,"enemies":"Lagavulin","floor":6.0,"turns":1.0},{"damage":1.0,"enemies":"Cultist","floor":7.0,"turns":3.0},{"damage":11.0,"enemies":"Looter","floor":10.0,"turns":2.0},{"damage":3.0,"enemies":"3 Louse","floor":11.0,"turns":4.0},{"damage":50.0,"enemies":"3 Sentries","floor":13.0,"turns":5.0},{"damage":31.0,"enemies":"The Mushroom Lair","floor":14.0,"turns":5.0},{"damage":48,"enemies":"Slime Boss","floor":16,"turns":8}],"seed_played":"-3909750877360739743","potions_obtained":[{"floor":7.0,"key":"Explosive Potion"},{"floor":11.0,"key":"AttackPotion"},{"floor":13.0,"key":"BloodPotion"},{"floor":14.0,"key":"Explosive Potion"}],"is_trial":false,"path_per_floor":["M","?","$","M","?","E","M","R","T","M","M","$","E","?","R","B"],"character_chosen":"IRONCLAD","items_purchased":["Dual Wield","Double Tap"],"campfire_rested":0,"item_purchase_floors":[3,12],"current_hp_per_floor":[80,69,69,75,75,80,80,80,80,78,80,80,39,47,47,0],"gold":110,"neow_bonus":"THREE_ENEMY_KILL","is_prod":false,"is_daily":false,"chose_seed":false,"campfire_upgraded":2,"win_rate":0,"timestamp":1566817310,"path_taken":["M","?","$","M","?","E","M","R","T","M","?","$","E","?","R","BOSS"],"build_version":"2019-07-17","purchased_purges":0,"victory":false,"max_hp_per_floor":[80,80,80,80,80,80,80,80,80,80,80,80,80,80,80,80],"card_choices":[{"not_picked":["Flex","Second Wind"],"picked":"Perfected Strike","floor":1.0},{"not_picked":["Cleave","Flex"],"picked":"Corruption","floor":4.0},{"not_picked":["Burning Pact","Perfected Strike"],"picked":"Headbutt","floor":6.0},{"not_picked":["Rampage","Burning Pact"],"picked":"Pommel Strike","floor":7.0},{"not_picked":["Rampage","Warcry"],"picked":"Shockwave","floor":10.0},{"not_picked":["Rage","Reckless Charge","Twin Strike"],"picked":"SKIP","floor":11.0},{"not_picked":["Double Tap","Havoc"],"picked":"Shrug It Off","floor":13.0}],"player_experience":234877,"relics_obtained":[{"floor":6.0,"key":"Magic Flower"},{"floor":9.0,"key":"Ornamental Fan"},{"floor":13.0,"key":"Sundial"},{"floor":14.0,"key":"Odd Mushroom"}],"event_choices":[{"damage_healed":0.0,"max_hp_gain":0.0,"max_hp_loss":0.0,"gold_gain":75.0,"event_name":"World of Goop","player_choice":"Gather Gold","floor":2.0,"gold_loss":0.0,"damage_taken":11.0},{"damage_healed":0.0,"max_hp_gain":0.0,"max_hp_loss":0.0,"gold_gain":0.0,"event_name":"The Woman in Blue","player_choice":"Bought 3 Potions","floor":5.0,"gold_loss":0.0,"damage_taken":0.0},{"damage_healed":0.0,"max_hp_gain":0.0,"max_hp_loss":0.0,"gold_gain":0.0,"event_name":"Mushrooms","player_choice":"Fought Mushrooms","floor":14.0,"gold_loss":0.0,"damage_taken":0.0}],"is_beta":false,"boss_relics":[],"items_purged_floors":[],"is_endless":false,"potions_floor_spawned":[7,11,13,14],"killed_by":"Slime Boss","ascension_level":5}