{"gold_per_floor":[118,118,142,156,306,306,321,321,321,342,342,102,102,138,138,227,227,243,262,277,277,297,297,337,337,418,442,442,442,485,70,70,70],"floor_reached":33,"playtime":1236,"items_purged":["Doubt"],"score":570,"play_id":"de58c37e-45d0-4fb9-b231-5185d4b4f18a","local_time":"20181029224514","is_ascension_mode":true,"campfire_choices":[{"data":"Zap","floor":6.0,"key":"SMITH"},{"data":"Sweeping Beam","floor":8.0,"key":"SMITH"},{"data":"Dualcast","floor":11.0,"key":"SMITH"},{"data":"Buffer","floor":15.0,"key":"SMITH"},{"floor":23,"key":"REST"},{"data":"Electrodynamics","floor":25,"key":"SMITH"},{"data":"White Noise","floor":28,"key":"SMITH"},{"floor":32,"key":"REST"}],"neow_cost":"NONE","seed_source_timestamp":33311147487809,"circlet_count":0,"master_deck":["Strike_B","Strike_B","Strike_B","Strike_B","Defend_B+1","Defend_B","Defend_B","Defend_B+1","Zap+1","Dualcast+1","AscendersBane","Sweeping Beam+1","Coolheaded","White Noise+1","Rip and Tear","Glacier","Discovery+1","Ball Lightning+1","Buffer+1","Electrodynamics+1","Gash+1","Capacitor+1","Barrage+1","Blizzard+1","Go for the Eyes+1","Cold Snap+1","Writhe","Cold Snap+1","Blizzard+1","Beam Cell+1"],"special_seed":0,"relics":["Cracked Core","Golden Idol","Molten Egg 2","Symbiotic Virus","Runic Dome","Gambling Chip","Meat on the Bone","Vajra","War Paint","Kunai"],"potions_floor_usage":[22,24],"damage_taken":[{"damage":4.0,"enemies":"Small Slimes","floor":1.0,"turns":3.0},{"damage":4.0,"enemies":"Jaw Worm","floor":3.0,"turns":4.0},{"damage":0.0,"enemies":"Cultist","floor":4.0,"turns":4.0},{"damage":4.0,"enemies":"Blue Slaver","floor":7.0,"turns":5.0},{"damage":0.0,"enemies":"2 Fungi Beasts","floor":10.0,"turns":2.0},{"damage":13.0,"enemies":"Lagavulin","floor":14.0,"turns":6.0},{"damage":29,"enemies":"Hexaghost","floor":16,"turns":13},{"damage":4,"enemies":"Spheric Guardian","floor":18,"turns":3},{"damage":6,"enemies":"Shell Parasite","floor":19,"turns":6},{"damage":8,"enemies":"Centurion and Healer","floor":20,"turns":7},{"damage":20,"enemies":"Snake Plant","floor":22,"turns":6},{"damage":18,"enemies":"Gremlin Leader","floor":24,"turns":3},{"damage":13,"enemies":"Shelled Parasite and Fungi","floor":27,"turns":6},{"damage":21,"enemies":"Book of Stabbing","floor":30,"turns":4},{"damage":56,"enemies":"Automaton","floor":33,"turns":8}],"seed_played":"-3154883408895115198","potions_obtained":[{"floor":1.0,"key":"SteroidPotion"},{"floor":3.0,"key":"EssenceOfSteel"},{"floor":4.0,"key":"Regen Potion"},{"floor":19,"key":"Regen Potion"},{"floor":20,"key":"Strength Potion"},{"floor":24,"key":"Fire Potion"}],"is_trial":false,"path_per_floor":["M","?","M","M","?","R","M","R","T","M","R","$","?","E","R","B",null,"M","M","M","?","M","R","E","R","T","M","R","?","E","$","R"],"character_chosen":"DEFECT","items_purchased":["Discovery","Ball Lightning+1","Kunai","Blizzard+1","Beam Cell+1"],"campfire_rested":2,"item_purchase_floors":[12,12,31,31,31],"current_hp_per_floor":[67,40,36,36,36,36,32,32,32,32,32,32,32,34,34,5,60,56,50,42,42,37,60,42,42,42,41,41,41,32,32,55,0],"gold":70,"neow_bonus":"TEN_PERCENT_HP_BONUS","is_prod":false,"is_daily":false,"chose_seed":false,"campfire_upgraded":6,"win_rate":0,"timestamp":1540878314,"path_taken":["M","?","M","?","?","R","M","R","T","M","R","?","?","E","R","BOSS","M","M","M","?","?","R","E","R","T","M","R","?","E","$","R","BOSS"],"build_version":"2018-10-29v2","purchased_purges":1,"victory":false,"max_hp_per_floor":[78,78,78,78,78,78,78,78,78,78,78,78,78,78,78,78,78,78,78,78,78,78,78,78,78,78,78,78,78,78,78,78,78],"card_choices":[{"not_picked":["Auto Shields","Barrage"],"picked":"Sweeping Beam","floor":1.0},{"not_picked":["Turbo","Fusion"],"picked":"Coolheaded","floor":3.0},{"not_picked":["Sweeping Beam","FTL"],"picked":"White Noise","floor":4.0},{"not_picked":["Heatsinks","Fusion"],"picked":"Rip and Tear","floor":7.0},{"not_picked":["Hologram","Steam"],"picked":"Glacier","floor":10.0},{"not_picked":["Steam","Compile Driver+1"],"picked":"Buffer","floor":14.0},{"not_picked":["Machine Learning","Seek"],"picked":"Electrodynamics","floor":16},{"not_picked":["Redo","Hello World"],"picked":"Gash+1","floor":18},{"not_picked":["Compile Driver+1","Self Repair"],"picked":"Capacitor","floor":19},{"not_picked":["Turbo","Rebound+1"],"picked":"Barrage+1","floor":20},{"not_picked":["Redo","Leap"],"picked":"Blizzard+1","floor":22},{"not_picked":["Fusion","Aggregate+1"],"picked":"Go for the Eyes+1","floor":24},{"not_picked":["Steam","Recycle"],"picked":"Cold Snap+1","floor":27},{"not_picked":["Ball Lightning+1","Redo"],"picked":"Cold Snap+1","floor":30}],"player_experience":2617315,"relics_obtained":[{"floor":9.0,"key":"Molten Egg 2"},{"floor":14.0,"key":"Symbiotic Virus"},{"floor":24,"key":"Gambling Chip"},{"floor":26,"key":"Meat on the Bone"},{"floor":30,"key":"War Paint"}],"event_choices":[{"damage_healed":0.0,"max_hp_gain":0.0,"max_hp_loss":0.0,"gold_gain":0.0,"event_name":"Golden Idol","player_choice":"Take Damage","floor":2.0,"gold_loss":0.0,"damage_taken":27.0,"relics_obtained":["Golden Idol"]},{"damage_healed":0.0,"max_hp_gain":0.0,"max_hp_loss":0.0,"gold_gain":150.0,"event_name":"Liars Game","player_choice":"AGREE","floor":5.0,"gold_loss":0.0,"damage_taken":0.0,"cards_obtained":["Doubt"]},{"damage_healed":0.0,"max_hp_gain":0.0,"max_hp_loss":0.0,"gold_gain":0.0,"event_name":"Upgrade Shrine","player_choice":"Upgraded","floor":13.0,"gold_loss":0.0,"damage_taken":0.0,"cards_upgraded":["Discovery"]},{"damage_healed":0,"gold_gain":0,"player_choice":"Upgraded","damage_taken":0,"max_hp_gain":0,"max_hp_loss":0,"event_name":"Upgrade Shrine","floor":21,"gold_loss":0,"cards_upgraded":["Capacitor"]},{"damage_healed":0,"gold_gain":0,"player_choice":"Opened","damage_taken":0,"relics_obtained":["Vajra"],"max_hp_gain":0,"max_hp_loss":0,"event_name":"The Mausoleum","floor":29,"gold_loss":0,"cards_obtained":["Writhe"]}],"is_beta":true,"boss_relics":[{"not_picked":["Philosopher\u0027s Stone","Coffee Dripper"],"picked":"Runic Dome"}],"items_purged_floors":[12],"is_endless":false,"potions_floor_spawned":[1,3,4,19,20,24],"killed_by":"Automaton","ascension_level":20}