{"gold_per_floor":[110,110,126,137,147,180,180,210,210,220,238,5,5],"floor_reached":13,"playtime":428,"items_purged":[],"score":155,"play_id":"675e361c-661c-4b84-85c9-b56a00fd0487","local_time":"20190325155154","is_ascension_mode":true,"campfire_choices":[{"data":"Armaments","floor":7.0,"key":"SMITH"}],"neow_cost":"NONE","seed_source_timestamp":1029608922547550,"circlet_count":0,"master_deck":["AscendersBane","Strike_R","Strike_R","Strike_R","Strike_R","Strike_R","Defend_R","Defend_R","Defend_R","Defend_R","Bash","Armaments+1","Shrug It Off","Flame Barrier","Cleave","Juggernaut","Rage","Metallicize","Feel No Pain","Disarm","Disarm","Inflame"],"special_seed":0,"relics":["Burning Blood","Lantern","Sundial","Prayer Wheel","StoneCalendar","Oddly Smooth Stone"],"potions_floor_usage":[13],"damage_taken":[{"damage":7.0,"enemies":"Small Slimes","floor":1.0,"turns":4.0},{"damage":7.0,"enemies":"Jaw Worm","floor":3.0,"turns":3.0},{"damage":3.0,"enemies":"2 Louse","floor":4.0,"turns":2.0},{"damage":8.0,"enemies":"Red Slaver","floor":5.0,"turns":5.0},{"damage":27.0,"enemies":"3 Sentries","floor":6.0,"turns":9.0},{"damage":24.0,"enemies":"Lagavulin","floor":8.0,"turns":9.0},{"damage":13.0,"enemies":"Exordium Thugs","floor":10.0,"turns":5.0},{"damage":15.0,"enemies":"Lots of Slimes","floor":11.0,"turns":5.0},{"damage":47,"enemies":"Gremlin Nob","floor":13,"turns":4}],"seed_played":"4784798627740395746","potions_obtained":[{"floor":3.0,"key":"Block Potion"},{"floor":8.0,"key":"SteroidPotion"},{"floor":11.0,"key":"FairyPotion"}],"is_trial":false,"path_per_floor":["M","?","M","M","M","E","R","E","T","M","M","$","E"],"character_chosen":"IRONCLAD","items_purchased":["Inflame","Oddly Smooth Stone"],"campfire_rested":0,"item_purchase_floors":[12,12],"current_hp_per_floor":[71,76,75,78,76,55,55,37,37,30,21,21,0],"gold":5,"neow_bonus":"RANDOM_COMMON_RELIC","is_prod":false,"is_daily":false,"chose_seed":false,"campfire_upgraded":1,"win_rate":0,"timestamp":1553543514,"path_taken":["M","?","M","M","M","E","R","E","T","M","M","$","E"],"build_version":"2019-01-23","purchased_purges":0,"victory":false,"max_hp_per_floor":[80,85,85,85,85,85,85,85,85,85,85,85,85],"card_choices":[{"not_picked":["Wild Strike","Corruption"],"picked":"Armaments","floor":1.0},{"not_picked":["Rage","Armaments"],"picked":"Shrug It Off","floor":3.0},{"not_picked":["Burning Pact","Entrench"],"picked":"Flame Barrier","floor":4.0},{"not_picked":["Havoc","Body Slam"],"picked":"Cleave","floor":5.0},{"not_picked":["Rage","Iron Wave"],"picked":"Juggernaut","floor":6.0},{"not_picked":["Sentinel","Reckless Charge"],"picked":"Rage","floor":8.0},{"not_picked":["Corruption","Battle Trance"],"picked":"Metallicize","floor":10.0},{"not_picked":["Cleave","Ghostly Armor"],"picked":"Feel No Pain","floor":10.0},{"not_picked":["Sword Boomerang","Havoc"],"picked":"Disarm","floor":11.0},{"not_picked":["Thunderclap","Sword Boomerang"],"picked":"Disarm","floor":11.0}],"player_experience":213336,"relics_obtained":[{"floor":6.0,"key":"Sundial"},{"floor":8.0,"key":"Prayer Wheel"},{"floor":9.0,"key":"StoneCalendar"}],"event_choices":[{"damage_healed":0.0,"max_hp_gain":5.0,"max_hp_loss":0.0,"gold_gain":0.0,"event_name":"Big Fish","player_choice":"Donut","floor":2.0,"gold_loss":0.0,"damage_taken":0.0}],"is_beta":false,"boss_relics":[],"items_purged_floors":[],"is_endless":false,"potions_floor_spawned":[3,8,11],"killed_by":"Gremlin Nob","ascension_level":12}