{"gold_per_floor":[119,44,63,63,8,43,56,84,84,115,115,115,115,145,145,221,221,232,232,248,248,19,19],"floor_reached":23,"playtime":19737,"items_purged":["Strike_R"],"score":510,"play_id":"f5e32cc0-c3ba-4490-b0eb-73a11a7f2784","local_time":"20190628123005","is_ascension_mode":true,"campfire_choices":[{"data":"Thunderclap","floor":11,"key":"SMITH"},{"data":"Shockwave","floor":15,"key":"SMITH"}],"neow_cost":"NONE","seed_source_timestamp":518762454747771,"circlet_count":0,"master_deck":["AscendersBane","Strike_R","Strike_R","Strike_R","Defend_R","Defend_R","Defend_R","Defend_R+1","Bash+1","Thunderclap+1","Shockwave+1","Shrug It Off","Anger","Shrug It Off","Offering","Twin Strike","Juggernaut+1","Barricade+1","Disarm","Metallicize+1","Entrench"],"relics":["Burning Blood","NeowsBlessing","Pantograph","Odd Mushroom","Happy Flower","Frozen Egg 2","Shuriken","Ancient Tea Set","Coffee Dripper","Peace Pipe"],"potions_floor_usage":[14,14],"damage_taken":[{"damage":0,"enemies":"2 Louse","floor":1,"turns":1},{"damage":0,"enemies":"Small Slimes","floor":3,"turns":2},{"damage":0,"enemies":"Gremlin Nob","floor":6,"turns":1},{"damage":0,"enemies":"Cultist","floor":7,"turns":3},{"damage":12,"enemies":"The Mushroom Lair","floor":8,"turns":4},{"damage":30,"enemies":"3 Sentries","floor":10,"turns":9},{"damage":6,"enemies":"Gremlin Nob","floor":14,"turns":3},{"damage":68,"enemies":"Slime Boss","floor":16,"turns":14},{"damage":13,"enemies":"Chosen","floor":18,"turns":4},{"damage":6,"enemies":"3 Byrds","floor":20,"turns":4},{"damage":49,"enemies":"Slavers","floor":23,"turns":4}],"seed_played":"-357527596345182651","potions_obtained":[{"floor":3,"key":"Swift Potion"},{"floor":8,"key":"Strength Potion"},{"floor":18,"key":"SpeedPotion"}],"is_trial":false,"path_per_floor":["M","?","M","?","$","E","M","?","T","E","R","T","?","E","R","B",null,"M","?","M","?","$","E"],"character_chosen":"IRONCLAD","items_purchased":["Shrug It Off","Metallicize+1","Entrench"],"campfire_rested":0,"item_purchase_floors":[5,22,22],"current_hp_per_floor":[74,74,75,52,52,58,64,58,58,34,34,34,59,59,59,13,60,53,53,53,46,46,0],"gold":19,"neow_bonus":"THREE_ENEMY_KILL","is_prod":false,"is_daily":false,"chose_seed":false,"campfire_upgraded":2,"win_rate":0,"timestamp":1561739405,"path_taken":["M","?","M","?","$","E","M","?","T","E","R","?","?","E","R","BOSS","M","?","?","?","?","E"],"build_version":"2019-01-23","purchased_purges":1,"victory":false,"max_hp_per_floor":[75,75,75,75,75,75,75,75,75,75,75,75,75,75,75,75,75,75,75,75,75,75,75],"card_choices":[{"not_picked":["Sword Boomerang","Searing Blow"],"picked":"Thunderclap","floor":1},{"not_picked":["Wild Strike","Dual Wield"],"picked":"Shockwave","floor":3},{"not_picked":["Cleave","Clash"],"picked":"Anger","floor":6},{"not_picked":["Heavy Blade","Wild Strike"],"picked":"Shrug It Off","floor":7},{"not_picked":["Anger","Thunderclap"],"picked":"Offering","floor":8},{"not_picked":["Anger","Cleave"],"picked":"Twin Strike","floor":10},{"not_picked":["Havoc","Metallicize+1"],"picked":"Juggernaut+1","floor":14},{"not_picked":["Double Tap","Fiend Fire"],"picked":"Barricade+1","floor":16},{"not_picked":["Heavy Blade","Rupture+1","Clash"],"picked":"SKIP","floor":18},{"not_picked":["Sentinel","True Grit"],"picked":"Disarm","floor":20}],"player_experience":474535,"relics_obtained":[{"floor":6,"key":"Pantograph"},{"floor":8,"key":"Odd Mushroom"},{"floor":9,"key":"Happy Flower"},{"floor":10,"key":"Frozen Egg 2"},{"floor":12,"key":"Shuriken"},{"floor":14,"key":"Ancient Tea Set"}],"event_choices":[{"cards_removed":["Strike_R"],"damage_healed":0,"gold_gain":0,"player_choice":"Card Removal","damage_taken":0,"max_hp_gain":0,"max_hp_loss":0,"event_name":"The Cleric","floor":2,"gold_loss":75},{"damage_healed":0,"gold_gain":0,"player_choice":"Entered Light","damage_taken":23,"max_hp_gain":0,"max_hp_loss":0,"event_name":"Shining Light","floor":4,"gold_loss":0,"cards_upgraded":["Bash","Defend_R"]},{"damage_healed":0,"gold_gain":0,"player_choice":"Fought Mushrooms","damage_taken":0,"max_hp_gain":0,"max_hp_loss":0,"event_name":"Mushrooms","floor":8,"gold_loss":0},{"damage_healed":25,"gold_gain":0,"player_choice":"Banana","damage_taken":0,"max_hp_gain":0,"max_hp_loss":0,"event_name":"Big Fish","floor":13,"gold_loss":0},{"damage_healed":0,"gold_gain":0,"player_choice":"Gave Potion","damage_taken":0,"relics_obtained":["Peace Pipe"],"max_hp_gain":0,"max_hp_loss":0,"event_name":"WeMeetAgain","floor":19,"gold_loss":0},{"damage_healed":0,"gold_gain":0,"player_choice":"","damage_taken":7,"max_hp_gain":0,"max_hp_loss":0,"event_name":"Knowing Skull","floor":21,"potions_obtained":[],"gold_loss":0,"cards_obtained":[]}],"is_beta":false,"boss_relics":[{"not_picked":["Black Blood","Velvet Choker"],"picked":"Coffee Dripper"}],"items_purged_floors":[22],"is_endless":false,"potions_floor_spawned":[3,8,10,18],"killed_by":"Slavers","ascension_level":20}