{"gold_per_floor":[11,11,86,86,96,96,121,121,170,190,208,20,40,40,40,145,145,161,161,76,27,27,27,61,61,87,104,138,158,168,181,181,181],"floor_reached":33,"playtime":903,"items_purged":[],"score":467,"play_id":"c44dd91d-34c6-4c02-9363-1448824d4150","local_time":"20190312002540","is_ascension_mode":true,"campfire_choices":[{"data":"Master of Strategy","floor":6.0,"key":"SMITH"},{"floor":8.0,"key":"REST"},{"data":"Sunder","floor":15.0,"key":"SMITH"},{"data":"Zap","floor":23,"key":"SMITH"},{"floor":25,"key":"REST"},{"floor":32,"key":"REST"}],"neow_cost":"NO_GOLD","seed_source_timestamp":0,"circlet_count":0,"master_deck":["AscendersBane","Strike_B","Strike_B","Strike_B+1","Strike_B","Defend_B","Defend_B","Defend_B+1","Defend_B","Zap+1","Dualcast","Master of Strategy+1","Trip","Sunder+1","Auto Shields","Conserve Battery","Master of Strategy","Double Energy","Meteor Strike","Gash+1","RitualDagger","Gash","Gash+1","Biased Cognition","Coolheaded","Gash","Gash"],"special_seed":0,"relics":["Cracked Core","PreservedInsect","Oddly Smooth Stone","Runic Pyramid","Letter Opener","Lantern","Art of War","Regal Pillow"],"potions_floor_usage":[29,29,33],"damage_taken":[{"damage":0.0,"enemies":"Cultist","floor":1.0,"turns":3.0},{"damage":2.0,"enemies":"Jaw Worm","floor":5.0,"turns":2.0},{"damage":27.0,"enemies":"Lagavulin","floor":7.0,"turns":5.0},{"damage":0.0,"enemies":"2 Louse","floor":10.0,"turns":2.0},{"damage":11.0,"enemies":"Looter","floor":11.0,"turns":2.0},{"damage":0.0,"enemies":"Exordium Wildlife","floor":13.0,"turns":3.0},{"damage":22.0,"enemies":"The Guardian","floor":16.0,"turns":11.0},{"damage":0,"enemies":"Chosen","floor":18,"turns":4},{"damage":18,"enemies":"Book of Stabbing","floor":24,"turns":5},{"damage":3,"enemies":"Shell Parasite","floor":27,"turns":4},{"damage":14,"enemies":"Gremlin Leader","floor":28,"turns":5},{"damage":0,"enemies":"Snecko","floor":29,"turns":3},{"damage":16,"enemies":"Shelled Parasite and Fungi","floor":30,"turns":6},{"damage":4,"enemies":"Chosen and Byrds","floor":31,"turns":4},{"damage":56,"enemies":"Collector","floor":33,"turns":7}],"seed_played":"-3709165951087090932","potions_obtained":[{"floor":1.0,"key":"SpeedPotion"},{"floor":7.0,"key":"SteroidPotion"},{"floor":11.0,"key":"Weak Potion"},{"floor":27,"key":"Weak Potion"},{"floor":28,"key":"Poison Potion"},{"floor":31,"key":"Energy Potion"}],"is_trial":false,"path_per_floor":["M","?","?","?","M","R","E","R","T","M","M","$","M","$","R","B",null,"M","?","?","$","?","R","E","R","T","M","E","M","M","M","R","B"],"character_chosen":"DEFECT","items_purchased":["Master of Strategy","Gash"],"campfire_rested":3,"item_purchase_floors":[12,21],"current_hp_per_floor":[68,68,57,42,40,40,13,35,35,35,24,24,24,24,24,2,57,57,51,51,51,51,51,33,55,55,52,38,38,22,18,55,0],"gold":181,"neow_bonus":"RANDOM_COLORLESS_2","is_prod":false,"is_daily":false,"chose_seed":false,"campfire_upgraded":3,"win_rate":0,"timestamp":1552364740,"path_taken":["M","?","?","?","M","R","E","R","T","M","M","?","M","?","R","BOSS","M","?","?","$","?","R","E","R","T","M","E","?","M","M","R","BOSS"],"build_version":"2019-01-23","purchased_purges":0,"victory":false,"max_hp_per_floor":[75,75,75,75,75,75,75,75,75,75,75,75,75,75,75,75,75,75,75,75,75,75,75,75,75,75,75,75,75,75,75,75,75],"card_choices":[{"not_picked":["Consume","Rebound"],"picked":"Sunder","floor":1.0},{"not_picked":["Leap","Static Discharge","Heatsinks"],"picked":"SKIP","floor":5.0},{"not_picked":["Steam","Storm"],"picked":"Auto Shields","floor":7.0},{"not_picked":["Gash","Redo"],"picked":"Conserve Battery","floor":10.0},{"not_picked":["Darkness","Hologram","Compile Driver"],"picked":"SKIP","floor":11.0},{"not_picked":["Recycle","Leap"],"picked":"Double Energy","floor":13.0},{"not_picked":["Creative AI","Fission"],"picked":"Meteor Strike","floor":16.0},{"not_picked":["Compile Driver+1","Conserve Battery"],"picked":"Gash+1","floor":18},{"not_picked":["Hologram","Doom and Gloom"],"picked":"Biased Cognition","floor":24},{"not_picked":["Hologram","Tempest"],"picked":"Coolheaded","floor":27},{"not_picked":["Steam Power","Capacitor"],"picked":"Gash","floor":28},{"not_picked":["Skim","Hologram+1","Reboot"],"picked":"SKIP","floor":29},{"not_picked":["Streamline","Beam Cell","Leap"],"picked":"SKIP","floor":30},{"not_picked":["Turbo","Fusion"],"picked":"Gash","floor":31}],"player_experience":183618,"relics_obtained":[{"floor":7.0,"key":"PreservedInsect"},{"floor":9.0,"key":"Oddly Smooth Stone"},{"floor":24,"key":"Lantern"},{"floor":26,"key":"Art of War"},{"floor":28,"key":"Regal Pillow"}],"event_choices":[{"damage_healed":0.0,"max_hp_gain":0.0,"max_hp_loss":0.0,"gold_gain":0.0,"event_name":"The Cleric","player_choice":"Leave","floor":2.0,"gold_loss":0.0,"damage_taken":0.0},{"damage_healed":0.0,"max_hp_gain":0.0,"max_hp_loss":0.0,"gold_gain":75.0,"event_name":"World of Goop","player_choice":"Gather Gold","floor":3.0,"gold_loss":0.0,"damage_taken":11.0},{"damage_healed":0.0,"max_hp_gain":0.0,"max_hp_loss":0.0,"gold_gain":0.0,"event_name":"Shining Light","player_choice":"Entered Light","floor":4.0,"gold_loss":0.0,"damage_taken":15.0,"cards_upgraded":["Strike_B","Defend_B"]},{"damage_healed":0,"gold_gain":0,"player_choice":"Joined the Cult","damage_taken":6,"max_hp_gain":0,"max_hp_loss":0,"event_name":"Nest","floor":19,"gold_loss":0,"cards_obtained":["RitualDagger"]},{"damage_healed":0,"gold_gain":0,"player_choice":"Obtained Relic","damage_taken":0,"relics_obtained":["Letter Opener"],"max_hp_gain":0,"max_hp_loss":0,"event_name":"Addict","floor":20,"gold_loss":85},{"damage_healed":0,"gold_gain":0,"player_choice":"Copied","damage_taken":0,"max_hp_gain":0,"max_hp_loss":0,"event_name":"Duplicator","floor":22,"gold_loss":0,"cards_obtained":["Gash"]}],"is_beta":false,"boss_relics":[{"not_picked":["Lizard Tail","Black Star"],"picked":"Runic Pyramid"}],"items_purged_floors":[],"is_endless":false,"potions_floor_spawned":[1,7,11,27,28,31],"killed_by":"Collector","ascension_level":11}