{"gold_per_floor":[13,13,13,23,43,68,68,102,128,128,162,162,221,11,11,115,115,125,40,54,70,70,70,9,9,9,28,44,78,78,90,90,194,194,213,288,306,306,306,334,334,344,344,344,373,390,404,123,123,123],"floor_reached":51,"playtime":1956,"items_purged":["Strike_R+1"],"score":837,"play_id":"5a95971b-daa0-452c-b1c1-a1f7a6f5ac5c","local_time":"20190207152812","is_ascension_mode":true,"campfire_choices":[{"data":"Anger","floor":10,"key":"SMITH"},{"data":"Metallicize","floor":12,"key":"SMITH"},{"data":"Ghostly Armor","floor":15,"key":"SMITH"},{"data":"Juggernaut","floor":23,"key":"SMITH"},{"data":"Armaments","floor":25,"key":"SMITH"},{"floor":30,"key":"REST"},{"data":"Shockwave","floor":32,"key":"SMITH"},{"floor":41,"key":"REST"},{"floor":49,"key":"REST"}],"neow_cost":"NO_GOLD","seed_source_timestamp":86281735017018,"circlet_count":0,"master_deck":["Strike_R+1","Strike_R+1","Defend_R+1","Defend_R+1","Defend_R+1","Bash+1","Shrug It Off","Anger+1","Flex","Metallicize+1","Ghostly Armor+1","Juggernaut+1","Armaments+1","Iron Wave+1","Feel No Pain","Warcry+1","Havoc+1","Armaments+1","Shockwave+1","Fiend Fire+1","Evolve+1","Barricade+1","Armaments+1","Anger","Dual Wield+1","Body Slam+1","Feel No Pain","Impervious","Corruption","Blind"],"relics":["Burning Blood","Ornamental Fan","Pear","Meat on the Bone","Pen Nib","Potion Belt","Vajra","Darkstone Periapt","Membership Card","Philosopher\u0027s Stone","Bronze Scales","Nunchaku","Blood Vial","Astrolabe","Juzu Bracelet","Shovel","Bottled Lightning","Strawberry","Whetstone"],"potions_floor_usage":[11,13,29,33,33,40,46,47,50,50,50,50,50,50,50,50],"damage_taken":[{"damage":12,"enemies":"2 Louse","floor":1,"turns":3},{"damage":14,"enemies":"Jaw Worm","floor":4,"turns":6},{"damage":1,"enemies":"Cultist","floor":5,"turns":3},{"damage":12,"enemies":"3 Sentries","floor":6,"turns":10},{"damage":16,"enemies":"Gremlin Nob","floor":8,"turns":4},{"damage":24,"enemies":"Lagavulin","floor":11,"turns":4},{"damage":10,"enemies":"3 Sentries","floor":13,"turns":6},{"damage":49,"enemies":"Slime Boss","floor":16,"turns":12},{"damage":12,"enemies":"Chosen","floor":18,"turns":5},{"damage":3,"enemies":"Shell Parasite","floor":20,"turns":4},{"damage":17,"enemies":"Shelled Parasite and Fungi","floor":21,"turns":5},{"damage":17,"enemies":"Snake Plant","floor":27,"turns":3},{"damage":15,"enemies":"Cultist and Chosen","floor":28,"turns":5},{"damage":15,"enemies":"Book of Stabbing","floor":29,"turns":4},{"damage":17,"enemies":"Shelled Parasite and Fungi","floor":31,"turns":5},{"damage":36,"enemies":"Collector","floor":33,"turns":9},{"damage":49,"enemies":"3 Darklings","floor":35,"turns":5},{"damage":19,"enemies":"3 Shapes","floor":37,"turns":5},{"damage":43,"enemies":"Nemesis","floor":40,"turns":7},{"damage":42,"enemies":"Jaw Worm Horde","floor":42,"turns":6},{"damage":6,"enemies":"Giant Head","floor":45,"turns":9},{"damage":25,"enemies":"3 Darklings","floor":46,"turns":5},{"damage":32,"enemies":"Transient","floor":47,"turns":5},{"damage":16,"enemies":"Awakened One","floor":50,"turns":14}],"seed_played":"5691765710152803697","potions_obtained":[{"floor":8,"key":"Poison Potion"},{"floor":11,"key":"SteroidPotion"},{"floor":13,"key":"Dexterity Potion"},{"floor":18,"key":"FearPotion"},{"floor":21,"key":"Weak Potion"},{"floor":27,"key":"Block Potion"},{"floor":33,"key":"EntropicBrew"},{"floor":37,"key":"Block Potion"},{"floor":42,"key":"Explosive Potion"},{"floor":45,"key":"PowerPotion"}],"is_trial":false,"path_per_floor":["M","?","T","M","M","E","?","E","T","R","E","R","?","$","R","B",null,"M","?","M","M","?","R","$","R","T","M","M","E","R","M","R","B",null,"M","?","M","$","?","E","R","M","T","?","E","M","M","$","R","B",null],"character_chosen":"IRONCLAD","items_purchased":["Membership Card","Feel No Pain","PowerPotion","Corruption","Strawberry","Whetstone","Blind"],"campfire_rested":3,"item_purchase_floors":[14,24,24,48,48,48,48],"current_hp_per_floor":[90,78,88,80,85,79,79,69,69,69,63,63,71,71,71,40,106,100,100,103,92,92,92,92,92,92,81,72,63,94,85,85,69,106,63,53,54,54,54,31,61,39,39,88,88,69,57,64,92,84],"gold":123,"neow_bonus":"TWENTY_PERCENT_HP_BONUS","is_prod":false,"is_daily":false,"chose_seed":false,"campfire_upgraded":6,"win_rate":0,"timestamp":1549571292,"path_taken":["M","?","?","?","M","E","?","E","T","R","E","R","?","$","R","BOSS","M","?","M","M","?","R","$","R","T","M","M","E","R","M","R","BOSS","M","?","?","$","?","E","R","M","T","?","E","M","M","$","R","BOSS"],"build_version":"2019-01-23","purchased_purges":1,"victory":true,"max_hp_per_floor":[96,96,106,106,106,106,106,106,106,106,106,106,106,106,106,106,106,106,106,106,106,106,106,106,106,106,106,106,106,106,106,106,106,106,106,106,106,106,101,101,101,101,101,88,88,88,88,95,95,95],"card_choices":[{"not_picked":["Flex","Clash"],"picked":"Shrug It Off","floor":1},{"not_picked":["Sword Boomerang","Pommel Strike"],"picked":"Anger","floor":4},{"not_picked":["Anger","Sword Boomerang","Seeing Red"],"picked":"SKIP","floor":5},{"not_picked":["Headbutt","Entrench"],"picked":"Flex","floor":6},{"not_picked":["Fiend Fire","Heavy Blade","True Grit"],"picked":"SKIP","floor":8},{"not_picked":["Infernal Blade","Battle Trance"],"picked":"Metallicize","floor":11},{"not_picked":["Iron Wave","Pummel"],"picked":"Ghostly Armor","floor":13},{"not_picked":["Exhume","Berserk"],"picked":"Juggernaut","floor":16},{"not_picked":["Pommel Strike","Thunderclap","Searing Blow"],"picked":"SKIP","floor":18},{"not_picked":["Power Through+1","Pummel"],"picked":"Armaments","floor":20},{"not_picked":["Carnage","Metallicize"],"picked":"Iron Wave","floor":21},{"not_picked":["Clash","Shrug It Off"],"picked":"Warcry+1","floor":27},{"not_picked":["Warcry","Searing Blow"],"picked":"Havoc+1","floor":28},{"not_picked":["Anger","Wild Strike"],"picked":"Armaments+1","floor":29},{"not_picked":["Warcry","Flex"],"picked":"Shockwave","floor":31},{"not_picked":["Immolate","Bludgeon"],"picked":"Fiend Fire","floor":33},{"not_picked":["Clothesline+1","Pommel Strike+1"],"picked":"Anger","floor":35},{"not_picked":["Body Slam","Flex+1"],"picked":"Dual Wield+1","floor":37},{"not_picked":["Anger","Shrug It Off"],"picked":"Body Slam+1","floor":40},{"not_picked":["Warcry+1","Perfected Strike+1"],"picked":"Feel No Pain","floor":42},{"not_picked":["Anger+1","Perfected Strike+1","Wild Strike"],"picked":"SKIP","floor":45},{"not_picked":["Hemokinesis+1","Perfected Strike+1","Blood for Blood+1"],"picked":"SKIP","floor":46},{"not_picked":["True Grit+1","Second Wind"],"picked":"Impervious","floor":47}],"player_experience":34739,"relics_obtained":[{"floor":3,"key":"Pear"},{"floor":6,"key":"Meat on the Bone"},{"floor":8,"key":"Pen Nib"},{"floor":9,"key":"Potion Belt"},{"floor":11,"key":"Vajra"},{"floor":13,"key":"Darkstone Periapt"},{"floor":26,"key":"Nunchaku"},{"floor":29,"key":"Blood Vial"},{"floor":40,"key":"Juzu Bracelet"},{"floor":43,"key":"Shovel"},{"floor":45,"key":"Bottled Lightning"}],"event_choices":[{"damage_healed":0,"gold_gain":0,"player_choice":"Success","damage_taken":12,"relics_obtained":["Ornamental Fan"],"max_hp_gain":0,"max_hp_loss":0,"event_name":"Scrap Ooze","floor":2,"gold_loss":0},{"damage_healed":0,"gold_gain":0,"player_choice":"Grow","damage_taken":0,"max_hp_gain":0,"max_hp_loss":0,"event_name":"Living Wall","floor":7,"gold_loss":0,"cards_upgraded":["Bash"]},{"damage_healed":0,"gold_gain":0,"player_choice":"Searched \u00271\u0027 times","damage_taken":0,"max_hp_gain":0,"max_hp_loss":0,"event_name":"Dead Adventurer","floor":13,"gold_loss":0},{"damage_healed":0,"gold_gain":0,"player_choice":"Obtained Relic","damage_taken":0,"relics_obtained":["Bronze Scales"],"max_hp_gain":0,"max_hp_loss":0,"event_name":"Addict","floor":19,"gold_loss":85},{"damage_healed":0,"gold_gain":0,"player_choice":"Simplicity","damage_taken":0,"max_hp_gain":0,"max_hp_loss":0,"event_name":"Back to Basics","floor":22,"gold_loss":0,"cards_upgraded":["Strike_R","Strike_R","Strike_R","Strike_R","Strike_R","Defend_R","Defend_R","Defend_R","Defend_R"]},{"damage_healed":0,"gold_gain":75,"player_choice":"Touch","damage_taken":10,"max_hp_gain":0,"max_hp_loss":0,"event_name":"FaceTrader","floor":36,"gold_loss":0},{"damage_healed":0,"gold_gain":0,"player_choice":"Max HP","damage_taken":0,"max_hp_gain":0,"max_hp_loss":5,"event_name":"Winding Halls","floor":39,"gold_loss":0},{"damage_healed":88,"gold_gain":0,"player_choice":"Heal","damage_taken":0,"max_hp_gain":0,"max_hp_loss":13,"event_name":"The Moai Head","floor":44,"gold_loss":0}],"is_beta":false,"boss_relics":[{"not_picked":["Empty Cage","Ectoplasm"],"picked":"Philosopher\u0027s Stone"},{"not_picked":["Black Star","Busted Crown"],"picked":"Astrolabe"}],"items_purged_floors":[48],"is_endless":false,"potions_floor_spawned":[8,11,13,18,21,27,33,37,42,45],"ascension_level":2}