{"gold_per_floor":[118,138,138,150,250,250,128,128,128,142,56,71,87,67,67,146,146,164,5,19,19,35,35,55,55,103,120,120,120],"floor_reached":29,"playtime":1728,"items_purged":["Strike_B"],"score":434,"play_id":"ccae5e0b-f6de-4455-884d-e27bce9fc98c","local_time":"20180924214853","is_ascension_mode":true,"campfire_choices":[{"data":"Streamline","floor":6,"key":"SMITH"},{"data":"Discovery","floor":8,"key":"SMITH"},{"floor":15,"key":"REST"},{"floor":23,"key":"REST"}],"neow_cost":"PERCENT_DAMAGE","seed_source_timestamp":976150954154089,"circlet_count":0,"master_deck":["Strike_B","Strike_B","Strike_B","Defend_B","Defend_B+1","Defend_B","Defend_B","Zap+1","Dualcast","AscendersBane","Beam Cell","Streamline+1","Leap","Discovery+1","Ball Lightning","Core Surge","Conserve Battery","Compile Driver","All For One","Leap+1","FTL","Leap+1","Glacier","Coolheaded"],"relics":["Cracked Core","Shuriken","Lizard Tail","Mummified Hand","Bronze Scales"],"potions_floor_usage":[16,16,16,24,27,29],"damage_taken":[{"damage":0,"enemies":"Cultist","floor":1,"turns":3},{"damage":0,"enemies":"2 Louse","floor":2,"turns":2},{"damage":0,"enemies":"Small Slimes","floor":4,"turns":2},{"damage":0,"enemies":"Red Slaver","floor":10,"turns":2},{"damage":19,"enemies":"Gremlin Gang","floor":12,"turns":4},{"damage":3,"enemies":"2 Fungi Beasts","floor":13,"turns":3},{"damage":32,"enemies":"The Guardian","floor":16,"turns":10},{"damage":20,"enemies":"Spheric Guardian","floor":18,"turns":4},{"damage":4,"enemies":"Chosen","floor":20,"turns":4},{"damage":30,"enemies":"Shelled Parasite and Fungi","floor":22,"turns":7},{"damage":9,"enemies":"Centurion and Healer","floor":24,"turns":5},{"damage":26,"enemies":"Snake Plant","floor":27,"turns":4},{"damage":27,"enemies":"Colosseum Slavers","floor":28,"turns":5},{"damage":21,"enemies":"3 Cultists","floor":29,"turns":3}],"seed_played":"-192622512931199300","potions_obtained":[{"floor":12,"key":"Block Potion"},{"floor":14,"key":"EntropicBrew"},{"floor":16,"key":"Energy Potion"},{"floor":24,"key":"AttackPotion"},{"floor":27,"key":"SteroidPotion"}],"is_trial":false,"path_per_floor":["M","M","?","M","?","R","$","R","T","M","$","M","M","?","R","B",null,"M","$","M","?","M","R","M","T","T","M","?"],"character_chosen":"DEFECT","items_purchased":["Discovery","Core Surge","FTL"],"campfire_rested":2,"item_purchase_floors":[7,11,19],"current_hp_per_floor":[57,57,31,31,31,31,31,31,31,31,31,12,9,9,34,2,64,44,44,40,40,10,35,26,26,26,42,15,0],"gold":120,"neow_bonus":"TWENTY_PERCENT_HP_BONUS","is_prod":false,"is_daily":false,"chose_seed":false,"campfire_upgraded":2,"win_rate":0,"timestamp":1537850933,"path_taken":["M","?","?","?","?","R","$","R","T","M","$","M","?","?","R","BOSS","M","$","M","?","?","R","M","?","T","M","?","M"],"build_version":"2018-09-20","purchased_purges":1,"victory":false,"max_hp_per_floor":[85,85,85,85,85,85,85,85,85,85,85,85,85,85,85,85,85,85,85,85,85,85,85,85,85,85,85,85,85],"card_choices":[{"not_picked":["Steam","Redo"],"picked":"Beam Cell","floor":1},{"not_picked":["Reprogram","Lockon"],"picked":"Streamline","floor":2},{"not_picked":["Gash","Tempest"],"picked":"Leap","floor":4},{"not_picked":["Blizzard","Hello World"],"picked":"Ball Lightning","floor":10},{"not_picked":["Consume","Force Field"],"picked":"Conserve Battery","floor":12},{"not_picked":["Aggregate","Storm"],"picked":"Compile Driver","floor":13},{"not_picked":["Electrodynamics","Machine Learning"],"picked":"All For One","floor":16},{"not_picked":["Streamline","Hologram"],"picked":"Leap+1","floor":18},{"not_picked":["Rebound","Aggregate","Double Energy"],"picked":"SKIP","floor":20},{"not_picked":["Rebound","Lockon"],"picked":"Leap+1","floor":22},{"not_picked":["Streamline","Genetic Algorithm"],"picked":"Glacier","floor":24},{"not_picked":["Streamline","Storm+1"],"picked":"Coolheaded","floor":27}],"player_experience":2400263,"relics_obtained":[{"floor":9,"key":"Shuriken"},{"floor":25,"key":"Mummified Hand"},{"floor":26,"key":"Bronze Scales"}],"event_choices":[{"event_name":"Shining Light","player_choice":"Entered Light","floor":3,"damage_taken":0},{"event_name":"Wheel of Change","player_choice":"Gold","floor":5,"damage_taken":0},{"event_name":"The Woman in Blue","player_choice":"Bought 1 Potion","floor":14,"damage_taken":0},{"event_name":"Beggar","player_choice":"Ignored","floor":21,"damage_taken":0},{"event_name":"Colosseum","player_choice":"Fight","floor":28,"damage_taken":0},{"event_name":"Colosseum","player_choice":"Fled From Nobs","floor":28,"damage_taken":0}],"is_beta":true,"boss_relics":[{"not_picked":["Eternal Feather","Coffee Dripper"],"picked":"Lizard Tail"}],"items_purged_floors":[19],"is_endless":false,"potions_floor_spawned":[12,16,24,27],"killed_by":"3 Cultists","ascension_level":20}