{"gold_per_floor":[109,119,131,206,236,236,270,290,315,329,329,9,9,9,9,82,82,93,93,93,110,123,123,143,157,157,172,0,75,75,87,87,162,162,174,221,238,238],"floor_reached":38,"playtime":1749,"items_purged":[],"score":906,"play_id":"8a7a4769-e96f-4c5c-8d0b-6c15a06c59ce","local_time":"20181005015133","is_ascension_mode":true,"campfire_choices":[{"floor":6,"key":"REST"},{"data":"Consume","floor":11,"key":"SMITH"},{"floor":13,"key":"REST"},{"data":"Biased Cognition","floor":15,"key":"SMITH"},{"floor":23,"key":"REST"},{"data":"Zap","floor":30,"key":"SMITH"},{"floor":32,"key":"REST"}],"neow_cost":"NONE","seed_source_timestamp":1854647901898635,"circlet_count":0,"master_deck":["Defend_B+1","Defend_B+1","Defend_B+1","Defend_B+1","Zap+1","Dualcast","AscendersBane","Gash","Ball Lightning","Cold Snap","Consume+1","Biased Cognition+1","Lockon","Capacitor","Reboot","Go for the Eyes+1","Bite","Bite","Bite","Bite","Bite","Electrodynamics","Cold Snap","Cold Snap","Turbo","Cold Snap+1","Dark Shackles","Coolheaded","White Noise","Echo Form","Blizzard+1","Gash+1"],"relics":["Cracked Core","Tiny Chest","Pen Nib","Strawberry","Runic Capacitor","Runic Dome","Molten Egg 2","Cables","Busted Crown","FossilizedHelix"],"potions_floor_usage":[7,33,37,38,38],"damage_taken":[{"damage":4,"enemies":"Small Slimes","floor":1,"turns":3},{"damage":0,"enemies":"Cultist","floor":2,"turns":3},{"damage":12,"enemies":"Jaw Worm","floor":3,"turns":2},{"damage":16,"enemies":"Lagavulin","floor":7,"turns":6},{"damage":32,"enemies":"Gremlin Gang","floor":8,"turns":5},{"damage":11,"enemies":"Blue Slaver","floor":10,"turns":3},{"damage":15,"enemies":"Hexaghost","floor":16,"turns":8},{"damage":35,"enemies":"2 Thieves","floor":18,"turns":3},{"damage":16,"enemies":"3 Byrds","floor":21,"turns":3},{"damage":24,"enemies":"Cultist and Chosen","floor":22,"turns":5},{"damage":11,"enemies":"Snecko","floor":24,"turns":4},{"damage":5,"enemies":"Shelled Parasite and Fungi","floor":25,"turns":5},{"damage":2,"enemies":"Chosen and Byrds","floor":27,"turns":4},{"damage":0,"enemies":"3 Cultists","floor":31,"turns":3},{"damage":0,"enemies":"Champ","floor":33,"turns":11},{"damage":41,"enemies":"3 Darklings","floor":35,"turns":5},{"damage":20,"enemies":"Mysterious Sphere","floor":36,"turns":5},{"damage":11,"enemies":"3 Shapes","floor":37,"turns":3},{"damage":28,"enemies":"Reptomancer","floor":38,"turns":2}],"seed_played":"3651281975036339933","potions_obtained":[{"floor":2,"key":"FocusPotion"},{"floor":3,"key":"AttackPotion"},{"floor":16,"key":"FairyPotion"},{"floor":25,"key":"PowerPotion"},{"floor":33,"key":"Fire Potion"},{"floor":37,"key":"FearPotion"}],"is_trial":false,"path_per_floor":["M","M","M","?","?","R","E","M","T","M","R","$","R","$","R","B",null,"M","?","?","M","M","R","M","M","T","M","$","T","R","M","R","B",null,"M","?","M"],"character_chosen":"DEFECT","items_purchased":["Runic Capacitor","Capacitor","Dark Shackles","Coolheaded"],"campfire_rested":4,"item_purchase_floors":[12,12,28,28],"current_hp_per_floor":[67,67,55,44,33,56,40,8,15,4,4,4,29,29,29,14,67,32,32,32,20,8,25,22,23,23,31,31,31,31,35,52,59,59,30,20,15,0],"gold":238,"neow_bonus":"TEN_PERCENT_HP_BONUS","is_prod":false,"is_daily":false,"chose_seed":false,"campfire_upgraded":3,"win_rate":0,"timestamp":1538729493,"path_taken":["M","M","M","?","?","R","E","?","T","M","R","$","R","$","R","BOSS","M","?","?","?","M","R","M","M","T","?","?","?","R","?","R","BOSS","M","?","?","M"],"build_version":"2018-10-04","purchased_purges":0,"victory":false,"max_hp_per_floor":[78,78,78,78,78,78,78,78,85,85,85,85,85,85,85,85,85,85,59,59,59,59,59,59,59,59,59,59,59,59,59,59,59,59,59,59,59,59],"card_choices":[{"not_picked":["Compile Driver","Leap"],"picked":"Gash","floor":1},{"not_picked":["Hologram","Stack"],"picked":"Ball Lightning","floor":2},{"not_picked":["Streamline","Conserve Battery"],"picked":"Cold Snap","floor":3},{"not_picked":["White Noise","Streamline"],"picked":"Consume","floor":7},{"not_picked":["Compile Driver","Gash"],"picked":"Biased Cognition","floor":8},{"not_picked":["Barrage","Turbo"],"picked":"Lockon","floor":10},{"not_picked":["Buffer","Multi-Cast"],"picked":"Reboot","floor":16},{"not_picked":["Leap","Conserve Battery"],"picked":"Go for the Eyes+1","floor":18},{"not_picked":["Conserve Battery","Hologram"],"picked":"Electrodynamics","floor":21},{"not_picked":["Stack","Beam Cell+1"],"picked":"Cold Snap","floor":22},{"not_picked":["Stack","Sweeping Beam"],"picked":"Cold Snap","floor":24},{"not_picked":["Compile Driver","Go for the Eyes"],"picked":"Turbo","floor":25},{"not_picked":["Leap","Go for the Eyes+1"],"picked":"Cold Snap+1","floor":27},{"not_picked":["Hyperbeam+1","Chaos"],"picked":"White Noise","floor":31},{"not_picked":["Reboot","Amplify"],"picked":"Echo Form","floor":33},{"not_picked":["Heatsinks"],"picked":"SKIP","floor":35},{"not_picked":[],"picked":"Blizzard+1","floor":36},{"not_picked":[],"picked":"Gash+1","floor":37}],"player_experience":2476072,"relics_obtained":[{"floor":7,"key":"Pen Nib"},{"floor":9,"key":"Strawberry"},{"floor":26,"key":"Molten Egg 2"},{"floor":29,"key":"Cables"},{"floor":36,"key":"FossilizedHelix"}],"event_choices":[{"event_name":"World of Goop","player_choice":"Gather Gold","floor":4,"damage_taken":0},{"event_name":"Scrap Ooze","player_choice":"success","floor":5,"damage_taken":11},{"event_name":"Vampires","player_choice":"Became a vampire","floor":19,"damage_taken":0},{"event_name":"Back to Basics","player_choice":"Simplicity","floor":20,"damage_taken":0},{"event_name":"Mysterious Sphere","player_choice":"Fight","floor":36,"damage_taken":0}],"is_beta":true,"boss_relics":[{"not_picked":["Pandora\u0027s Box","Fusion Hammer"],"picked":"Runic Dome"},{"not_picked":["Philosopher\u0027s Stone","Eternal Feather"],"picked":"Busted Crown"}],"items_purged_floors":[],"is_endless":false,"potions_floor_spawned":[2,3,16,25,27,33,37],"killed_by":"Reptomancer","ascension_level":20}