{"gold_per_floor":[117,117,117,117,46,74,74,92,92,122,152,17,30,48,48,145,145,156,696,112,38,38,38,54,69,69,86,86,86],"floor_reached":29,"playtime":1493,"items_purged":["Pain","Strike_R"],"score":248,"play_id":"77c5db57-be2a-47d9-94d8-07cc6f4659f7","local_time":"20190813173154","is_ascension_mode":true,"campfire_choices":[{"data":"Shockwave","floor":15,"key":"SMITH"},{"data":"Barricade","floor":23,"key":"SMITH"}],"neow_cost":"TEN_PERCENT_HP_LOSS","seed_source_timestamp":6830575299044,"circlet_count":0,"master_deck":["Strike_R+1","Strike_R+1","Strike_R+1","Defend_R+1","Defend_R+1","Defend_R+1","Defend_R+1","Bash","Dramatic Entrance+1","Dramatic Entrance","True Grit","Evolve","Heavy Blade","Uppercut","Shockwave+1","Corruption","Flex","Barricade+1","Flame Barrier","Feel No Pain","Metallicize","Dual Wield","Dropkick"],"relics":["Burning Blood","Blood Vial","Bottled Tornado","WarpedTongs","MawBank","Runic Pyramid","Incense Burner","Happy Flower","Bronze Scales","Charon\u0027s Ashes"],"potions_floor_usage":[16,18,29,29],"damage_taken":[{"damage":0,"enemies":"Small Slimes","floor":1,"turns":2},{"damage":23,"enemies":"3 Sentries","floor":6,"turns":9},{"damage":8,"enemies":"Jaw Worm","floor":8,"turns":4},{"damage":4,"enemies":"Cultist","floor":10,"turns":4},{"damage":26,"enemies":"Exordium Wildlife","floor":11,"turns":5},{"damage":12,"enemies":"Exordium Thugs","floor":13,"turns":4},{"damage":2,"enemies":"3 Louse","floor":14,"turns":2},{"damage":19,"enemies":"Hexaghost","floor":16,"turns":9},{"damage":11,"enemies":"Chosen","floor":18,"turns":6},{"damage":1,"enemies":"Spheric Guardian","floor":24,"turns":6},{"damage":16,"enemies":"Centurion and Healer","floor":25,"turns":6},{"damage":3,"enemies":"Chosen and Byrds","floor":27,"turns":7},{"damage":24,"enemies":"Snake Plant","floor":29,"turns":2}],"seed_played":"2296719169954723608","potions_obtained":[{"floor":10,"key":"Block Potion"},{"floor":16,"key":"FearPotion"},{"floor":18,"key":"PowerPotion"},{"floor":25,"key":"Block Potion"}],"is_trial":false,"path_per_floor":["M","?","?","?","$","E","?","M","T","M","M","$","M","M","R","B",null,"M","?","$","$","?","R","M","M","T","M","T","M"],"character_chosen":"IRONCLAD","items_purchased":["Evolve","Corruption","Incense Burner","Happy Flower","Feel No Pain","Metallicize"],"campfire_rested":0,"item_purchase_floors":[5,12,20,20,20,21],"current_hp_per_floor":[72,65,65,53,53,38,38,38,38,42,24,24,20,26,26,15,72,67,18,18,18,18,18,25,17,17,22,22,0],"gold":86,"neow_bonus":"RANDOM_COLORLESS_2","is_prod":false,"is_daily":false,"chose_seed":false,"campfire_upgraded":2,"win_rate":0,"timestamp":1565685114,"path_taken":["M","?","?","?","$","E","?","M","T","M","M","$","?","M","R","BOSS","M","?","?","$","?","R","M","M","T","M","?","?"],"build_version":"2019-07-17","purchased_purges":2,"victory":false,"max_hp_per_floor":[72,72,72,72,72,72,72,72,72,72,72,72,72,72,72,72,72,72,72,72,72,72,72,72,72,72,72,72,72],"card_choices":[{"not_picked":["Warcry","Hemokinesis"],"picked":"True Grit","floor":1},{"not_picked":["Fire Breathing","Infernal Blade","Perfected Strike"],"picked":"SKIP","floor":6},{"not_picked":["Thunderclap","Perfected Strike"],"picked":"Heavy Blade","floor":8},{"not_picked":["Feel No Pain","Twin Strike"],"picked":"Uppercut","floor":10},{"not_picked":["Perfected Strike","Cleave"],"picked":"Shockwave","floor":11},{"not_picked":["Headbutt","Twin Strike","Exhume"],"picked":"SKIP","floor":13},{"not_picked":["Evolve","Clash"],"picked":"Flex","floor":14},{"not_picked":["Impervious","Bludgeon"],"picked":"Barricade","floor":16},{"not_picked":["Sword Boomerang","Battle Trance"],"picked":"Flame Barrier","floor":18},{"not_picked":["Thunderclap","Corruption","Havoc"],"picked":"SKIP","floor":24},{"not_picked":["Iron Wave+1","Infernal Blade+1"],"picked":"Dual Wield","floor":25},{"not_picked":["Fire Breathing","Burning Pact+1"],"picked":"Dropkick","floor":27}],"player_experience":81125,"relics_obtained":[{"floor":6,"key":"Bottled Tornado"},{"floor":9,"key":"MawBank"},{"floor":26,"key":"Bronze Scales"},{"floor":28,"key":"Charon\u0027s Ashes"}],"event_choices":[{"cards_removed":["Strike_R"],"damage_healed":0,"gold_gain":0,"player_choice":"Card Removal","damage_taken":7,"max_hp_gain":0,"max_hp_loss":0,"event_name":"Golden Wing","floor":2,"gold_loss":0},{"damage_healed":0,"gold_gain":0,"player_choice":"Grow","damage_taken":0,"max_hp_gain":0,"max_hp_loss":0,"event_name":"Living Wall","floor":3,"gold_loss":0,"cards_upgraded":["Dramatic Entrance"]},{"damage_healed":0,"gold_gain":0,"player_choice":"Success","damage_taken":12,"relics_obtained":["Blood Vial"],"max_hp_gain":0,"max_hp_loss":0,"event_name":"Scrap Ooze","floor":4,"gold_loss":0},{"damage_healed":0,"gold_gain":0,"player_choice":"Rummage","damage_taken":0,"relics_obtained":["WarpedTongs"],"max_hp_gain":0,"max_hp_loss":0,"event_name":"Accursed Blacksmith","floor":7,"gold_loss":0,"cards_obtained":["Pain"]},{"damage_healed":0,"gold_gain":540,"player_choice":"GOLD GOLD GOLD GOLD GOLD GOLD ","damage_taken":49,"max_hp_gain":0,"max_hp_loss":0,"event_name":"Knowing Skull","floor":19,"potions_obtained":[],"gold_loss":0,"cards_obtained":[]},{"damage_healed":0,"gold_gain":0,"player_choice":"Simplicity","damage_taken":0,"max_hp_gain":0,"max_hp_loss":0,"event_name":"Back to Basics","floor":22,"gold_loss":0,"cards_upgraded":["Strike_R","Strike_R","Strike_R","Defend_R","Defend_R","Defend_R","Defend_R"]}],"is_beta":false,"boss_relics":[{"not_picked":["Black Blood","Calling Bell"],"picked":"Runic Pyramid"}],"items_purged_floors":[12,20],"is_endless":false,"potions_floor_spawned":[10,16,18,25],"killed_by":"Snake Plant","ascension_level":2}