{"gold_per_floor":[114,131,131,144,69,104,104,131,131,131,146,146,173,188,188,266,266,278,328,4,16,31,62,88,121,121,155,155,180,200,216,216,294,294,308,11,65,165,180,180,209,221,233,245,287,315,327,356,368,380,392,404,416,94,127,127],"floor_reached":57,"playtime":10296,"items_purged":["Pain","Strike_G","Strike_G","Flying Knee"],"score":3511,"play_id":"4ba1c38d-7185-4051-b126-96f8ab2c0685","local_time":"20190828171206","is_ascension_mode":true,"campfire_choices":[{"floor":7.0,"key":"REST"},{"data":"Neutralize","floor":10.0,"key":"SMITH"},{"data":"Infinite Blades","floor":15.0,"key":"SMITH"},{"data":"Noxious Fumes","floor":28.0,"key":"SMITH"},{"data":"Terror","floor":32.0,"key":"SMITH"},{"data":"Acrobatics","floor":40.0,"key":"SMITH"},{"data":"Catalyst","floor":44.0,"key":"SMITH"},{"data":"Bouncing Flask","floor":47.0,"key":"SMITH"},{"floor":49.0,"key":"RECALL"},{"data":"Adrenaline","floor":53.0,"key":"SMITH"}],"neow_cost":"CURSE","seed_source_timestamp":0,"circlet_count":0,"master_deck":["AscendersBane","Defend_G","Defend_G","Defend_G","Defend_G","Survivor","Neutralize+1","Terror+1","Infinite Blades+1","Dagger Spray","Finisher","Dodge and Roll","Bouncing Flask+1","Adrenaline+1","Dagger Throw+1","Accuracy+1","Wraith Form v2+1","Well Laid Plans","Wraith Form v2+1","Noxious Fumes+1","PiercingWail+1","Footwork","Backflip+1","Corpse Explosion","Footwork+1","Well Laid Plans+1","Catalyst+1","Acrobatics+1","Backflip+1","Venomology","Concentrate","Infinite Blades","Prepared+1"],"special_seed":0,"relics":["Ring of the Snake","WingedGreaves","Turnip","Bird Faced Urn","Dead Branch","Potion Belt","Art of War","Astrolabe","DollysMirror","Bag of Marbles","PreservedInsect","Strawberry","Shuriken","Snake Skull","Molten Egg 2","Coffee Dripper","Anchor","Prayer Wheel","Unceasing Top","MawBank","Torii","Incense Burner"],"potions_floor_usage":[56,56,56,56],"damage_taken":[{"damage":3.0,"enemies":"Jaw Worm","floor":1.0,"turns":5.0},{"damage":4.0,"enemies":"Cultist","floor":2.0,"turns":4.0},{"damage":16.0,"enemies":"Small Slimes","floor":4.0,"turns":4.0},{"damage":17.0,"enemies":"3 Sentries","floor":6.0,"turns":7.0},{"damage":0.0,"enemies":"Gremlin Nob","floor":8.0,"turns":2.0},{"damage":1.0,"enemies":"Exordium Wildlife","floor":11.0,"turns":2.0},{"damage":0.0,"enemies":"Large Slime","floor":14.0,"turns":4.0},{"damage":28.0,"enemies":"Hexaghost","floor":16.0,"turns":6.0},{"damage":5.0,"enemies":"Spheric Guardian","floor":18.0,"turns":4.0},{"damage":2.0,"enemies":"Chosen","floor":21.0,"turns":5.0},{"damage":2.0,"enemies":"Sentry and Sphere","floor":22.0,"turns":4.0},{"damage":15.0,"enemies":"Book of Stabbing","floor":23.0,"turns":5.0},{"damage":3.0,"enemies":"Slavers","floor":24.0,"turns":6.0},{"damage":7.0,"enemies":"Book of Stabbing","floor":25.0,"turns":5.0},{"damage":16.0,"enemies":"Slavers","floor":27.0,"turns":4.0},{"damage":5.0,"enemies":"Gremlin Leader","floor":29.0,"turns":5.0},{"damage":3.0,"enemies":"Snake Plant","floor":30.0,"turns":6.0},{"damage":1.0,"enemies":"Cultist and Chosen","floor":31.0,"turns":6.0},{"damage":33.0,"enemies":"Collector","floor":33.0,"turns":8.0},{"damage":5.0,"enemies":"3 Shapes","floor":35.0,"turns":5.0},{"damage":3.0,"enemies":"2 Orb Walkers","floor":37.0,"turns":5.0},{"damage":0.0,"enemies":"Mind Bloom Boss Battle","floor":38.0,"turns":5.0},{"damage":2.0,"enemies":"3 Darklings","floor":39.0,"turns":5.0},{"damage":13.0,"enemies":"Nemesis","floor":41.0,"turns":7.0},{"damage":0.0,"enemies":"Giant Head","floor":45.0,"turns":6.0},{"damage":0.0,"enemies":"Maw","floor":46.0,"turns":6.0},{"damage":16.0,"enemies":"Spire Growth","floor":48.0,"turns":4.0},{"damage":6.0,"enemies":"Time Eater","floor":50.0,"turns":9.0},{"damage":59.0,"enemies":"Awakened One","floor":51.0,"turns":15.0},{"damage":3,"enemies":"Shield and Spear","floor":55,"turns":6},{"damage":64,"enemies":"The Heart","floor":56,"turns":8}],"seed_played":"4157977792246976584","potions_obtained":[{"floor":2.0,"key":"SteroidPotion"},{"floor":4.0,"key":"GamblersBrew"},{"floor":6.0,"key":"Strength Potion"},{"floor":11.0,"key":"AttackPotion"},{"floor":22.0,"key":"PowerPotion"},{"floor":24.0,"key":"LiquidBronze"},{"floor":27.0,"key":"GhostInAJar"},{"floor":29.0,"key":"EssenceOfSteel"},{"floor":30.0,"key":"PowerPotion"},{"floor":35.0,"key":"LiquidBronze"},{"floor":55,"key":"GhostInAJar"}],"is_trial":false,"path_per_floor":["M","M","?","M","$","E","R","E","T","R","M","?","T","M","R","B",null,"M","?","$","M","M","E","E","E","T","E","R","E","M","M","R","B",null,"M","$","?","?","M","R","E","?","T","R","E","M","R","M","R","B","B",null,"R","$","E","B",null],"character_chosen":"THE_SILENT","items_purchased":["DollysMirror","Anchor","FearPotion","Concentrate","Infinite Blades"],"campfire_rested":1,"item_purchase_floors":[20,36,54,54,54],"current_hp_per_floor":[56,52,52,36,36,19,38,38,38,38,39,39,39,41,41,15,53,54,54,54,66,66,59,66,73,73,67,67,72,73,73,73,48,67,72,72,70,73,73,73,66,73,73,73,73,73,73,63,63,73,32,63,63,63,73,25],"gold":127,"neow_bonus":"ONE_RARE_RELIC","is_prod":false,"is_daily":false,"chose_seed":false,"campfire_upgraded":8,"win_rate":0,"timestamp":1567037526,"path_taken":["M","M","?","M","$","E","R","E","T","R","?","?","?","M","R","BOSS","M","?","$","M","M","E","E","E","T","E","R","E","M","?","R","BOSS","M","$","?","?","M","R","E","?","T","R","E","M","R","?","R","BOSS","BOSS","R","$","E","BOSS"],"build_version":"2019-07-17","purchased_purges":4,"victory":true,"max_hp_per_floor":[66,66,66,66,66,66,66,66,66,66,66,66,66,66,66,66,66,66,66,66,66,66,66,66,73,73,73,73,73,73,73,73,73,73,73,73,73,73,73,73,73,73,73,73,73,73,73,73,73,73,73,73,73,73,73,73],"card_choices":[{"not_picked":["Tactician","Dagger Throw"],"picked":"Flying Knee","floor":1.0},{"not_picked":["Flying Knee","Outmaneuver"],"picked":"Terror","floor":2.0},{"not_picked":["Quick Slash","Flechettes"],"picked":"Dagger Spray","floor":4.0},{"not_picked":["Riddle With Holes","Quick Slash"],"picked":"Masterful Stab","floor":6.0},{"not_picked":["Tools of the Trade","Quick Slash"],"picked":"Finisher","floor":8.0},{"not_picked":["Underhanded Strike","Acrobatics"],"picked":"Dodge and Roll","floor":11.0},{"not_picked":["Underhanded Strike","Poisoned Stab"],"picked":"Bouncing Flask","floor":14.0},{"not_picked":["Grand Finale","Unload"],"picked":"Adrenaline","floor":16.0},{"not_picked":["Setup","Dagger Spray"],"picked":"Well Laid Plans","floor":18.0},{"not_picked":["Dagger Spray","Prepared"],"picked":"Noxious Fumes","floor":21.0},{"not_picked":["Dodge and Roll+1","Underhanded Strike+1","Eviscerate"],"picked":"SKIP","floor":22.0},{"not_picked":["Quick Slash","All Out Attack"],"picked":"PiercingWail+1","floor":23.0},{"not_picked":["Phantasmal Killer","Terror"],"picked":"Footwork","floor":24.0},{"not_picked":["Dagger Throw","PiercingWail","Finisher"],"picked":"SKIP","floor":25.0},{"not_picked":["Deadly Poison","Quick Slash+1"],"picked":"Backflip+1","floor":27.0},{"not_picked":["Deadly Poison","All Out Attack+1","Footwork"],"picked":"SKIP","floor":29.0},{"not_picked":["Tactician+1","Underhanded Strike+1","Dagger Throw+1"],"picked":"SKIP","floor":30.0},{"not_picked":["Dagger Spray+1","PiercingWail","Bane+1"],"picked":"SKIP","floor":31.0},{"not_picked":["Bullet Time","Unload+1"],"picked":"Corpse Explosion","floor":33.0},{"not_picked":["Dagger Spray+1","Riddle With Holes+1"],"picked":"Footwork+1","floor":35.0},{"not_picked":["Quick Slash+1","Skewer+1"],"picked":"Well Laid Plans+1","floor":38.0},{"not_picked":["Infinite Blades","Dash+1"],"picked":"Catalyst","floor":39.0},{"not_picked":["Deadly Poison","Masterful Stab+1"],"picked":"Acrobatics","floor":39.0},{"not_picked":["Catalyst","Endless Agony+1"],"picked":"Backflip+1","floor":41.0},{"not_picked":["Terror","Choke+1","Prepared"],"picked":"SKIP","floor":45.0},{"not_picked":["Expertise+1","Deflect"],"picked":"Venomology","floor":46.0},{"not_picked":["Riddle With Holes+1","Tactician","Deflect"],"picked":"SKIP","floor":46.0},{"not_picked":["Flying Knee+1","Flechettes+1","Prepared"],"picked":"SKIP","floor":48.0},{"not_picked":["Deflect","Acrobatics","Blade Dance"],"picked":"SKIP","floor":48.0},{"not_picked":["Outmaneuver","Underhanded Strike+1"],"picked":"Prepared+1","floor":55}],"player_experience":703469,"relics_obtained":[{"floor":6.0,"key":"Turnip"},{"floor":8.0,"key":"Bird Faced Urn"},{"floor":9.0,"key":"Dead Branch"},{"floor":13.0,"key":"Art of War"},{"floor":23.0,"key":"Bag of Marbles"},{"floor":24.0,"key":"PreservedInsect"},{"floor":25.0,"key":"Strawberry"},{"floor":26.0,"key":"Shuriken"},{"floor":27.0,"key":"Snake Skull"},{"floor":29.0,"key":"Molten Egg 2"},{"floor":37.0,"key":"Prayer Wheel"},{"floor":38.0,"key":"Unceasing Top"},{"floor":41.0,"key":"MawBank"},{"floor":45.0,"key":"Torii"},{"floor":55,"key":"Incense Burner"}],"event_choices":[{"damage_healed":0.0,"max_hp_gain":0.0,"max_hp_loss":0.0,"gold_gain":0.0,"cards_transformed":["Defend_G"],"event_name":"Transmorgrifier","player_choice":"Transformed","floor":3.0,"gold_loss":0.0,"damage_taken":0.0,"cards_obtained":["Infinite Blades"]},{"damage_healed":0.0,"max_hp_gain":0.0,"max_hp_loss":0.0,"gold_gain":0.0,"event_name":"Dead Adventurer","player_choice":"Searched \u00271\u0027 times","floor":12.0,"gold_loss":0.0,"damage_taken":0.0,"relics_obtained":["Potion Belt"]},{"damage_healed":0.0,"max_hp_gain":0.0,"max_hp_loss":0.0,"gold_gain":100.0,"event_name":"The Joust","player_choice":"Bet on Murderer","floor":19.0,"gold_loss":50.0,"damage_taken":0.0},{"damage_healed":0.0,"max_hp_gain":0.0,"max_hp_loss":0.0,"gold_gain":0.0,"event_name":"Mysterious Sphere","player_choice":"Fight","floor":37.0,"gold_loss":0.0,"damage_taken":0.0},{"damage_healed":0.0,"max_hp_gain":0.0,"max_hp_loss":0.0,"gold_gain":0.0,"event_name":"MindBloom","player_choice":"Fight","floor":38.0,"gold_loss":0.0,"damage_taken":0.0},{"cards_removed":["Masterful Stab"],"damage_healed":7.0,"max_hp_gain":0.0,"max_hp_loss":0.0,"gold_gain":0.0,"event_name":"Bonfire Elementals","player_choice":"Offered Uncommon","floor":42.0,"gold_loss":0.0,"damage_taken":0.0}],"is_beta":false,"boss_relics":[{"not_picked":["Eternal Feather","Calling Bell"],"picked":"Astrolabe"},{"not_picked":["Lizard Tail","Fusion Hammer"],"picked":"Coffee Dripper"}],"items_purged_floors":[5,20,36,54],"is_endless":false,"potions_floor_spawned":[2,4,6,11,22,24,27,29,30,31,35,46,55],"ascension_level":20}