{"gold_per_floor":[11,23,43,105,116,116,134,134,134,134,134,144,162,13,13,92,92,70,29,29,47,47],"floor_reached":22,"playtime":1222,"items_purged":[],"score":356,"play_id":"db0c2ffc-dfbe-4935-9876-4ba6564fe0e3","local_time":"20180923215244","is_ascension_mode":true,"campfire_choices":[{"data":"Zap","floor":6,"key":"SMITH"},{"data":"Go for the Eyes","floor":8,"key":"SMITH"},{"data":"Gash","floor":15,"key":"SMITH"}],"neow_cost":"NO_GOLD","seed_source_timestamp":890469954415924,"circlet_count":0,"master_deck":["Strike_B","Strike_B","Strike_B","Strike_B","Defend_B","Defend_B","Defend_B","Defend_B","Zap+1","Dualcast","AscendersBane","Steam","Gash+1","Melter+1","Coolheaded","Go for the Eyes+1","Stack+1","Reinforced Body+1","Blind+1","Steam+1","Electrodynamics","Gash","Fusion+1","Writhe","Gash+1"],"relics":["Cracked Core","StoneCalendar","Toxic Egg 2","Nuclear Battery","Juzu Bracelet"],"potions_floor_usage":[7,16],"damage_taken":[{"damage":7,"enemies":"Jaw Worm","floor":1,"turns":3},{"damage":2,"enemies":"2 Louse","floor":2,"turns":3},{"damage":0,"enemies":"Cultist","floor":3,"turns":4},{"damage":0,"enemies":"3 Louse","floor":5,"turns":3},{"damage":20,"enemies":"Exordium Thugs","floor":7,"turns":4},{"damage":7,"enemies":"2 Fungi Beasts","floor":12,"turns":3},{"damage":13,"enemies":"Lots of Slimes","floor":13,"turns":4},{"damage":12,"enemies":"Slime Boss","floor":16,"turns":8},{"damage":15,"enemies":"2 Thieves","floor":18,"turns":4},{"damage":20,"enemies":"Chosen","floor":21,"turns":7},{"damage":30,"enemies":"3 Cultists","floor":22,"turns":4}],"seed_played":"-9059376343988686693","potions_obtained":[{"floor":1,"key":"Energy Potion"},{"floor":5,"key":"GamblersBrew"},{"floor":12,"key":"EssenceOfSteel"},{"floor":21,"key":"FocusPotion"}],"is_trial":false,"path_per_floor":["M","M","M","?","M","R","M","R","T","?","?","M","M","$","R","B",null,"M","$","?","M"],"character_chosen":"DEFECT","items_purchased":["Blind+1","Steam+1","Fusion+1"],"campfire_rested":0,"item_purchase_floors":[14,14,19],"current_hp_per_floor":[57,55,55,55,55,55,35,35,35,58,58,51,38,38,38,26,60,45,45,45,25,0],"gold":47,"neow_bonus":"ONE_RARE_RELIC","is_prod":false,"is_daily":false,"chose_seed":false,"campfire_upgraded":3,"win_rate":0,"timestamp":1537764764,"path_taken":["M","M","M","?","M","R","M","R","T","?","?","M","M","?","R","BOSS","M","$","?","M","M"],"build_version":"2018-09-20","purchased_purges":0,"victory":false,"max_hp_per_floor":[71,71,71,71,71,71,71,71,71,71,71,71,71,71,71,71,71,71,71,71,71,71],"card_choices":[{"not_picked":["Scrape","Stack"],"picked":"Steam","floor":1},{"not_picked":["Beam Cell","Reprogram"],"picked":"Gash","floor":2},{"not_picked":["Beam Cell","Leap"],"picked":"Melter","floor":3},{"not_picked":["Blizzard","Sweeping Beam"],"picked":"Coolheaded","floor":5},{"not_picked":["Compile Driver","Chaos"],"picked":"Go for the Eyes","floor":7},{"not_picked":["Hello World","Thunder Strike"],"picked":"Stack+1","floor":12},{"not_picked":["Doom and Gloom","Cold Snap"],"picked":"Reinforced Body+1","floor":13},{"not_picked":["Hyperbeam","Meteor Strike"],"picked":"Electrodynamics","floor":16},{"not_picked":["Ball Lightning","Barrage"],"picked":"Gash","floor":18},{"not_picked":["Rebound","Streamline+1"],"picked":"Gash+1","floor":21}],"player_experience":2384442,"relics_obtained":[{"floor":9,"key":"Toxic Egg 2"}],"event_choices":[{"event_name":"Golden Wing","player_choice":"Gained Gold","floor":4,"damage_taken":0},{"event_name":"Big Fish","player_choice":"Banana","floor":10,"damage_taken":0},{"event_name":"Upgrade Shrine","player_choice":"Upgraded","floor":11,"damage_taken":0},{"event_name":"The Mausoleum","player_choice":"Yes","floor":20,"damage_taken":0}],"is_beta":true,"boss_relics":[{"not_picked":["Cursed Key","Ectoplasm"],"picked":"Nuclear Battery"}],"items_purged_floors":[],"is_endless":false,"potions_floor_spawned":[1,5,12,21],"killed_by":"3 Cultists","ascension_level":20}