{"gold_per_floor":[116,32,32,107,107,118,118,146,146,173,18,34,34,34,34,113,113,123,13,33,33,44,44,44],"floor_reached":24,"playtime":1335,"items_purged":[],"score":454,"play_id":"04f7816d-f6de-4e21-9c5c-f617cd033746","local_time":"20190203211355","is_ascension_mode":true,"campfire_choices":[{"data":"Ball Lightning","floor":7,"key":"SMITH"},{"data":"Defragment","floor":13,"key":"SMITH"},{"floor":15,"key":"RECALL"},{"floor":23,"key":"REST"}],"neow_cost":"NONE","seed_source_timestamp":520582987543598,"circlet_count":0,"master_deck":["AscendersBane","Strike_B","Strike_B","Strike_B","Defend_B","Defend_B","Defend_B+1","Defend_B","Zap+1","Dualcast+1","Ball Lightning+1","Coolheaded","Ball Lightning","Cold Snap","Loop+1","Go for the Eyes+1","Defragment+1","Blizzard+1","Streamline+1","Machine Learning","Defragment","Defragment","Blizzard+1","Force Field","Melter+1"],"relics":["Cracked Core","NeowsBlessing","War Paint","Molten Egg 2","Du-Vu Doll","Cursed Key"],"potions_floor_usage":[20,22,22,24,24,24],"damage_taken":[{"damage":0,"enemies":"2 Louse","floor":1,"turns":1},{"damage":0,"enemies":"Small Slimes","floor":6,"turns":1},{"damage":0,"enemies":"3 Sentries","floor":8,"turns":1},{"damage":16,"enemies":"Lagavulin","floor":10,"turns":5},{"damage":4,"enemies":"Jaw Worm","floor":12,"turns":2},{"damage":5,"enemies":"Hexaghost","floor":16,"turns":10},{"damage":24,"enemies":"Shell Parasite","floor":18,"turns":5},{"damage":0,"enemies":"Chosen","floor":20,"turns":3},{"damage":14,"enemies":"Sentry and Sphere","floor":22,"turns":4},{"damage":44,"enemies":"Slavers","floor":24,"turns":3}],"seed_played":"-3803671115730968442","potions_obtained":[{"floor":1,"key":"EssenceOfSteel"},{"floor":6,"key":"Fire Potion"},{"floor":18,"key":"AttackPotion"},{"floor":20,"key":"SneckoOil"},{"floor":22,"key":"EntropicBrew"}],"is_trial":false,"path_per_floor":["M","$","?","?","?","M","R","E","T","E","$","M","R","?","R","B",null,"M","$","M","$","M","R","E"],"character_chosen":"DEFECT","items_purchased":["Coolheaded","Ball Lightning","Defragment","Blizzard+1","Defragment","Blizzard+1"],"campfire_rested":1,"item_purchase_floors":[2,2,11,11,19,19],"current_hp_per_floor":[64,64,57,46,46,46,46,46,46,30,30,26,26,26,26,21,59,35,35,35,35,21,42,0],"gold":44,"neow_bonus":"THREE_ENEMY_KILL","is_prod":false,"is_daily":false,"chose_seed":false,"campfire_upgraded":2,"win_rate":0,"timestamp":1549257235,"path_taken":["M","$","?","?","?","M","R","E","T","E","$","?","R","?","R","BOSS","M","$","M","?","M","R","E"],"build_version":"2019-01-23","purchased_purges":0,"victory":false,"max_hp_per_floor":[71,71,71,71,71,71,71,71,71,71,71,71,71,71,71,71,71,71,71,71,71,71,71,71],"card_choices":[{"not_picked":["Auto Shields","Hologram"],"picked":"Ball Lightning","floor":1},{"not_picked":["Barrage","Reinforced Body"],"picked":"Cold Snap","floor":6},{"not_picked":["Consume","Auto Shields"],"picked":"Loop","floor":8},{"not_picked":["Redo","Rebound+1"],"picked":"Go for the Eyes+1","floor":10},{"not_picked":["Chaos","Stack"],"picked":"Streamline+1","floor":12},{"not_picked":["Multi-Cast","Amplify"],"picked":"Machine Learning","floor":16},{"not_picked":["Fusion","Steam"],"picked":"Defragment","floor":18},{"not_picked":["Gash+1","Go for the Eyes+1"],"picked":"Force Field","floor":20},{"not_picked":["Turbo","Compile Driver+1"],"picked":"Melter+1","floor":22}],"player_experience":2777381,"relics_obtained":[{"floor":8,"key":"War Paint"},{"floor":9,"key":"Molten Egg 2"},{"floor":10,"key":"Du-Vu Doll"}],"event_choices":[{"cards_removed":["Strike_B"],"damage_healed":0,"gold_gain":0,"player_choice":"Card Removal","damage_taken":7,"max_hp_gain":0,"max_hp_loss":0,"event_name":"Golden Wing","floor":3,"gold_loss":0},{"damage_healed":0,"gold_gain":75,"player_choice":"Gather Gold","damage_taken":11,"max_hp_gain":0,"max_hp_loss":0,"event_name":"World of Goop","floor":4,"gold_loss":0},{"damage_healed":0,"gold_gain":0,"player_choice":"Grow","damage_taken":0,"max_hp_gain":0,"max_hp_loss":0,"event_name":"Living Wall","floor":5,"gold_loss":0,"cards_upgraded":["Zap"]},{"damage_healed":0,"gold_gain":0,"player_choice":"Forge","damage_taken":0,"max_hp_gain":0,"max_hp_loss":0,"event_name":"Accursed Blacksmith","floor":14,"gold_loss":0,"cards_upgraded":["Loop"]}],"is_beta":true,"boss_relics":[{"not_picked":["Nuclear Battery","Ectoplasm"],"picked":"Cursed Key"}],"items_purged_floors":[],"is_endless":false,"potions_floor_spawned":[1,6,18,20,22],"killed_by":"Slavers","ascension_level":20}