{"gold_per_floor":[113,127,127,77,93,93,122,122,147,165,183,196,24,56,56,151,151,168,168,187,20,20],"floor_reached":22,"playtime":1797,"items_purged":["Decay"],"score":221,"play_id":"a842e602-5e70-4eba-b66a-fcc3aec05df8","local_time":"20190827112024","is_ascension_mode":false,"campfire_choices":[{"floor":6,"key":"REST"},{"floor":8,"key":"REST"},{"floor":15,"key":"REST"}],"neow_cost":"TEN_PERCENT_HP_LOSS","seed_source_timestamp":311688749264275,"circlet_count":0,"master_deck":["Strike_R","Strike_R","Strike_R","Strike_R","Defend_R","Defend_R","Defend_R","Defend_R","Bash","Blood for Blood","Sword Boomerang","Rupture","Shrug It Off","Double Tap","Blood for Blood","Hemokinesis","Iron Wave","Iron Wave","Uppercut","Bloodletting","Battle Trance","Armaments","Brutality","Headbutt","Battle Trance","Shrug It Off","Blood for Blood"],"relics":["Burning Blood","Pocketwatch","Dream Catcher","Happy Flower","Vajra","FossilizedHelix","Runic Cube"],"potions_floor_usage":[7,7,14,14],"damage_taken":[{"damage":3,"enemies":"Small Slimes","floor":1,"turns":3},{"damage":11,"enemies":"Jaw Worm","floor":2,"turns":5},{"damage":2,"enemies":"2 Louse","floor":5,"turns":3},{"damage":31,"enemies":"Lagavulin","floor":7,"turns":6},{"damage":37,"enemies":"Gremlin Gang","floor":10,"turns":5},{"damage":9,"enemies":"Blue Slaver","floor":11,"turns":3},{"damage":5,"enemies":"Looter","floor":12,"turns":3},{"damage":9,"enemies":"3 Sentries","floor":14,"turns":5},{"damage":29,"enemies":"The Guardian","floor":16,"turns":7},{"damage":33,"enemies":"3 Byrds","floor":18,"turns":5},{"damage":30,"enemies":"Chosen","floor":20,"turns":5},{"damage":26,"enemies":"Centurion and Healer","floor":22,"turns":5}],"seed_played":"-2757512383800250371","potions_obtained":[{"floor":1,"key":"Poison Potion"},{"floor":2,"key":"Weak Potion"},{"floor":10,"key":"Dexterity Potion"},{"floor":12,"key":"Energy Potion"}],"is_trial":false,"path_per_floor":["M","M","?","?","M","R","E","R","T","M","M","M","$","E","R","B",null,"M","?","M","$","M"],"character_chosen":"IRONCLAD","items_purchased":["Iron Wave","Uppercut","Bloodletting","Shrug It Off","Blood for Blood"],"campfire_rested":3,"item_purchase_floors":[13,13,13,21,21],"current_hp_per_floor":[72,67,49,49,53,72,47,68,68,37,34,35,35,32,53,30,72,45,45,21,21,0],"gold":20,"neow_bonus":"ONE_RARE_RELIC","is_prod":false,"is_daily":false,"chose_seed":false,"campfire_upgraded":0,"win_rate":0,"timestamp":1566897624,"path_taken":["M","M","?","?","M","R","E","R","T","M","M","M","$","E","R","BOSS","M","?","M","$","M"],"build_version":"2019-06-28","purchased_purges":1,"victory":false,"max_hp_per_floor":[72,72,72,72,72,72,72,72,72,72,72,72,72,72,72,72,72,72,72,72,72,72],"card_choices":[{"not_picked":["Entrench","Shockwave","Sever Soul"],"picked":"SKIP","floor":1},{"not_picked":["True Grit","Dropkick"],"picked":"Blood for Blood","floor":2},{"not_picked":["Reckless Charge","Pummel"],"picked":"Sword Boomerang","floor":5},{"not_picked":["Disarm","Reckless Charge"],"picked":"Rupture","floor":6},{"not_picked":["Pommel Strike","Twin Strike"],"picked":"Shrug It Off","floor":7},{"not_picked":["Wild Strike","Body Slam"],"picked":"Double Tap","floor":8},{"not_picked":["Body Slam","Sword Boomerang"],"picked":"Blood for Blood","floor":10},{"not_picked":["Berserk","Seeing Red"],"picked":"Hemokinesis","floor":11},{"not_picked":["Sentinel","Searing Blow"],"picked":"Iron Wave","floor":12},{"not_picked":["Second Wind","Impervious"],"picked":"Battle Trance","floor":14},{"not_picked":["Power Through","Intimidate"],"picked":"Armaments","floor":15},{"not_picked":["Fiend Fire","Reaper"],"picked":"Brutality","floor":16},{"not_picked":["Pommel Strike","Perfected Strike"],"picked":"Headbutt","floor":18},{"not_picked":["Clothesline","Metallicize"],"picked":"Battle Trance","floor":20}],"player_experience":92454,"relics_obtained":[{"floor":7,"key":"Happy Flower"},{"floor":9,"key":"Vajra"},{"floor":14,"key":"FossilizedHelix"}],"event_choices":[{"damage_healed":0,"gold_gain":0,"player_choice":"Success","damage_taken":18,"relics_obtained":["Dream Catcher"],"max_hp_gain":0,"max_hp_loss":0,"event_name":"Scrap Ooze","floor":3,"gold_loss":0},{"cards_removed":["Strike_R"],"damage_healed":0,"gold_gain":0,"player_choice":"Card Removal","damage_taken":0,"max_hp_gain":0,"max_hp_loss":0,"event_name":"The Cleric","floor":4,"gold_loss":50},{"damage_healed":0,"gold_gain":0,"player_choice":"Smashed Altar","damage_taken":0,"max_hp_gain":0,"max_hp_loss":0,"event_name":"Forgotten Altar","floor":19,"gold_loss":0,"cards_obtained":["Decay"]}],"is_beta":true,"boss_relics":[{"not_picked":["Ectoplasm","Black Star"],"picked":"Runic Cube"}],"items_purged_floors":[21],"is_endless":false,"potions_floor_spawned":[1,2,10,12],"killed_by":"Centurion and Healer","ascension_level":0}