{"gold_per_floor":[116,40,40,59,35,63,138,138,191,211,221,221,246,266,266,362,362,377,391,391,409,409,409,427,447,523,548,559,484,484,584,584,684,684,700,1000,328,328,342,373,387,387,387,397,3,3,16,31,31,31],"floor_reached":50,"playtime":1345,"items_purged":["Strike_R","Strike_R"],"score":831,"play_id":"b561062d-8ba6-4449-b814-2123513f6b9d","local_time":"20190322132119","is_ascension_mode":true,"campfire_choices":[{"floor":12,"key":"DIG"},{"data":"Demon Form","floor":15,"key":"SMITH"},{"data":"Limit Break","floor":23,"key":"SMITH"},{"floor":30,"key":"REST"},{"floor":32,"key":"REST"},{"floor":46,"key":"DIG"},{"floor":49,"key":"REST"}],"neow_cost":"NONE","seed_source_timestamp":760503575204202,"circlet_count":0,"master_deck":["AscendersBane","Strike_R","Strike_R","Defend_R","Defend_R","Defend_R","Defend_R","Bash","Cleave","Shrug It Off","True Grit","Demon Form+1","Twin Strike","Double Tap","Pummel","Limit Break+1","Shrug It Off","Feel No Pain","Corruption+1","Sword Boomerang","Armaments","Clothesline","Shrug It Off","Inflame","Battle Trance+1","Juggernaut","Body Slam+1","Inflame+1","Flame Barrier","Sword Boomerang","Rage","Dark Embrace","Pummel"],"relics":["Burning Blood","Shovel","Dream Catcher","Mummified Hand","Bottled Tornado","Mark of Pain","Enchiridion","Shuriken","Blue Candle","Fusion Hammer","Old Coin","Vajra","Matryoshka","Lee\u0027s Waffle","Singing Bowl","Strawberry","Dodecahedron","Bottled Lightning","Mercury Hourglass"],"potions_floor_usage":[1,6,14,16,16,19,28,50],"damage_taken":[{"damage":14,"enemies":"Jaw Worm","floor":1,"turns":7},{"damage":3,"enemies":"Small Slimes","floor":4,"turns":4},{"damage":32,"enemies":"Gremlin Nob","floor":6,"turns":4},{"damage":0,"enemies":"Cultist","floor":10,"turns":4},{"damage":2,"enemies":"2 Fungi Beasts","floor":11,"turns":3},{"damage":35,"enemies":"Lagavulin","floor":13,"turns":8},{"damage":0,"enemies":"3 Louse","floor":14,"turns":1},{"damage":23,"enemies":"The Guardian","floor":16,"turns":9},{"damage":12,"enemies":"3 Byrds","floor":18,"turns":5},{"damage":8,"enemies":"2 Thieves","floor":19,"turns":3},{"damage":0,"enemies":"Cultist and Chosen","floor":21,"turns":4},{"damage":16,"enemies":"Chosen and Byrds","floor":24,"turns":6},{"damage":11,"enemies":"Snecko","floor":25,"turns":4},{"damage":47,"enemies":"Slavers","floor":27,"turns":5},{"damage":18,"enemies":"Snake Plant","floor":28,"turns":4},{"damage":45,"enemies":"Collector","floor":33,"turns":8},{"damage":7,"enemies":"Orb Walker","floor":35,"turns":3},{"damage":18,"enemies":"3 Shapes","floor":39,"turns":4},{"damage":29,"enemies":"Nemesis","floor":40,"turns":7},{"damage":2,"enemies":"Sphere and 2 Shapes","floor":41,"turns":3},{"damage":1,"enemies":"Transient","floor":44,"turns":5},{"damage":33,"enemies":"3 Darklings","floor":47,"turns":3},{"damage":26,"enemies":"Jaw Worm Horde","floor":48,"turns":3},{"damage":25,"enemies":"Awakened One","floor":50,"turns":3}],"seed_played":"-7383864156079241221","potions_obtained":[{"floor":0,"key":"Poison Potion"},{"floor":0,"key":"BloodPotion"},{"floor":6,"key":"EssenceOfSteel"},{"floor":8,"key":"Explosive Potion"},{"floor":8,"key":"Dexterity Potion"},{"floor":14,"key":"GamblersBrew"},{"floor":16,"key":"Block Potion"},{"floor":18,"key":"EssenceOfSteel"},{"floor":19,"key":"SmokeBomb"},{"floor":25,"key":"Fire Potion"},{"floor":28,"key":"Fire Potion"},{"floor":33,"key":"Dexterity Potion"}],"is_trial":false,"path_per_floor":["M","$","?","M","$","E","?","?","T","M","M","R","E","M","R","B",null,"M","M","?","M","?","R","M","M","T","E","M","?","R","?","R","B",null,"M","T","$","?","M","E","M","?","T","M","$","R","M","M","R","B"],"character_chosen":"IRONCLAD","items_purchased":["Shrug It Off","True Grit","Twin Strike","Vajra","Matryoshka","Lee\u0027s Waffle","Bottled Lightning","Sword Boomerang"],"campfire_rested":3,"item_purchase_floors":[2,2,5,37,37,37,45,45],"current_hp_per_floor":[72,72,72,75,75,49,38,38,38,44,48,48,19,25,25,8,62,56,54,38,44,80,80,70,65,65,24,12,12,36,36,60,21,65,64,64,87,87,75,52,56,56,63,68,68,68,41,21,49,24],"gold":31,"neow_bonus":"THREE_SMALL_POTIONS","is_prod":false,"is_daily":false,"chose_seed":false,"campfire_upgraded":2,"win_rate":0,"timestamp":1553275279,"path_taken":["M","$","?","M","$","E","?","?","T","?","M","R","E","M","R","BOSS","M","M","?","M","?","R","M","?","T","E","M","?","R","?","R","BOSS","M","?","$","?","M","E","?","?","T","M","$","R","M","M","R","BOSS"],"build_version":"2019-01-23","purchased_purges":2,"victory":false,"max_hp_per_floor":[80,80,80,80,80,80,80,80,80,80,80,80,80,80,80,80,80,80,80,80,80,80,80,80,80,80,80,80,80,80,80,80,80,80,80,80,87,87,87,87,87,87,94,94,94,94,94,94,94,94],"card_choices":[{"not_picked":["Iron Wave","Flex"],"picked":"Cleave","floor":1},{"not_picked":["Entrench","Armaments"],"picked":"Demon Form","floor":4},{"not_picked":["Cleave","Havoc"],"picked":"Double Tap","floor":6},{"not_picked":["Pommel Strike","Corruption","Entrench"],"picked":"SKIP","floor":10},{"not_picked":["Havoc","Corruption","Combust"],"picked":"SKIP","floor":11},{"not_picked":["Anger","Clash"],"picked":"Pummel","floor":13},{"not_picked":["Iron Wave","Pommel Strike","Wild Strike"],"picked":"SKIP","floor":14},{"not_picked":["Berserk","Demon Form"],"picked":"Limit Break","floor":16},{"not_picked":["Armaments","Pommel Strike"],"picked":"Shrug It Off","floor":18},{"not_picked":["Evolve","Perfected Strike"],"picked":"Feel No Pain","floor":19},{"not_picked":["Body Slam","Armaments"],"picked":"Corruption+1","floor":21},{"not_picked":["Bloodletting","Headbutt"],"picked":"Sword Boomerang","floor":24},{"not_picked":["Carnage","Searing Blow"],"picked":"Armaments","floor":25},{"not_picked":["Brutality","Corruption+1"],"picked":"Clothesline","floor":27},{"not_picked":["Sentinel","Body Slam"],"picked":"Shrug It Off","floor":28},{"not_picked":["Pommel Strike","True Grit"],"picked":"Inflame","floor":30},{"not_picked":["Clothesline+1","Perfected Strike"],"picked":"Battle Trance+1","floor":32},{"not_picked":["Brutality","Berserk"],"picked":"Juggernaut","floor":33},{"not_picked":["Cleave+1","Hemokinesis","Clothesline"],"picked":"SKIP","floor":35},{"not_picked":["Corruption","Perfected Strike","Reckless Charge"],"picked":"SKIP","floor":39},{"not_picked":["Spot Weakness","Warcry"],"picked":"Body Slam+1","floor":40},{"not_picked":["Bloodletting","True Grit"],"picked":"Inflame+1","floor":41},{"not_picked":["Sword Boomerang","Armaments"],"picked":"Flame Barrier","floor":44},{"not_picked":["Uppercut","Cleave"],"picked":"Rage","floor":47},{"not_picked":["Shrug It Off","Thunderclap"],"picked":"Dark Embrace","floor":48},{"not_picked":["Warcry","Cleave"],"picked":"Pummel","floor":49}],"player_experience":202938,"relics_obtained":[{"floor":6,"key":"Shovel"},{"floor":9,"key":"Dream Catcher"},{"floor":12,"key":"Mummified Hand"},{"floor":13,"key":"Bottled Tornado"},{"floor":20,"key":"Enchiridion"},{"floor":26,"key":"Shuriken"},{"floor":27,"key":"Blue Candle"},{"floor":36,"key":"Old Coin"},{"floor":40,"key":"Singing Bowl"},{"floor":43,"key":"Strawberry"},{"floor":43,"key":"Dodecahedron"},{"floor":46,"key":"Mercury Hourglass"}],"event_choices":[{"damage_healed":0,"gold_gain":0,"player_choice":"Leave","damage_taken":0,"max_hp_gain":0,"max_hp_loss":0,"event_name":"The Cleric","floor":3,"gold_loss":0},{"damage_healed":0,"gold_gain":75,"player_choice":"Gather Gold","damage_taken":11,"max_hp_gain":0,"max_hp_loss":0,"event_name":"World of Goop","floor":7,"gold_loss":0},{"damage_healed":0,"gold_gain":0,"player_choice":"Got Potions","damage_taken":0,"max_hp_gain":0,"max_hp_loss":0,"event_name":"Lab","floor":8,"gold_loss":0},{"damage_healed":0,"gold_gain":0,"player_choice":"Obtained Book","damage_taken":16,"max_hp_gain":0,"max_hp_loss":0,"event_name":"Cursed Tome","floor":20,"gold_loss":0},{"damage_healed":36,"gold_gain":0,"player_choice":"Full Heal","damage_taken":0,"max_hp_gain":0,"max_hp_loss":0,"event_name":"Wheel of Change","floor":22,"gold_loss":0},{"cards_removed":["Strike_R"],"damage_healed":0,"gold_gain":0,"player_choice":"Gave Gold","damage_taken":0,"max_hp_gain":0,"max_hp_loss":0,"event_name":"Beggar","floor":29,"gold_loss":75},{"damage_healed":0,"gold_gain":100,"player_choice":"Pray","damage_taken":0,"max_hp_gain":0,"max_hp_loss":0,"event_name":"Golden Shrine","floor":31,"gold_loss":0},{"damage_healed":0,"gold_gain":0,"player_choice":"Ignored","damage_taken":0,"max_hp_gain":0,"max_hp_loss":0,"event_name":"Mysterious Sphere","floor":38,"gold_loss":0},{"damage_healed":0,"gold_gain":0,"player_choice":"Ignored","damage_taken":0,"max_hp_gain":0,"max_hp_loss":0,"event_name":"Tomb of Lord Red Mask","floor":42,"gold_loss":0}],"is_beta":false,"boss_relics":[{"not_picked":["Busted Crown","Lizard Tail"],"picked":"Mark of Pain"},{"not_picked":["Velvet Choker","Coffee Dripper"],"picked":"Fusion Hammer"}],"items_purged_floors":[37,45],"is_endless":false,"potions_floor_spawned":[6,11,14,16,18,19,25,28,33,35,39,40,48],"killed_by":"Awakened One","ascension_level":12}