{"gold_per_floor":[114,114,29,48,62,95,95,128,203,203],"floor_reached":10,"playtime":307,"items_purged":[],"score":152,"play_id":"8c54239b-d5c6-4e50-afd1-cd5ce0544ac3","local_time":"20190818143533","is_ascension_mode":true,"campfire_choices":[{"floor":7,"key":"REST"}],"neow_cost":"PERCENT_DAMAGE","seed_source_timestamp":145561599218004,"circlet_count":0,"master_deck":["AscendersBane","Strike_B","Strike_B","Strike_B","Strike_B","Defend_B","Defend_B","Defend_B","Defend_B","Zap","Dualcast","Biased Cognition","Streamline","Glacier","Lockon","Auto Shields"],"relics":["Cracked Core","Ice Cream","Lantern","Question Card"],"potions_floor_usage":[10],"damage_taken":[{"damage":8,"enemies":"Small Slimes","floor":1,"turns":3},{"damage":12,"enemies":"Jaw Worm","floor":4,"turns":3},{"damage":0,"enemies":"2 Louse","floor":5,"turns":3},{"damage":30,"enemies":"Gremlin Nob","floor":6,"turns":5},{"damage":13,"enemies":"3 Sentries","floor":8,"turns":10},{"damage":29,"enemies":"Gremlin Nob","floor":10,"turns":3}],"seed_played":"-4445581876970550698","potions_obtained":[{"floor":8,"key":"EssenceOfSteel"}],"is_trial":false,"path_per_floor":["M","?","$","M","M","E","R","E","T","E"],"character_chosen":"DEFECT","items_purchased":["Glacier"],"campfire_rested":1,"item_purchase_floors":[3],"current_hp_per_floor":[38,43,43,31,31,1,23,10,10,0],"gold":203,"neow_bonus":"THREE_RARE_CARDS","is_prod":false,"is_daily":false,"chose_seed":false,"campfire_upgraded":0,"win_rate":0,"timestamp":1566153333,"path_taken":["M","?","$","M","M","E","R","E","T","E"],"build_version":"2019-07-17","purchased_purges":0,"victory":false,"max_hp_per_floor":[71,76,76,76,76,76,76,76,76,76],"card_choices":[{"not_picked":["Core Surge","Echo Form"],"picked":"Biased Cognition","floor":0},{"not_picked":["Gash","Melter"],"picked":"Streamline","floor":1},{"not_picked":["Barrage","Turbo","Gash"],"picked":"SKIP","floor":4},{"not_picked":["Compile Driver","Redo"],"picked":"Lockon","floor":5},{"not_picked":["Hologram","Stack"],"picked":"Auto Shields","floor":6},{"not_picked":["Leap","Stack","Heatsinks"],"picked":"SKIP","floor":8}],"player_experience":583353,"relics_obtained":[{"floor":6,"key":"Ice Cream"},{"floor":8,"key":"Lantern"},{"floor":9,"key":"Question Card"}],"event_choices":[{"damage_healed":0,"gold_gain":0,"player_choice":"Donut","damage_taken":0,"max_hp_gain":5,"max_hp_loss":0,"event_name":"Big Fish","floor":2,"gold_loss":0}],"is_beta":false,"boss_relics":[],"items_purged_floors":[],"is_endless":false,"potions_floor_spawned":[8],"killed_by":"Gremlin Nob","ascension_level":20}