{"gold_per_floor":[117,130,180,200,212,212,273,273,299,334,334,368,368,384,384,458,458,471,520,520],"floor_reached":20,"playtime":1249,"items_purged":[],"score":384,"play_id":"20a25d70-b99f-4d38-86ef-f2076747a778","local_time":"20190718150454","is_ascension_mode":true,"campfire_choices":[{"data":"Defragment","floor":6.0,"key":"SMITH"},{"data":"Loop","floor":8.0,"key":"SMITH"},{"data":"Go for the Eyes","floor":11.0,"key":"SMITH"},{"data":"Redo","floor":13.0,"key":"SMITH"},{"data":"Loop","floor":15.0,"key":"SMITH"}],"neow_cost":"NONE","seed_source_timestamp":454344962354433,"circlet_count":0,"master_deck":["AscendersBane","Strike_B","Strike_B","Strike_B","Strike_B","Defend_B","Defend_B","Defend_B","Defend_B","Zap","Dualcast","Self Repair","Loop+1","Defragment+1","Go for the Eyes+1","Melter","Glacier","Redo+1","Loop+1","Echo Form","Conserve Battery+1"],"special_seed":0,"relics":["Cracked Core","Tiny Chest","Dream Catcher","The Courier","Sozu","Centennial Puzzle"],"potions_floor_usage":[],"damage_taken":[{"damage":8.0,"enemies":"Small Slimes","floor":1.0,"turns":3.0},{"damage":0.0,"enemies":"Cultist","floor":2.0,"turns":3.0},{"damage":2.0,"enemies":"Jaw Worm","floor":4.0,"turns":3.0},{"damage":3.0,"enemies":"3 Louse","floor":5.0,"turns":4.0},{"damage":5.0,"enemies":"Lagavulin","floor":7.0,"turns":6.0},{"damage":40.0,"enemies":"3 Sentries","floor":10.0,"turns":7.0},{"damage":7.0,"enemies":"Lagavulin","floor":12.0,"turns":8.0},{"damage":5.0,"enemies":"Large Slime","floor":14.0,"turns":5.0},{"damage":36.0,"enemies":"Hexaghost","floor":16.0,"turns":12.0},{"damage":23.0,"enemies":"Shell Parasite","floor":18.0,"turns":6.0},{"damage":59,"enemies":"Masked Bandits","floor":20,"turns":3}],"seed_played":"9023702817446425615","potions_obtained":[{"floor":1.0,"key":"Swift Potion"},{"floor":2.0,"key":"Weak Potion"},{"floor":4.0,"key":"SpeedPotion"},{"floor":10.0,"key":"SteroidPotion"}],"is_trial":false,"path_per_floor":["M","M","?","M","M","R","E","R","T","E","R","E","R","M","R","B",null,"M","T","?"],"character_chosen":"DEFECT","items_purchased":[],"campfire_rested":0,"item_purchase_floors":[],"current_hp_per_floor":[63,70,70,68,72,72,74,74,74,41,41,41,41,43,43,14,62,46,46,0],"gold":520,"neow_bonus":"TEN_PERCENT_HP_BONUS","is_prod":false,"is_daily":false,"chose_seed":false,"campfire_upgraded":5,"win_rate":0,"timestamp":1563487494,"path_taken":["M","M","?","M","M","R","E","R","T","E","R","E","R","M","R","BOSS","M","?","?"],"build_version":"2019-07-10","purchased_purges":0,"victory":false,"max_hp_per_floor":[78,78,78,78,78,78,78,78,78,78,78,78,78,78,78,78,78,78,78,78],"card_choices":[{"not_picked":["Doom and Gloom","Static Discharge"],"picked":"Self Repair","floor":1.0},{"not_picked":["Auto Shields","Steam"],"picked":"Loop","floor":2.0},{"not_picked":["Coolheaded","Leap"],"picked":"Defragment","floor":4.0},{"not_picked":["Beam Cell","Barrage"],"picked":"Go for the Eyes","floor":5.0},{"not_picked":["Conserve Battery","Thunder Strike"],"picked":"Melter","floor":7.0},{"not_picked":["Rip and Tear","Cold Snap"],"picked":"Glacier","floor":10.0},{"not_picked":["Rip and Tear","Auto Shields"],"picked":"Redo","floor":12.0},{"not_picked":["BootSequence","Go for the Eyes"],"picked":"Loop","floor":14.0},{"not_picked":["Amplify","Seek"],"picked":"Echo Form","floor":16.0},{"not_picked":["Stack","Turbo"],"picked":"Conserve Battery+1","floor":18.0}],"player_experience":2811492,"relics_obtained":[{"floor":7.0,"key":"Tiny Chest"},{"floor":10.0,"key":"Dream Catcher"},{"floor":12.0,"key":"The Courier"},{"floor":19.0,"key":"Centennial Puzzle"}],"event_choices":[{"damage_healed":0.0,"max_hp_gain":0.0,"max_hp_loss":0.0,"gold_gain":50.0,"event_name":"Golden Shrine","player_choice":"Pray","floor":3.0,"gold_loss":0.0,"damage_taken":0.0},{"damage_healed":0,"gold_gain":0,"player_choice":"Fought Bandits","damage_taken":0,"max_hp_gain":0,"max_hp_loss":0,"event_name":"Masked Bandits","floor":20,"gold_loss":0}],"is_beta":true,"boss_relics":[{"not_picked":["Tiny House","FrozenCore"],"picked":"Sozu"}],"items_purged_floors":[],"is_endless":false,"potions_floor_spawned":[1,2,4,10],"killed_by":"Masked Bandits","ascension_level":20}