{"gold_per_floor":[115,129,148,168,180,180,180,180,180,180,198,198,198,217,217,336,336,360,360,375,396,417,417,28,28,28,46,69,69],"floor_reached":29,"playtime":863,"items_purged":["Decay"],"score":298,"play_id":"959bcf64-950f-4caa-8cb2-9e0640ae077a","local_time":"20190221013627","is_ascension_mode":true,"campfire_choices":[{"data":"Loop","floor":6,"key":"SMITH"},{"data":"Self Repair","floor":8,"key":"SMITH"},{"floor":13,"key":"REST"},{"data":"Blizzard","floor":15,"key":"SMITH"},{"floor":23,"key":"REST"},{"data":"Coolheaded","floor":25,"key":"SMITH"}],"neow_cost":"NONE","seed_source_timestamp":163152725802203,"circlet_count":0,"master_deck":["Strike_B","Strike_B","Strike_B","Strike_B","Defend_B","Defend_B","Defend_B","Defend_B","Zap+1","Dualcast","Ball Lightning","Loop+1","Undo","Self Repair+1","Cold Snap","Blizzard+1","Biased Cognition+1","Coolheaded+1","Core Surge","Bandage Up","Static Discharge+1","Gash","Force Field"],"relics":["FrozenCore","Pear","Frozen Egg 2","Golden Idol","Nunchaku","Medical Kit","Boot"],"potions_floor_usage":[11,28,28,28,29],"damage_taken":[{"damage":0,"enemies":"2 Louse","floor":1,"turns":2},{"damage":0,"enemies":"Small Slimes","floor":2,"turns":3},{"damage":7,"enemies":"Jaw Worm","floor":3,"turns":3},{"damage":11,"enemies":"Looter","floor":4,"turns":2},{"damage":14,"enemies":"Red Slaver","floor":5,"turns":3},{"damage":0,"enemies":"Lots of Slimes","floor":11,"turns":1},{"damage":8,"enemies":"Looter","floor":14,"turns":4},{"damage":31,"enemies":"Hexaghost","floor":16,"turns":11},{"damage":19,"enemies":"Spheric Guardian","floor":18,"turns":6},{"damage":2,"enemies":"Shell Parasite","floor":20,"turns":6},{"damage":19,"enemies":"Snake Plant","floor":21,"turns":7},{"damage":45,"enemies":"Shelled Parasite and Fungi","floor":22,"turns":9},{"damage":11,"enemies":"Chosen and Byrds","floor":27,"turns":3},{"damage":48,"enemies":"3 Cultists","floor":28,"turns":5},{"damage":12,"enemies":"Slavers","floor":29,"turns":1}],"seed_played":"4676652344406450944","potions_obtained":[{"floor":3,"key":"Explosive Potion"},{"floor":16,"key":"EssenceOfSteel"},{"floor":21,"key":"EssenceOfSteel"},{"floor":27,"key":"Energy Potion"},{"floor":28,"key":"Energy Potion"}],"is_trial":false,"path_per_floor":["M","M","M","M","M","R","?","R","T","?","M","T","R","M","R","B",null,"M","?","M","M","M","R","$","R","T","M","M","E"],"character_chosen":"DEFECT","items_purchased":["Medical Kit","Bandage Up","Static Discharge+1"],"campfire_rested":2,"item_purchase_floors":[24,24,24],"current_hp_per_floor":[68,68,61,50,43,43,28,28,28,28,28,28,51,53,53,32,67,58,58,66,57,22,45,45,45,45,48,4,0],"gold":69,"neow_bonus":"UPGRADE_CARD","is_prod":false,"is_daily":false,"chose_seed":false,"campfire_upgraded":4,"win_rate":0,"timestamp":1550730987,"path_taken":["M","M","M","M","M","R","?","R","T","?","M","?","R","M","R","BOSS","M","?","M","M","?","R","?","R","T","M","M","E"],"build_version":"2019-01-23","purchased_purges":1,"victory":false,"max_hp_per_floor":[75,75,75,75,75,75,85,85,85,79,79,79,79,79,79,79,79,79,79,79,79,79,79,79,79,79,79,79,79],"card_choices":[{"not_picked":["Sweeping Beam","Loop"],"picked":"Ball Lightning","floor":1},{"not_picked":["Rebound","Beam Cell"],"picked":"Loop","floor":2},{"not_picked":["Stack","Turbo"],"picked":"Undo","floor":3},{"not_picked":["Rebound","Coolheaded"],"picked":"Self Repair","floor":4},{"not_picked":["Ball Lightning","Aggregate","Go for the Eyes"],"picked":"SKIP","floor":5},{"not_picked":["Gash","Rebound"],"picked":"Cold Snap","floor":11},{"not_picked":["Go for the Eyes","Steam"],"picked":"Blizzard","floor":14},{"not_picked":["Thunder Strike","All For One"],"picked":"Biased Cognition+1","floor":16},{"not_picked":["Steam","Leap+1","Turbo"],"picked":"SKIP","floor":18},{"not_picked":["Ball Lightning+1","Compile Driver","Leap"],"picked":"SKIP","floor":20},{"not_picked":["Rebound","Turbo+1"],"picked":"Coolheaded","floor":21},{"not_picked":["Ball Lightning","Sweeping Beam"],"picked":"Core Surge","floor":22},{"not_picked":["Steam+1","Stack"],"picked":"Gash","floor":27},{"not_picked":["Sweeping Beam","Go for the Eyes"],"picked":"Force Field","floor":28}],"player_experience":122030,"relics_obtained":[{"floor":9,"key":"Frozen Egg 2"},{"floor":12,"key":"Nunchaku"},{"floor":26,"key":"Boot"}],"event_choices":[{"damage_healed":0,"gold_gain":0,"player_choice":"Success","damage_taken":25,"relics_obtained":["Pear"],"max_hp_gain":0,"max_hp_loss":0,"event_name":"Scrap Ooze","floor":7,"gold_loss":0},{"damage_healed":0,"gold_gain":0,"player_choice":"Lose Max HP","damage_taken":0,"relics_obtained":["Golden Idol"],"max_hp_gain":0,"max_hp_loss":6,"event_name":"Golden Idol","floor":10,"gold_loss":0},{"damage_healed":0,"gold_gain":0,"player_choice":"Cursed","damage_taken":0,"max_hp_gain":0,"max_hp_loss":0,"event_name":"Wheel of Change","floor":19,"gold_loss":0,"cards_obtained":["Decay"]}],"is_beta":false,"boss_relics":[{"not_picked":["Calling Bell","Ectoplasm"],"picked":"FrozenCore"}],"items_purged_floors":[24],"is_endless":false,"potions_floor_spawned":[3,16,21,27,28],"killed_by":"Slavers","ascension_level":7}