{"gold_per_floor":[118,118,15,15,31,31,43,55,82,95,109,127,127,138,138,212,212,222,222,238,255,43,43,61,61,107,107,107,107],"floor_reached":29,"playtime":3062,"items_purged":[],"score":438,"play_id":"daaa44e3-a516-4a4a-878b-ca4dc9ee0f1a","local_time":"20190810012510","is_ascension_mode":true,"campfire_choices":[{"data":"Zap","floor":6.0,"key":"SMITH"},{"data":"Defragment","floor":13.0,"key":"SMITH"},{"data":"Coolheaded","floor":15.0,"key":"SMITH"},{"floor":23,"key":"REST"},{"floor":27,"key":"REST"}],"neow_cost":"NONE","seed_source_timestamp":680944753020076,"circlet_count":0,"master_deck":["AscendersBane","Strike_B","Strike_B","Strike_B","Defend_B","Defend_B","Defend_B","Defend_B","Zap+1","Dualcast","Hyperbeam","Leap","Ball Lightning","Coolheaded+1","Force Field","Gash","Conserve Battery","FTL","Turbo","Defragment+1","Auto Shields","Cold Snap","Echo Form","Conserve Battery","Leap","Conserve Battery","Capacitor","Leap"],"special_seed":0,"relics":["Cracked Core","Oddly Smooth Stone","Lizard Tail","Lantern","Blood Vial"],"potions_floor_usage":[28,29],"damage_taken":[{"damage":1.0,"enemies":"Cultist","floor":1.0,"turns":3.0},{"damage":4.0,"enemies":"Jaw Worm","floor":5.0,"turns":4.0},{"damage":0.0,"enemies":"2 Louse","floor":7.0,"turns":1.0},{"damage":17.0,"enemies":"Exordium Wildlife","floor":8.0,"turns":4.0},{"damage":9.0,"enemies":"3 Louse","floor":10.0,"turns":2.0},{"damage":0.0,"enemies":"2 Fungi Beasts","floor":11.0,"turns":1.0},{"damage":0.0,"enemies":"Gremlin Gang","floor":12.0,"turns":1.0},{"damage":10.0,"enemies":"Exordium Thugs","floor":14.0,"turns":5.0},{"damage":14.0,"enemies":"Slime Boss","floor":16.0,"turns":9.0},{"damage":10.0,"enemies":"Spheric Guardian","floor":18.0,"turns":4.0},{"damage":8.0,"enemies":"Chosen","floor":20.0,"turns":5.0},{"damage":11,"enemies":"Centurion and Healer","floor":21,"turns":5},{"damage":12,"enemies":"Sentry and Sphere","floor":24,"turns":9},{"damage":24,"enemies":"Colosseum Slavers","floor":28,"turns":6},{"damage":60,"enemies":"Book of Stabbing","floor":29,"turns":7}],"seed_played":"6168690359747803898","potions_obtained":[{"floor":1.0,"key":"SpeedPotion"},{"floor":8.0,"key":"FocusPotion"},{"floor":12.0,"key":"AttackPotion"},{"floor":16.0,"key":"Dexterity Potion"},{"floor":21,"key":"Dexterity Potion"},{"floor":24,"key":"Fire Potion"}],"is_trial":false,"path_per_floor":["M","$","$","?","M","R","M","M","T","M","M","M","R","M","R","B",null,"M","?","M","M","$","R","M","?","T","R","?","E"],"character_chosen":"DEFECT","items_purchased":["Ball Lightning","Coolheaded","Lantern","Capacitor"],"campfire_rested":2,"item_purchase_floors":[3,3,22,22],"current_hp_per_floor":[63,63,63,63,59,59,59,42,42,33,33,33,33,23,23,9,56,46,26,18,7,7,29,17,17,17,39,17,0],"gold":107,"neow_bonus":"ONE_RANDOM_RARE_CARD","is_prod":false,"is_daily":false,"chose_seed":false,"campfire_upgraded":3,"win_rate":0,"timestamp":1565425510,"path_taken":["M","?","$","?","M","R","M","M","T","M","?","M","R","M","R","BOSS","M","?","M","M","$","R","M","?","T","R","?","E"],"build_version":"2019-07-18","purchased_purges":0,"victory":false,"max_hp_per_floor":[71,71,71,71,71,71,71,71,71,71,71,71,71,71,71,71,71,71,76,76,76,76,76,76,76,76,76,76,76],"card_choices":[{"not_picked":["Rip and Tear","Scrape"],"picked":"Leap","floor":1.0},{"not_picked":["Conserve Battery","Go for the Eyes"],"picked":"Gash","floor":5.0},{"not_picked":["Force Field","Scrape"],"picked":"Conserve Battery","floor":7.0},{"not_picked":["Steam","Static Discharge"],"picked":"FTL","floor":8.0},{"not_picked":["Rebound","Beam Cell"],"picked":"Turbo","floor":10.0},{"not_picked":["Streamline","Double Energy"],"picked":"Defragment","floor":11.0},{"not_picked":["Rebound","Self Repair"],"picked":"Auto Shields","floor":12.0},{"not_picked":["Hologram","Streamline"],"picked":"Cold Snap","floor":14.0},{"not_picked":["Creative AI","Biased Cognition"],"picked":"Echo Form","floor":16.0},{"not_picked":["Leap","Steam"],"picked":"Conserve Battery","floor":18.0},{"not_picked":["Compile Driver","Sweeping Beam"],"picked":"Leap","floor":20.0},{"not_picked":["Streamline","Barrage"],"picked":"Conserve Battery","floor":21},{"not_picked":["Storm","Streamline"],"picked":"Leap","floor":24}],"player_experience":2909338,"relics_obtained":[{"floor":9.0,"key":"Oddly Smooth Stone"},{"floor":26,"key":"Blood Vial"}],"event_choices":[{"damage_healed":0.0,"max_hp_gain":0.0,"max_hp_loss":0.0,"gold_gain":0.0,"cards_transformed":["Strike_B"],"event_name":"Transmorgrifier","player_choice":"Transformed","floor":4.0,"gold_loss":0.0,"damage_taken":0.0,"cards_obtained":["Force Field"]},{"damage_healed":0.0,"max_hp_gain":5.0,"max_hp_loss":0.0,"gold_gain":0.0,"event_name":"Forgotten Altar","player_choice":"Shed Blood","floor":19.0,"gold_loss":0.0,"damage_taken":25.0},{"damage_healed":0,"gold_gain":0,"player_choice":"Ignored","damage_taken":0,"max_hp_gain":0,"max_hp_loss":0,"event_name":"Vampires","floor":25,"gold_loss":0},{"damage_healed":0,"gold_gain":0,"player_choice":"Fight","damage_taken":0,"max_hp_gain":0,"max_hp_loss":0,"event_name":"Colosseum","floor":28,"gold_loss":0},{"damage_healed":0,"gold_gain":0,"player_choice":"Fled From Nobs","damage_taken":0,"max_hp_gain":0,"max_hp_loss":0,"event_name":"Colosseum","floor":28,"gold_loss":0}],"is_beta":true,"boss_relics":[{"not_picked":["Eternal Feather","White Beast Statue"],"picked":"Lizard Tail"}],"items_purged_floors":[],"is_endless":false,"potions_floor_spawned":[1,8,12,16,21,24],"killed_by":"Book of Stabbing","ascension_level":20}