{"gold_per_floor":[109,124,299,312,262,292,292,325,325,325,298,298,298,326,326,431,431,443,459,67,167,177,177,195,9,9,9,22,22,41,70,70,167,167,179,198,16,16,116,116,147,147,147,0,0,19,44,61,61,61],"floor_reached":50,"playtime":2214,"items_purged":["Strike_G"],"score":775,"play_id":"b77cca8c-4b1a-405d-addd-fab24334cb76","local_time":"20190223122642","is_ascension_mode":true,"campfire_choices":[{"floor":7,"key":"REST"},{"floor":10,"key":"REST"},{"floor":12,"key":"REST"},{"data":"Crippling Poison","floor":15,"key":"SMITH"},{"data":"Apotheosis","floor":23,"key":"SMITH"},{"data":"Footwork","floor":27,"key":"SMITH"},{"floor":29,"key":"REST"},{"floor":32,"key":"REST"},{"data":"After Image","floor":40,"key":"SMITH"},{"data":"1","floor":42,"key":"LIFT"},{"data":"Wraith Form v2","floor":45,"key":"SMITH"},{"floor":49,"key":"REST"}],"neow_cost":"NONE","seed_source_timestamp":293963978844759,"circlet_count":0,"master_deck":["Defend_G","Defend_G","Defend_G","Defend_G","Defend_G","Strike_G","Strike_G","Survivor","Neutralize","Finesse","Dagger Spray","Crippling Poison+1","Blade Dance","Noxious Fumes+1","Bane","Dash","A Thousand Cuts","Well Laid Plans+1","Backflip+1","Footwork+1","Apotheosis+1","Crippling Poison","Footwork","Blur","PiercingWail","Infinite Blades","Corpse Explosion","After Image+1","Deadly Poison+1","Sucker Punch+1","Dodge and Roll","Wraith Form v2+1","Escape Plan+1","Riddle With Holes+1","Catalyst+1","Dodge and Roll+1"],"relics":["Ring of the Snake","Omamori","Ninja Scroll","Strawberry","Mango","WristBlade","Bag of Preparation","Lantern","Bottled Flame","Empty Cage","Bag of Marbles","Girya","Juzu Bracelet","Boot","Red Mask","Vajra"],"potions_floor_usage":[6,8,16,24,31,36,47,47,50,50],"damage_taken":[{"damage":14,"enemies":"Jaw Worm","floor":1,"turns":12},{"damage":9,"enemies":"Small Slimes","floor":2,"turns":5},{"damage":3,"enemies":"2 Louse","floor":4,"turns":3},{"damage":28,"enemies":"Gremlin Nob","floor":6,"turns":4},{"damage":29,"enemies":"Lagavulin","floor":8,"turns":8},{"damage":26,"enemies":"Gremlin Nob","floor":14,"turns":4},{"damage":18,"enemies":"Slime Boss","floor":16,"turns":7},{"damage":20,"enemies":"2 Thieves","floor":18,"turns":4},{"damage":0,"enemies":"Chosen","floor":19,"turns":4},{"damage":15,"enemies":"Snecko","floor":22,"turns":5},{"damage":2,"enemies":"Centurion and Healer","floor":24,"turns":6},{"damage":9,"enemies":"Snake Plant","floor":28,"turns":5},{"damage":0,"enemies":"Cultist and Chosen","floor":30,"turns":6},{"damage":7,"enemies":"Slavers","floor":31,"turns":5},{"damage":67,"enemies":"Automaton","floor":33,"turns":10},{"damage":14,"enemies":"3 Darklings","floor":35,"turns":3},{"damage":11,"enemies":"Orb Walker","floor":36,"turns":5},{"damage":0,"enemies":"Mind Bloom Boss Battle","floor":39,"turns":8},{"damage":4,"enemies":"Nemesis","floor":41,"turns":9},{"damage":18,"enemies":"3 Darklings","floor":46,"turns":3},{"damage":9,"enemies":"Giant Head","floor":47,"turns":11},{"damage":30,"enemies":"Transient","floor":48,"turns":5},{"damage":67,"enemies":"Awakened One","floor":50,"turns":17}],"seed_played":"7781903525819900008","potions_obtained":[{"floor":1,"key":"FearPotion"},{"floor":6,"key":"GamblersBrew"},{"floor":14,"key":"Strength Potion"},{"floor":19,"key":"Explosive Potion"},{"floor":30,"key":"Energy Potion"},{"floor":33,"key":"Energy Potion"},{"floor":36,"key":"AttackPotion"},{"floor":46,"key":"Regen Potion"},{"floor":47,"key":"SpeedPotion"},{"floor":48,"key":"Poison Potion"}],"is_trial":false,"path_per_floor":["M","M","?","M","?","E","R","E","T","R","?","R","?","E","R","B",null,"M","M","$","?","M","R","M","$","T","R","M","R","M","E","R","B",null,"M","M","$","?","?","R","E","R","T","?","R","M","E","M","R","B"],"character_chosen":"THE_SILENT","items_purchased":["Bag of Preparation","Footwork","Apotheosis","Footwork","Blur","Bag of Marbles","Dodge and Roll"],"campfire_rested":6,"item_purchase_floors":[20,20,20,25,25,37,37],"current_hp_per_floor":[49,40,40,37,37,9,30,1,8,31,31,54,54,42,42,24,74,54,54,54,54,39,39,37,37,37,37,28,55,55,48,75,8,70,56,45,45,80,80,80,76,76,76,76,76,58,64,34,58,0],"gold":61,"neow_bonus":"RANDOM_COLORLESS","is_prod":false,"is_daily":false,"chose_seed":false,"campfire_upgraded":5,"win_rate":0,"timestamp":1550942802,"path_taken":["M","M","?","M","?","E","R","E","T","R","?","R","?","E","R","BOSS","M","M","$","?","M","R","M","?","T","R","M","R","M","E","R","BOSS","M","M","$","?","?","R","E","R","T","?","R","M","E","M","R","BOSS"],"build_version":"2019-01-23","purchased_purges":1,"victory":false,"max_hp_per_floor":[70,70,70,70,70,70,70,70,77,77,77,77,77,91,91,91,91,91,91,91,91,91,91,91,91,91,91,91,91,91,91,91,91,91,91,91,91,80,80,80,80,80,80,80,80,80,80,80,80,80],"card_choices":[{"not_picked":["Finisher","Distraction"],"picked":"Dagger Spray","floor":1},{"not_picked":["Acrobatics","Deadly Poison"],"picked":"Crippling Poison","floor":2},{"not_picked":["Dodge and Roll","Slice"],"picked":"Blade Dance","floor":4},{"not_picked":["Deflect","Underhanded Strike"],"picked":"Noxious Fumes","floor":6},{"not_picked":["Skewer","Riddle With Holes"],"picked":"Bane","floor":8},{"not_picked":["Escape Plan","Sucker Punch"],"picked":"Dash","floor":14},{"not_picked":["Storm of Steel","Malaise"],"picked":"A Thousand Cuts","floor":16},{"not_picked":["Underhanded Strike","Dagger Spray"],"picked":"Well Laid Plans+1","floor":18},{"not_picked":["Sucker Punch+1","Finisher"],"picked":"Backflip+1","floor":19},{"not_picked":["Prepared","Terror"],"picked":"Crippling Poison","floor":22},{"not_picked":["Slice","Tactician","Deadly Poison"],"picked":"SKIP","floor":24},{"not_picked":["Tactician","Deadly Poison+1"],"picked":"PiercingWail","floor":28},{"not_picked":["Quick Slash","Sucker Punch"],"picked":"Infinite Blades","floor":30},{"not_picked":["Quick Slash+1","Deadly Poison"],"picked":"Corpse Explosion","floor":31},{"not_picked":["Corpse Explosion","Die Die Die"],"picked":"After Image","floor":33},{"not_picked":["Prepared","Caltrops"],"picked":"Deadly Poison+1","floor":35},{"not_picked":["Dagger Spray+1","Poisoned Stab"],"picked":"Sucker Punch+1","floor":36},{"not_picked":["PiercingWail","Flying Knee+1"],"picked":"Wraith Form v2","floor":39},{"not_picked":["Deflect+1","Prepared+1"],"picked":"Escape Plan+1","floor":41},{"not_picked":["Flying Knee+1","Acrobatics"],"picked":"Riddle With Holes+1","floor":46},{"not_picked":["Prepared","Slice+1"],"picked":"Catalyst+1","floor":47},{"not_picked":["Acrobatics+1","Tools of the Trade"],"picked":"Dodge and Roll+1","floor":48}],"player_experience":125213,"relics_obtained":[{"floor":6,"key":"Omamori"},{"floor":8,"key":"Ninja Scroll"},{"floor":9,"key":"Strawberry"},{"floor":14,"key":"Mango"},{"floor":26,"key":"Lantern"},{"floor":31,"key":"Bottled Flame"},{"floor":39,"key":"Girya"},{"floor":41,"key":"Juzu Bracelet"},{"floor":43,"key":"Boot"},{"floor":47,"key":"Vajra"}],"event_choices":[{"damage_healed":0,"gold_gain":175,"player_choice":"AGREE","damage_taken":0,"max_hp_gain":0,"max_hp_loss":0,"event_name":"Liars Game","floor":3,"gold_loss":0,"cards_obtained":["Doubt"]},{"cards_removed":["Doubt"],"damage_healed":0,"gold_gain":0,"player_choice":"Card Removal","damage_taken":0,"max_hp_gain":0,"max_hp_loss":0,"event_name":"The Cleric","floor":5,"gold_loss":50},{"damage_healed":0,"gold_gain":0,"player_choice":"Left Gold","damage_taken":0,"max_hp_gain":0,"max_hp_loss":0,"event_name":"World of Goop","floor":11,"gold_loss":27},{"damage_healed":0,"gold_gain":0,"player_choice":"Grow","damage_taken":0,"max_hp_gain":0,"max_hp_loss":0,"event_name":"Living Wall","floor":13,"gold_loss":0,"cards_upgraded":["Noxious Fumes"]},{"damage_healed":0,"gold_gain":100,"player_choice":"Pray","damage_taken":0,"max_hp_gain":0,"max_hp_loss":0,"event_name":"Golden Shrine","floor":21,"gold_loss":0},{"damage_healed":80,"gold_gain":0,"player_choice":"Heal","damage_taken":0,"max_hp_gain":0,"max_hp_loss":11,"event_name":"The Moai Head","floor":38,"gold_loss":0},{"damage_healed":0,"gold_gain":0,"player_choice":"Fight","damage_taken":0,"max_hp_gain":0,"max_hp_loss":0,"event_name":"MindBloom","floor":39,"gold_loss":0},{"damage_healed":0,"gold_gain":0,"player_choice":"Paid","damage_taken":0,"relics_obtained":["Red Mask"],"max_hp_gain":0,"max_hp_loss":0,"event_name":"Tomb of Lord Red Mask","floor":44,"gold_loss":147}],"is_beta":false,"boss_relics":[{"not_picked":["Lizard Tail","HoveringKite"],"picked":"WristBlade"},{"not_picked":["Snecko Eye","Black Star"],"picked":"Empty Cage"}],"items_purged_floors":[25],"is_endless":false,"potions_floor_spawned":[1,6,14,19,30,33,36,46,47,48],"killed_by":"Awakened One","ascension_level":8}