{"gold_per_floor":[114,126,126,76,90,90,123,123,123,123,156,156,156,180,180,309,309,334,358,91,41,41,41,74,74,74,115,115,1,1,1,1,130,130,150,150,150,175,300,339,374,707,707,2,2,2,2,18,18,18],"floor_reached":51,"playtime":16693,"items_purged":["Strike_G"],"score":1041,"play_id":"bf68c2f3-c845-416d-a435-0e8cb076877f","local_time":"20190216141654","is_ascension_mode":true,"campfire_choices":[{"data":"Noxious Fumes","floor":6,"key":"SMITH"},{"floor":12,"key":"REST"},{"floor":15,"key":"REST"},{"data":"Neutralize","floor":23,"key":"SMITH"},{"data":"A Thousand Cuts","floor":25,"key":"SMITH"},{"data":"Footwork","floor":32,"key":"SMITH"},{"data":"Well Laid Plans","floor":46,"key":"SMITH"},{"data":"Blind","floor":49,"key":"SMITH"}],"neow_cost":"PERCENT_DAMAGE","seed_source_timestamp":800084890146324,"circlet_count":0,"master_deck":["Defend_G+1","Defend_G+1","Defend_G+1","Defend_G+1","Survivor","Neutralize+1","Dagger Spray","Noxious Fumes+1","Cloak And Dagger+1","Poisoned Stab","Footwork+1","A Thousand Cuts+1","Dodge and Roll","Cloak And Dagger","Malaise","Dagger Throw+1","Leg Sweep+1","Discovery+1","Madness","Madness","Footwork+1","Infinite Blades+1","Blur","Well Laid Plans+1","Blind+1"],"relics":["Ring of the Snake","Singing Bowl","Paper Crane","Dodecahedron","WingedGreaves","Philosopher\u0027s Stone","Lee\u0027s Waffle","Pantograph","Juzu Bracelet","Mercury Hourglass","MutagenicStrength","Astrolabe","Thread and Needle","Pear","Happy Flower","Gremlin Horn","Bag of Preparation","Gambling Chip","TwistedFunnel"],"potions_floor_usage":[11,11,14,40,41],"damage_taken":[{"damage":0,"enemies":"Jaw Worm","floor":1,"turns":6},{"damage":2,"enemies":"Small Slimes","floor":2,"turns":3},{"damage":0,"enemies":"2 Louse","floor":5,"turns":3},{"damage":14,"enemies":"3 Sentries","floor":7,"turns":6},{"damage":3,"enemies":"Lagavulin","floor":11,"turns":6},{"damage":10,"enemies":"Gremlin Gang","floor":14,"turns":4},{"damage":31,"enemies":"The Guardian","floor":16,"turns":10},{"damage":34,"enemies":"Chosen","floor":18,"turns":5},{"damage":12,"enemies":"Spheric Guardian","floor":19,"turns":4},{"damage":1,"enemies":"Book of Stabbing","floor":24,"turns":6},{"damage":15,"enemies":"Gremlin Leader","floor":27,"turns":6},{"damage":16,"enemies":"Collector","floor":33,"turns":8},{"damage":0,"enemies":"Orb Walker","floor":35,"turns":5},{"damage":15,"enemies":"3 Shapes","floor":38,"turns":5},{"damage":0,"enemies":"Mind Bloom Boss Battle","floor":39,"turns":6},{"damage":7,"enemies":"Nemesis","floor":40,"turns":9},{"damage":10,"enemies":"Reptomancer","floor":41,"turns":7},{"damage":2,"enemies":"3 Darklings","floor":48,"turns":5},{"damage":0,"enemies":"Donu and Deca","floor":50,"turns":11}],"seed_played":"-6384276655404640947","potions_obtained":[{"floor":1,"key":"GamblersBrew"},{"floor":7,"key":"Energy Potion"},{"floor":11,"key":"EssenceOfSteel"},{"floor":18,"key":"EssenceOfSteel"},{"floor":27,"key":"Regen Potion"},{"floor":39,"key":"Swift Potion"}],"is_trial":false,"path_per_floor":["M","M","?","?","M","R","E","$","T","?","E","R","?","M","R","B",null,"M","M","$","?","$","R","E","R","T","E","?","$","?","?","R","B",null,"M","?","$","M","?","E","E","?","T","$","?","R","?","M","R","B",null],"character_chosen":"THE_SILENT","items_purchased":["Lee\u0027s Waffle","Cloak And Dagger","Dramatic Entrance","Bag of Preparation","Gambling Chip","TwistedFunnel","Well Laid Plans"],"campfire_rested":2,"item_purchase_floors":[20,29,29,44,44,44,44],"current_hp_per_floor":[45,43,43,43,43,43,29,29,29,11,8,27,27,17,36,5,50,18,6,74,74,74,74,75,75,75,62,62,62,62,62,62,62,74,76,66,66,51,78,81,71,71,71,71,71,71,71,71,71,94],"gold":18,"neow_bonus":"REMOVE_TWO","is_prod":false,"is_daily":false,"chose_seed":false,"campfire_upgraded":6,"win_rate":0,"timestamp":1550344614,"path_taken":["M","M","?","?","?","R","E","$","T","?","E","R","?","M","R","BOSS","M","?","$","?","?","R","E","R","T","E","?","$","?","?","R","BOSS","M","?","$","M","?","E","E","?","T","$","?","R","?","M","R","BOSS"],"build_version":"2019-01-23","purchased_purges":1,"victory":true,"max_hp_per_floor":[70,70,65,65,65,65,65,65,65,65,65,65,65,65,65,65,65,67,67,74,74,74,74,76,76,76,78,78,78,78,78,78,78,78,80,80,80,80,82,92,92,92,92,92,92,92,92,94,94,94],"card_choices":[{"not_picked":["Catalyst","Deflect"],"picked":"Dagger Spray","floor":1},{"not_picked":["Dodge and Roll","Calculated Gamble","Bane"],"picked":"SKIP","floor":2},{"not_picked":["Quick Slash","Terror"],"picked":"Noxious Fumes","floor":5},{"not_picked":["Doppelganger","Outmaneuver"],"picked":"Cloak And Dagger","floor":7},{"not_picked":["Expertise","Underhanded Strike"],"picked":"Poisoned Stab","floor":11},{"not_picked":["Prepared","Underhanded Strike"],"picked":"Footwork","floor":14},{"not_picked":["Envenom","Adrenaline"],"picked":"A Thousand Cuts","floor":16},{"not_picked":["Outmaneuver","Quick Slash","Dodge and Roll"],"picked":"Singing Bowl","floor":18},{"not_picked":["Slice","Terror"],"picked":"Dodge and Roll","floor":19},{"not_picked":["Slice","Outmaneuver","Tactician"],"picked":"Singing Bowl","floor":24},{"not_picked":["Bouncing Flask","Skewer+1","Venomology"],"picked":"Singing Bowl","floor":27},{"not_picked":["Storm of Steel","Bullet Time"],"picked":"Malaise","floor":33},{"not_picked":["Flying Knee","Outmaneuver+1","Sucker Punch"],"picked":"Singing Bowl","floor":35},{"not_picked":["Corpse Explosion","Dodge and Roll"],"picked":"Footwork+1","floor":38},{"not_picked":["Terror+1","Prepared","Cloak And Dagger"],"picked":"Singing Bowl","floor":39},{"not_picked":["All Out Attack","Riddle With Holes"],"picked":"Infinite Blades+1","floor":40},{"not_picked":["Blade Dance+1","Heel Hook"],"picked":"Blur","floor":41},{"not_picked":["Dark Shackles","Good Instincts"],"picked":"Blind","floor":45},{"not_picked":["Quick Slash+1","Slice+1","Flying Knee"],"picked":"Singing Bowl","floor":48}],"player_experience":84391,"relics_obtained":[{"floor":7,"key":"Singing Bowl"},{"floor":9,"key":"Paper Crane"},{"floor":11,"key":"WingedGreaves"},{"floor":24,"key":"Pantograph"},{"floor":26,"key":"Juzu Bracelet"},{"floor":27,"key":"Mercury Hourglass"},{"floor":39,"key":"Thread and Needle"},{"floor":40,"key":"Pear"},{"floor":41,"key":"Happy Flower"},{"floor":43,"key":"Gremlin Horn"}],"event_choices":[{"damage_healed":0,"gold_gain":0,"player_choice":"Lose Max HP","damage_taken":0,"relics_obtained":["Golden Idol"],"max_hp_gain":0,"max_hp_loss":5,"event_name":"Golden Idol","floor":3,"gold_loss":0},{"cards_removed":["Strike_G"],"damage_healed":0,"gold_gain":0,"player_choice":"Card Removal","damage_taken":0,"max_hp_gain":0,"max_hp_loss":0,"event_name":"The Cleric","floor":4,"gold_loss":50},{"damage_healed":0,"gold_gain":0,"player_choice":"Success","damage_taken":18,"relics_obtained":["Dodecahedron"],"max_hp_gain":0,"max_hp_loss":0,"event_name":"Scrap Ooze","floor":10,"gold_loss":0},{"damage_healed":0,"gold_gain":0,"player_choice":"Forge","damage_taken":0,"max_hp_gain":0,"max_hp_loss":0,"event_name":"Accursed Blacksmith","floor":13,"gold_loss":0,"cards_upgraded":["Cloak And Dagger"]},{"damage_healed":0,"gold_gain":0,"player_choice":"Bet on Murderer","damage_taken":0,"max_hp_gain":0,"max_hp_loss":0,"event_name":"The Joust","floor":21,"gold_loss":50},{"damage_healed":0,"gold_gain":0,"player_choice":"Inject Mutagens","damage_taken":0,"relics_obtained":["MutagenicStrength"],"max_hp_gain":0,"max_hp_loss":0,"event_name":"Drug Dealer","floor":28,"gold_loss":0},{"damage_healed":0,"gold_gain":0,"player_choice":"Ignored","damage_taken":0,"max_hp_gain":0,"max_hp_loss":0,"event_name":"Ghosts","floor":30,"gold_loss":0},{"damage_healed":0,"gold_gain":0,"player_choice":"Simplicity","damage_taken":0,"max_hp_gain":0,"max_hp_loss":0,"event_name":"Back to Basics","floor":31,"gold_loss":0,"cards_upgraded":["Defend_G","Defend_G","Defend_G","Defend_G","Strike_G","Strike_G"]},{"damage_healed":0,"gold_gain":0,"player_choice":"Embrace Madness","damage_taken":10,"max_hp_gain":0,"max_hp_loss":0,"event_name":"Winding Halls","floor":36,"gold_loss":0,"cards_obtained":["Madness","Madness"]},{"damage_healed":0,"gold_gain":0,"player_choice":"Fight","damage_taken":0,"max_hp_gain":0,"max_hp_loss":0,"event_name":"MindBloom","floor":39,"gold_loss":0},{"damage_healed":0,"gold_gain":333,"player_choice":"Gave Idol","damage_taken":0,"max_hp_gain":0,"max_hp_loss":0,"event_name":"The Moai Head","floor":42,"relics_lost":["Golden Idol"],"gold_loss":0},{"damage_healed":0,"gold_gain":0,"player_choice":"Memory 1","damage_taken":0,"max_hp_gain":0,"max_hp_loss":0,"event_name":"SensoryStone","floor":45,"gold_loss":0},{"damage_healed":0,"gold_gain":0,"player_choice":"Ignored","damage_taken":0,"max_hp_gain":0,"max_hp_loss":0,"event_name":"Mysterious Sphere","floor":47,"gold_loss":0}],"is_beta":false,"boss_relics":[{"not_picked":["Busted Crown","Pandora\u0027s Box"],"picked":"Philosopher\u0027s Stone"},{"not_picked":["Runic Dome","Black Star"],"picked":"Astrolabe"}],"items_purged_floors":[20],"is_endless":false,"potions_floor_spawned":[1,7,11,18,27,39],"ascension_level":6}