{"gold_per_floor":[112,62,62,78,3,3,33,33,57,82,82,9,20,20,20,20],"floor_reached":16,"playtime":431,"items_purged":["Defend_R"],"score":111,"play_id":"56ba1f5e-7705-4b2b-983e-9f890dd194e5","local_time":"20190901132052","is_ascension_mode":true,"campfire_choices":[{"data":"Whirlwind","floor":6,"key":"SMITH"},{"data":"Limit Break","floor":8,"key":"SMITH"},{"data":"Flex","floor":15,"key":"SMITH"}],"neow_cost":"NONE","seed_source_timestamp":225547330172800,"circlet_count":0,"master_deck":["Strike_R","Strike_R","Strike_R","Strike_R","Strike_R","Defend_R","Defend_R","Bash","Feed","Heavy Blade","Whirlwind+1","Limit Break+1","Flex+1","Headbutt"],"relics":["Burning Blood","Smiling Mask","Regal Pillow","Potion Belt","Bag of Marbles"],"potions_floor_usage":[10,16,16],"damage_taken":[{"damage":0,"enemies":"2 Louse","floor":1,"turns":2},{"damage":4,"enemies":"Jaw Worm","floor":4,"turns":4},{"damage":18,"enemies":"3 Sentries","floor":7,"turns":4},{"damage":14,"enemies":"Gremlin Nob","floor":10,"turns":3},{"damage":6,"enemies":"Cultist","floor":13,"turns":3},{"damage":85,"enemies":"The Guardian","floor":16,"turns":7}],"seed_played":"-4024541210817439300","potions_obtained":[{"floor":4,"key":"Dexterity Potion"},{"floor":7,"key":"SteroidPotion"},{"floor":10,"key":"Regen Potion"},{"floor":11,"key":"FairyPotion"},{"floor":11,"key":"SmokeBomb"},{"floor":11,"key":"Weak Potion"},{"floor":13,"key":"Energy Potion"}],"is_trial":false,"path_per_floor":["M","?","$","M","$","R","E","R","T","E","?","$","M","?","R","B"],"character_chosen":"IRONCLAD","items_purchased":["Flex","Headbutt"],"campfire_rested":0,"item_purchase_floors":[12,12],"current_hp_per_floor":[83,83,83,86,86,86,74,74,74,66,66,66,69,57,57,0],"gold":20,"neow_bonus":"ONE_RANDOM_RARE_CARD","is_prod":false,"is_daily":false,"chose_seed":false,"campfire_upgraded":3,"win_rate":0,"timestamp":1567369252,"path_taken":["M","?","?","M","$","R","E","R","T","E","?","$","?","?","R","BOSS"],"build_version":"2019-07-17","purchased_purges":1,"victory":false,"max_hp_per_floor":[83,83,83,86,86,86,86,86,86,86,86,86,89,89,89,89],"card_choices":[{"not_picked":["Armaments","Metallicize"],"picked":"Heavy Blade","floor":1},{"not_picked":["Warcry","Armaments"],"picked":"Whirlwind","floor":4},{"not_picked":["Heavy Blade","Ghostly Armor"],"picked":"Limit Break","floor":7},{"not_picked":["Combust","Bloodletting","Perfected Strike"],"picked":"SKIP","floor":10},{"not_picked":["Havoc","Clothesline","Perfected Strike"],"picked":"SKIP","floor":13}],"player_experience":736477,"relics_obtained":[{"floor":7,"key":"Smiling Mask"},{"floor":9,"key":"Regal Pillow"},{"floor":10,"key":"Potion Belt"}],"event_choices":[{"cards_removed":["Defend_R"],"damage_healed":0,"gold_gain":0,"player_choice":"Card Removal","damage_taken":0,"max_hp_gain":0,"max_hp_loss":0,"event_name":"The Cleric","floor":2,"gold_loss":50},{"damage_healed":0,"gold_gain":0,"player_choice":"Got Potions","damage_taken":0,"max_hp_gain":0,"max_hp_loss":0,"event_name":"Lab","floor":11,"gold_loss":0},{"damage_healed":0,"gold_gain":0,"player_choice":"Success","damage_taken":12,"relics_obtained":["Bag of Marbles"],"max_hp_gain":0,"max_hp_loss":0,"event_name":"Scrap Ooze","floor":14,"gold_loss":0}],"is_beta":false,"boss_relics":[],"items_purged_floors":[5],"is_endless":false,"potions_floor_spawned":[4,7,10,13],"killed_by":"The Guardian","ascension_level":1}