{"gold_per_floor":[117,117,117,117,117,117,127,152,152,162,179,179,192,66,66,143,143,160,193,206,206,206,206,224,224,249,262,36,36,55,72,72,146,146,165,165,181,181,196,196,207,218,244,244,278,278,329,349,349,349,349,349,349,83,112,112],"floor_reached":57,"playtime":5142,"items_purged":["Pain"],"score":2668,"play_id":"01a87df9-ceef-4e6f-a08b-e98ffa88b1ed","local_time":"20190718185850","is_ascension_mode":true,"campfire_choices":[{"floor":6.0,"key":"RECALL"},{"data":"Zap","floor":12.0,"key":"SMITH"},{"data":"Conserve Battery","floor":15.0,"key":"SMITH"},{"data":"Defragment","floor":23.0,"key":"SMITH"},{"data":"Fission","floor":25.0,"key":"SMITH"},{"data":"Rainbow","floor":29.0,"key":"SMITH"},{"data":"Hologram","floor":32.0,"key":"SMITH"},{"floor":40.0,"key":"REST"},{"floor":46.0,"key":"REST"},{"floor":49.0,"key":"REST"},{"floor":53.0,"key":"REST"}],"neow_cost":"NONE","seed_source_timestamp":464184524779057,"circlet_count":0,"master_deck":["AscendersBane","Strike_B","Defend_B","Defend_B","Defend_B+1","Defend_B","Zap+1","Dualcast+1","Gash","Conserve Battery+1","Gash","Cold Snap","Glacier","White Noise","Self Repair","Rainbow+1","Stack+1","Defragment+1","Rebound","Fission+1","Go for the Eyes","Hologram+1","Consume+1","Defragment+1","Seek","Reprogram+1","Machine Learning","Cold Snap","Skim+1","Stack+1","Loop","Seek","Hologram","Apotheosis","Chaos+1"],"special_seed":0,"relics":["Cracked Core","NeowsBlessing","Bird Faced Urn","Centennial Puzzle","DataDisk","Inserter","Red Mask","Nilry\u0027s Codex","DollysMirror","Fusion Hammer","Mercury Hourglass","WarpedTongs","Art of War","Mummified Hand","Dead Branch","Letter Opener"],"potions_floor_usage":[56],"damage_taken":[{"damage":0.0,"enemies":"Cultist","floor":1.0,"turns":1.0},{"damage":0.0,"enemies":"Jaw Worm","floor":7.0,"turns":1.0},{"damage":0.0,"enemies":"3 Sentries","floor":8.0,"turns":1.0},{"damage":0.0,"enemies":"2 Louse","floor":10.0,"turns":2.0},{"damage":17.0,"enemies":"Exordium Thugs","floor":11.0,"turns":4.0},{"damage":1.0,"enemies":"Red Slaver","floor":13.0,"turns":3.0},{"damage":0.0,"enemies":"The Guardian","floor":16.0,"turns":10.0},{"damage":7.0,"enemies":"Spheric Guardian","floor":18.0,"turns":5.0},{"damage":46.0,"enemies":"Masked Bandits","floor":19.0,"turns":6.0},{"damage":4.0,"enemies":"Chosen","floor":20.0,"turns":6.0},{"damage":5.0,"enemies":"Centurion and Healer","floor":24.0,"turns":7.0},{"damage":0.0,"enemies":"Snecko","floor":27.0,"turns":5.0},{"damage":39.0,"enemies":"Cultist and Chosen","floor":30.0,"turns":8.0},{"damage":6.0,"enemies":"Snake Plant","floor":31.0,"turns":3.0},{"damage":5.0,"enemies":"Collector","floor":33.0,"turns":9.0},{"damage":22.0,"enemies":"3 Darklings","floor":35.0,"turns":10.0},{"damage":0.0,"enemies":"Orb Walker","floor":37.0,"turns":3.0},{"damage":27.0,"enemies":"3 Darklings","floor":39.0,"turns":6.0},{"damage":34.0,"enemies":"Writhing Mass","floor":41.0,"turns":6.0},{"damage":0.0,"enemies":"Maw","floor":42.0,"turns":9.0},{"damage":11.0,"enemies":"Nemesis","floor":45.0,"turns":11.0},{"damage":20.0,"enemies":"2 Orb Walkers","floor":47.0,"turns":5.0},{"damage":8.0,"enemies":"Spire Growth","floor":48.0,"turns":5.0},{"damage":17.0,"enemies":"Donu and Deca","floor":50.0,"turns":7.0},{"damage":44.0,"enemies":"Awakened One","floor":51.0,"turns":15.0},{"damage":43.0,"enemies":"Shield and Spear","floor":55.0,"turns":8.0},{"damage":49,"enemies":"The Heart","floor":56,"turns":12}],"seed_played":"2912040994443991566","potions_obtained":[{"floor":10.0,"key":"SteroidPotion"},{"floor":13.0,"key":"Strength Potion"},{"floor":16.0,"key":"Energy Potion"},{"floor":19.0,"key":"Regen Potion"},{"floor":20.0,"key":"Weak Potion"},{"floor":31.0,"key":"Block Potion"},{"floor":33.0,"key":"Dexterity Potion"},{"floor":35.0,"key":"FocusPotion"},{"floor":41.0,"key":"Energy Potion"}],"is_trial":false,"path_per_floor":["M","T","?","?","?","R","M","E","T","M","M","R","M","$","R","B",null,"M","?","M","?","?","R","M","R","T","M","$","R","M","M","R","B",null,"M","T","M","?","M","R","M","M","T","?","E","R","?","M","R","B","B",null,"R","$","E","B",null],"character_chosen":"DEFECT","items_purchased":["White Noise","Self Repair","DollysMirror","Apotheosis"],"campfire_rested":4,"item_purchase_floors":[14,14,28,54],"current_hp_per_floor":[64,64,43,36,36,36,36,36,36,36,19,19,18,18,18,29,61,67,32,56,35,35,35,49,49,49,64,64,64,44,46,46,58,68,71,71,71,71,61,71,52,71,71,71,71,71,70,71,71,71,53,67,71,71,60,71],"gold":112,"neow_bonus":"THREE_ENEMY_KILL","is_prod":false,"is_daily":false,"chose_seed":false,"campfire_upgraded":6,"win_rate":0,"timestamp":1563501530,"path_taken":["M","?","?","?","?","R","?","E","T","M","M","R","M","?","R","BOSS","M","?","M","?","?","R","M","R","T","M","?","R","?","M","R","BOSS","M","?","M","?","M","R","?","M","T","?","E","R","?","M","R","BOSS","BOSS","R","$","E","BOSS"],"build_version":"2019-07-10","purchased_purges":1,"victory":true,"max_hp_per_floor":[71,71,71,71,71,71,71,71,71,71,71,71,71,71,71,71,71,71,71,71,71,71,71,71,71,71,71,71,71,71,71,71,71,71,71,71,71,71,71,71,71,71,71,71,71,71,71,71,71,71,71,71,71,71,71,71],"card_choices":[{"not_picked":["Coolheaded","Double Energy"],"picked":"Gash","floor":1.0},{"not_picked":["Auto Shields","Steam"],"picked":"Gash","floor":7.0},{"not_picked":["Hyperbeam","Recycle"],"picked":"Conserve Battery","floor":8.0},{"not_picked":["Turbo","White Noise"],"picked":"Gash","floor":10.0},{"not_picked":["Redo","Tempest"],"picked":"Cold Snap","floor":11.0},{"not_picked":["Beam Cell","Barrage"],"picked":"Glacier","floor":13.0},{"not_picked":["Meteor Strike","Thunder Strike"],"picked":"Rainbow","floor":16.0},{"not_picked":["Capacitor","Undo"],"picked":"Stack+1","floor":18.0},{"not_picked":["Turbo","Rebound"],"picked":"Defragment","floor":19.0},{"not_picked":["Beam Cell","Steam"],"picked":"Rebound","floor":20.0},{"not_picked":["Redo","Rebound"],"picked":"Hologram","floor":24.0},{"not_picked":["Conserve Battery","Ball Lightning"],"picked":"Consume+1","floor":27.0},{"not_picked":["Leap","Compile Driver"],"picked":"Seek","floor":30.0},{"not_picked":["Conserve Battery","Auto Shields+1"],"picked":"Reprogram+1","floor":31.0},{"not_picked":["Fission","Rainbow"],"picked":"Machine Learning","floor":33.0},{"not_picked":["FTL","Leap+1"],"picked":"Cold Snap","floor":35.0},{"not_picked":["Beam Cell+1","Steam"],"picked":"Skim+1","floor":37.0},{"not_picked":["Go for the Eyes","Scrape+1","Hello World+1"],"picked":"SKIP","floor":39.0},{"not_picked":["FTL","Barrage","Compile Driver"],"picked":"SKIP","floor":41.0},{"not_picked":["Gash","Beam Cell"],"picked":"Stack+1","floor":42.0},{"not_picked":["Static Discharge","BootSequence"],"picked":"Loop","floor":45.0},{"not_picked":["Redo","Skim"],"picked":"Seek","floor":47.0},{"not_picked":["Cold Snap","Beam Cell"],"picked":"Hologram","floor":48.0},{"not_picked":["Seek","BootSequence+1"],"picked":"Chaos+1","floor":55.0}],"player_experience":2813600,"relics_obtained":[{"floor":2.0,"key":"Bird Faced Urn"},{"floor":8.0,"key":"Centennial Puzzle"},{"floor":9.0,"key":"DataDisk"},{"floor":19.0,"key":"Red Mask"},{"floor":21.0,"key":"Nilry\u0027s Codex"},{"floor":36.0,"key":"Mercury Hourglass"},{"floor":43.0,"key":"Art of War"},{"floor":45.0,"key":"Mummified Hand"},{"floor":47.0,"key":"Dead Branch"},{"floor":55.0,"key":"Letter Opener"}],"event_choices":[{"damage_healed":0.0,"max_hp_gain":0.0,"max_hp_loss":0.0,"gold_gain":0.0,"event_name":"Shining Light","player_choice":"Entered Light","floor":3.0,"gold_loss":0.0,"damage_taken":21.0,"cards_upgraded":["Dualcast","Defend_B"]},{"cards_removed":["Strike_B"],"damage_healed":0.0,"max_hp_gain":0.0,"max_hp_loss":0.0,"gold_gain":0.0,"event_name":"Golden Wing","player_choice":"Card Removal","floor":4.0,"gold_loss":0.0,"damage_taken":7.0},{"damage_healed":0.0,"max_hp_gain":0.0,"max_hp_loss":0.0,"gold_gain":0.0,"event_name":"Match and Keep!","player_choice":"0 cards matched","floor":5.0,"gold_loss":0.0,"damage_taken":0.0,"cards_obtained":[]},{"damage_healed":0.0,"max_hp_gain":0.0,"max_hp_loss":0.0,"gold_gain":0.0,"event_name":"Masked Bandits","player_choice":"Fought Bandits","floor":19.0,"gold_loss":0.0,"damage_taken":0.0},{"damage_healed":0.0,"max_hp_gain":0.0,"max_hp_loss":0.0,"gold_gain":0.0,"event_name":"Cursed Tome","player_choice":"Obtained Book","floor":21.0,"gold_loss":0.0,"damage_taken":21.0},{"damage_healed":0.0,"max_hp_gain":0.0,"max_hp_loss":0.0,"gold_gain":0.0,"cards_transformed":["Strike_B","Strike_B"],"event_name":"Drug Dealer","player_choice":"Became Test Subject","floor":22.0,"gold_loss":0.0,"damage_taken":0.0,"cards_obtained":["Fission","Go for the Eyes"]},{"damage_healed":0.0,"max_hp_gain":0.0,"max_hp_loss":0.0,"gold_gain":0.0,"event_name":"Accursed Blacksmith","player_choice":"Rummage","floor":38.0,"gold_loss":0.0,"damage_taken":0.0,"relics_obtained":["WarpedTongs"],"cards_obtained":["Pain"]},{"cards_removed":["Gash"],"damage_healed":0.0,"max_hp_gain":0.0,"max_hp_loss":0.0,"gold_gain":0.0,"event_name":"Falling","player_choice":"Removed Attack","floor":44.0,"gold_loss":0.0,"damage_taken":0.0},{"damage_healed":0.0,"max_hp_gain":0.0,"max_hp_loss":0.0,"gold_gain":0.0,"event_name":"Mysterious Sphere","player_choice":"Fight","floor":47.0,"gold_loss":0.0,"damage_taken":0.0}],"is_beta":true,"boss_relics":[{"not_picked":["Cursed Key","White Beast Statue"],"picked":"Inserter"},{"not_picked":["FrozenCore","Snecko Eye"],"picked":"Fusion Hammer"}],"items_purged_floors":[54],"is_endless":false,"potions_floor_spawned":[10,13,16,19,20,31,33,35,41,42,47],"ascension_level":20}