{"gold_per_floor":[117,117,117,192,217,217,253,269,269,269,282,123,123,123,123,219,219,179,179,197,79,129,129,0,0,0,0,0,0,0,50,50,125,125,135,135,135,135,43,43,53,73,73,73,73,73],"floor_reached":46,"playtime":4505,"items_purged":["Strike_B"],"score":866,"play_id":"542a6fee-b836-4976-9182-131cbea6f63d","local_time":"20180918020703","is_ascension_mode":true,"campfire_choices":[{"data":"Cold Snap","floor":6.0,"key":"SMITH"},{"data":"Loop","floor":13.0,"key":"SMITH"},{"data":"Streamline","floor":15.0,"key":"SMITH"},{"data":"Discovery","floor":23.0,"key":"SMITH"},{"data":"Ghostly","floor":25,"key":"SMITH"},{"data":"Zap","floor":27,"key":"SMITH"},{"data":"White Noise","floor":29,"key":"SMITH"},{"data":"Dualcast","floor":32,"key":"SMITH"},{"data":"Beam Cell","floor":40,"key":"SMITH"},{"data":"Madness","floor":45,"key":"SMITH"}],"neow_cost":"NONE","seed_source_timestamp":383345176218416,"circlet_count":0,"master_deck":["Strike_B","Defend_B","Defend_B","Defend_B","Defend_B","Zap+1","Dualcast+1","AscendersBane","Coolheaded","Cold Snap+1","Undo","Streamline+1","Loop+1","White Noise+1","Echo Form","Steam+1","Ghostly+1","Ghostly","Ghostly","Ghostly","Ghostly","Beam Cell+1","Discovery+1","Reboot","Madness+1","Madness","Storm","Turbo","Steam+1","Turbo","Decay"],"special_seed":0,"relics":["Cracked Core","Juzu Bracelet","Bloody Idol","Question Card","Happy Flower","Runic Pyramid","Letter Opener","Cursed Key","The Courier"],"potions_floor_usage":[33],"damage_taken":[{"damage":7.0,"enemies":"Jaw Worm","floor":1.0,"turns":4.0},{"damage":1.0,"enemies":"2 Louse","floor":5.0,"turns":3.0},{"damage":16.0,"enemies":"3 Sentries","floor":7.0,"turns":14.0},{"damage":0.0,"enemies":"Small Slimes","floor":8.0,"turns":5.0},{"damage":2.0,"enemies":"Looter","floor":11.0,"turns":4.0},{"damage":7.0,"enemies":"Hexaghost","floor":16.0,"turns":9.0},{"damage":32.0,"enemies":"2 Thieves","floor":18.0,"turns":5.0},{"damage":0.0,"enemies":"Shell Parasite","floor":20.0,"turns":8.0},{"damage":28,"enemies":"Collector","floor":33,"turns":15},{"damage":11,"enemies":"3 Darklings","floor":35,"turns":3},{"damage":10,"enemies":"Orb Walker","floor":41,"turns":4},{"damage":2,"enemies":"Spire Growth","floor":42,"turns":7},{"damage":26,"enemies":"Transient","floor":46,"turns":1}],"seed_played":"8650676444562194715","potions_obtained":[{"floor":5.0,"key":"SkillPotion"},{"floor":7.0,"key":"SpeedPotion"},{"floor":14.0,"key":"Fruit Juice"},{"floor":14.0,"key":"EssenceOfSteel"},{"floor":33,"key":"EssenceOfSteel"}],"is_trial":false,"path_per_floor":["M","?","?","?","M","R","E","M","T","?","M","$","R","?","R","B",null,"M","?","M","$","?","R","?","R","T","R","?","R","?","?","R","B",null,"M","?","?","?","$","R","M","M","T","$","R"],"character_chosen":"DEFECT","items_purchased":["White Noise","Discovery","Storm","Turbo"],"campfire_rested":0,"item_purchase_floors":[12,21,39,39],"current_hp_per_floor":[57,57,50,39,38,38,22,22,22,22,20,20,20,25,25,18,56,24,24,31,31,31,31,31,31,31,31,31,31,31,34,34,11,28,22,22,16,16,16,16,11,14,14,14,14,0],"gold":73,"neow_bonus":"RANDOM_COMMON_RELIC","is_prod":false,"is_daily":false,"chose_seed":false,"campfire_upgraded":10,"win_rate":0,"timestamp":1537261623,"path_taken":["M","?","?","?","M","R","E","M","T","?","M","$","R","?","R","BOSS","M","?","M","$","?","R","?","R","T","R","?","R","?","?","R","BOSS","M","?","?","?","$","R","M","M","T","?","R","M"],"build_version":"2018-09-17","purchased_purges":1,"victory":false,"max_hp_per_floor":[71,64,64,64,64,64,64,64,64,64,64,64,64,69,69,69,69,69,34,34,34,34,34,34,34,34,34,34,34,34,34,34,34,34,34,34,34,34,34,34,34,34,34,34,34,34],"card_choices":[{"not_picked":["Rebound","Tempest"],"picked":"Coolheaded","floor":1.0},{"not_picked":["Stack","Rebound"],"picked":"Cold Snap","floor":5.0},{"not_picked":["Double Energy","Rainbow"],"picked":"Undo","floor":7.0},{"not_picked":["Undo","Coolheaded","Leap"],"picked":"Streamline","floor":8.0},{"not_picked":["Stack","Turbo","Undo"],"picked":"Loop","floor":11.0},{"not_picked":["Meteor Strike","Creative AI","Core Surge"],"picked":"Echo Form","floor":16.0},{"not_picked":["Ball Lightning","Barrage","Sweeping Beam"],"picked":"Steam+1","floor":18.0},{"not_picked":["Hyperbeam","Compile Driver","Sweeping Beam"],"picked":"Beam Cell","floor":20.0},{"not_picked":["Thunder Strike","Rainbow","Hyperbeam"],"picked":"Reboot","floor":33},{"not_picked":["Coolheaded","Static Discharge+1","Scrape","Chaos"],"picked":"SKIP","floor":35},{"not_picked":["Conserve Battery+1","Self Repair","Go for the Eyes"],"picked":"Steam+1","floor":41},{"not_picked":["White Noise","FTL","Streamline"],"picked":"Turbo","floor":42}],"player_experience":2356342,"relics_obtained":[{"floor":7.0,"key":"Question Card"},{"floor":9.0,"key":"Happy Flower"},{"floor":26,"key":"Letter Opener"},{"floor":43,"key":"The Courier"}],"event_choices":[{"event_name":"Golden Idol","player_choice":"Lose Max HP","floor":2.0,"damage_taken":0.0},{"event_name":"Golden Wing","player_choice":"Card Removal","floor":3.0,"damage_taken":0.0},{"event_name":"World of Goop","player_choice":"Gather Gold","floor":4.0,"damage_taken":0.0},{"event_name":"Dead Adventurer","player_choice":"Searched \u00271\u0027 times","floor":10.0,"damage_taken":0.0},{"event_name":"The Lab","player_choice":"Got Potions","floor":14.0,"damage_taken":0.0},{"event_name":"Ghosts","player_choice":"Became a Ghost","floor":19.0,"damage_taken":0.0},{"event_name":"Nest","player_choice":"Stole From Cult","floor":22.0,"damage_taken":0.0},{"event_name":"Masked Bandits","player_choice":"Paid Fearfully","floor":24,"damage_taken":0},{"event_name":"Purifier","player_choice":"One Purge","floor":28,"damage_taken":0},{"event_name":"Forgotten Altar","player_choice":"Gave Idol","floor":30,"damage_taken":0},{"event_name":"Golden Shrine","player_choice":"Pray","floor":31,"damage_taken":0},{"event_name":"Tomb of Lord Red Mask","player_choice":"Ignored","floor":36,"damage_taken":0},{"event_name":"Winding Halls","player_choice":"Embrace Madness","floor":37,"damage_taken":0},{"event_name":"The Moai Head","player_choice":"Ignored","floor":38,"damage_taken":0}],"is_beta":true,"boss_relics":[{"not_picked":["Pandora\u0027s Box","Empty Cage"],"picked":"Runic Pyramid"},{"not_picked":["Coffee Dripper","FrozenCore"],"picked":"Cursed Key"}],"items_purged_floors":[12],"is_endless":false,"potions_floor_spawned":[5,7,16,33,41,42],"killed_by":"Transient","ascension_level":20}