{"gold_per_floor":[117,136,211,230,243,243,253,266,266,286,286,7,40,55,55,55],"floor_reached":16,"playtime":721,"items_purged":[],"score":192,"play_id":"4ca57f1d-3f49-4b47-b9ec-b4bc02ef1810","local_time":"20181009021016","is_ascension_mode":true,"campfire_choices":[{"data":"Hologram","floor":6.0,"key":"SMITH"},{"data":"1","floor":11.0,"key":"LIFT"},{"floor":15.0,"key":"REST"}],"neow_cost":"NONE","seed_source_timestamp":2202339854196203,"circlet_count":0,"master_deck":["Strike_B","Strike_B","Strike_B","Defend_B","Defend_B","Defend_B","Defend_B","Zap","Dualcast","AscendersBane","Glacier","Gash","Hologram+1","Beam Cell","Core Surge","Genetic Algorithm","Gash","Streamline","All For One"],"special_seed":0,"relics":["Cracked Core","Girya","Shuriken","Potion Belt"],"potions_floor_usage":[16],"damage_taken":[{"damage":0.0,"enemies":"2 Louse","floor":1.0,"turns":2.0},{"damage":0.0,"enemies":"Small Slimes","floor":2.0,"turns":4.0},{"damage":0.0,"enemies":"Cultist","floor":4.0,"turns":4.0},{"damage":16.0,"enemies":"Lots of Slimes","floor":5.0,"turns":6.0},{"damage":8.0,"enemies":"Blue Slaver","floor":7.0,"turns":4.0},{"damage":8.0,"enemies":"3 Louse","floor":8.0,"turns":3.0},{"damage":8.0,"enemies":"Gremlin Gang","floor":10.0,"turns":6.0},{"damage":0.0,"enemies":"Gremlin Nob","floor":13.0,"turns":2.0},{"damage":10.0,"enemies":"Blue Slaver","floor":14.0,"turns":3.0},{"damage":25,"enemies":"Slime Boss","floor":16,"turns":4}],"seed_played":"-7974771541225198863","potions_obtained":[{"floor":1.0,"key":"Poison Potion"},{"floor":4.0,"key":"Energy Potion"},{"floor":10.0,"key":"Swift Potion"}],"is_trial":false,"path_per_floor":["M","M","?","M","M","R","M","M","T","M","R","$","?","M","R"],"character_chosen":"DEFECT","items_purchased":["Shuriken"],"campfire_rested":1,"item_purchase_floors":[12],"current_hp_per_floor":[64,64,53,53,37,37,29,21,21,13,13,13,13,3,24,0],"gold":55,"neow_bonus":"REMOVE_CARD","is_prod":false,"is_daily":false,"chose_seed":false,"campfire_upgraded":1,"win_rate":0,"timestamp":1539076216,"path_taken":["M","M","?","?","M","R","M","M","T","M","R","$","?","M","R","BOSS"],"build_version":"2018-10-08","purchased_purges":0,"victory":false,"max_hp_per_floor":[71,71,71,71,71,71,71,71,71,71,71,71,71,71,71,71],"card_choices":[{"not_picked":["Conserve Battery","Cold Snap"],"picked":"Glacier","floor":1.0},{"not_picked":["Stack","Thunder Strike"],"picked":"Gash","floor":2.0},{"not_picked":["Double Energy","Rebound"],"picked":"Hologram","floor":4.0},{"not_picked":["Compile Driver","Go for the Eyes"],"picked":"Beam Cell","floor":5.0},{"not_picked":["Steam","Redo"],"picked":"Core Surge","floor":7.0},{"not_picked":["Stack","FTL"],"picked":"Genetic Algorithm","floor":8.0},{"not_picked":["Ball Lightning","Heatsinks"],"picked":"Gash","floor":10.0},{"not_picked":["Skim","Fusion"],"picked":"Streamline","floor":13.0},{"not_picked":["Heatsinks","Hologram"],"picked":"All For One","floor":14.0}],"player_experience":2493816,"relics_obtained":[{"floor":9.0,"key":"Girya"},{"floor":13.0,"key":"Potion Belt"}],"event_choices":[{"event_name":"World of Goop","player_choice":"Gather Gold","floor":3.0,"damage_taken":0.0},{"event_name":"Dead Adventurer","player_choice":"Searched \u00272\u0027 times","floor":13.0,"damage_taken":0.0}],"is_beta":true,"boss_relics":[],"items_purged_floors":[],"is_endless":false,"potions_floor_spawned":[1,4,10],"killed_by":"Slime Boss","ascension_level":20}