{"gold_per_floor":[118,118,118,129,146,146,166,201,201,201,201,211,227,245,245,316,316,336,336,306,82,82,82,94,94,94,111,124,147,157,82,82,82],"floor_reached":33,"playtime":1492,"items_purged":[],"score":527,"play_id":"0ad6c9cb-b343-4720-9524-97006ed37f9b","local_time":"20181019023553","is_ascension_mode":true,"campfire_choices":[{"data":"Zap","floor":6.0,"key":"SMITH"},{"floor":10.0,"key":"REST"},{"data":"Rainbow","floor":15.0,"key":"SMITH"},{"data":"Glacier","floor":23,"key":"SMITH"},{"floor":25,"key":"REST"},{"floor":32,"key":"REST"}],"neow_cost":"NONE","seed_source_timestamp":726672438447135,"circlet_count":0,"master_deck":["Strike_B+1","Strike_B+1","Defend_B","Defend_B","Defend_B","Defend_B","Zap+1","Dualcast","AscendersBane","Ball Lightning","Rainbow+1","Ball Lightning","Gash","Leap","Auto Shields","Glacier+1","Undo","Gash","Machine Learning","Gash","Ghostly","Ghostly","Ghostly","Ghostly","Ghostly","Static Discharge","Hyperbeam"],"special_seed":0,"relics":["Cracked Core","Art of War","Gremlin Horn","Inserter","OrangePellets","Enchiridion","Ornamental Fan","Boot"],"potions_floor_usage":[18,33,33],"damage_taken":[{"damage":7.0,"enemies":"Jaw Worm","floor":1.0,"turns":4.0},{"damage":3.0,"enemies":"Small Slimes","floor":4.0,"turns":3.0},{"damage":0.0,"enemies":"Cultist","floor":5.0,"turns":3.0},{"damage":15.0,"enemies":"Gremlin Gang","floor":7.0,"turns":4.0},{"damage":8.0,"enemies":"3 Sentries","floor":8.0,"turns":9.0},{"damage":0.0,"enemies":"Blue Slaver","floor":12.0,"turns":3.0},{"damage":0.0,"enemies":"Exordium Wildlife","floor":13.0,"turns":3.0},{"damage":5.0,"enemies":"3 Louse","floor":14.0,"turns":4.0},{"damage":6.0,"enemies":"Slime Boss","floor":16.0,"turns":7.0},{"damage":1,"enemies":"Spheric Guardian","floor":18,"turns":5},{"damage":0,"enemies":"2 Thieves","floor":20,"turns":4},{"damage":11,"enemies":"Chosen and Byrds","floor":24,"turns":8},{"damage":6,"enemies":"Shelled Parasite and Fungi","floor":27,"turns":9},{"damage":0,"enemies":"Snake Plant","floor":28,"turns":6},{"damage":0,"enemies":"Snecko","floor":30,"turns":6},{"damage":35,"enemies":"Collector","floor":33,"turns":11}],"seed_played":"8637252266444479193","potions_obtained":[{"floor":4.0,"key":"SkillPotion"},{"floor":5.0,"key":"Block Potion"},{"floor":14.0,"key":"Block Potion"},{"floor":16.0,"key":"Block Potion"},{"floor":24,"key":"Dexterity Potion"}],"is_trial":false,"path_per_floor":["M","?","?","M","M","R","M","E","T","R","?","M","M","M","R","B",null,"M","?","M","$","?","R","M","R","T","M","M","T","M","?","R"],"character_chosen":"DEFECT","items_purchased":["OrangePellets"],"campfire_rested":3,"item_purchase_floors":[21],"current_hp_per_floor":[64,41,41,38,38,38,23,15,15,38,43,43,43,38,38,32,70,69,41,41,41,20,20,9,21,21,15,15,15,15,15,27,0],"gold":82,"neow_bonus":"TEN_PERCENT_HP_BONUS","is_prod":false,"is_daily":false,"chose_seed":false,"campfire_upgraded":3,"win_rate":0,"timestamp":1539941753,"path_taken":["M","?","?","M","?","R","M","E","T","R","?","M","?","M","R","BOSS","M","?","M","$","?","R","M","R","T","M","?","?","?","?","R","BOSS"],"build_version":"2018-10-18","purchased_purges":0,"victory":false,"max_hp_per_floor":[78,78,78,78,78,78,78,78,78,78,83,83,83,83,83,83,83,83,41,41,41,41,41,41,41,41,41,41,41,41,41,41,41],"card_choices":[{"not_picked":["Hologram","Skim"],"picked":"Ball Lightning","floor":1.0},{"not_picked":["Compile Driver","Beam Cell","Ball Lightning"],"picked":"SKIP","floor":4.0},{"not_picked":["Compile Driver","Beam Cell"],"picked":"Ball Lightning","floor":4.0},{"not_picked":["Doom and Gloom","Sweeping Beam"],"picked":"Gash","floor":5.0},{"not_picked":["Turbo","Reprogram"],"picked":"Leap","floor":7.0},{"not_picked":["Redo","Lockon"],"picked":"Auto Shields","floor":8.0},{"not_picked":["Steam","Leap"],"picked":"Glacier","floor":12.0},{"not_picked":["Auto Shields","Barrage"],"picked":"Undo","floor":13.0},{"not_picked":["White Noise","Beam Cell"],"picked":"Gash","floor":14.0},{"not_picked":["Amplify","Rainbow"],"picked":"Machine Learning","floor":16.0},{"not_picked":["Turbo","Stack"],"picked":"Gash","floor":18},{"not_picked":["Sweeping Beam","Conserve Battery","Rebound+1"],"picked":"SKIP","floor":20},{"not_picked":["Ball Lightning","Static Discharge","Steam Power"],"picked":"SKIP","floor":24},{"not_picked":["Hologram","Heatsinks"],"picked":"Static Discharge","floor":27},{"not_picked":["Rebound","Go for the Eyes"],"picked":"Hyperbeam","floor":28},{"not_picked":["Barrage","Redo","Beam Cell"],"picked":"SKIP","floor":30}],"player_experience":2578747,"relics_obtained":[{"floor":8.0,"key":"Art of War"},{"floor":9.0,"key":"Gremlin Horn"},{"floor":22,"key":"Enchiridion"},{"floor":26,"key":"Ornamental Fan"},{"floor":29,"key":"Boot"}],"event_choices":[{"damage_healed":0.0,"max_hp_gain":0.0,"max_hp_loss":0.0,"gold_gain":0.0,"event_name":"Shining Light","player_choice":"Entered Light","floor":2.0,"gold_loss":0.0,"damage_taken":23.0,"cards_upgraded":["Strike_B","Strike_B"]},{"damage_healed":0.0,"max_hp_gain":0.0,"max_hp_loss":0.0,"gold_gain":0.0,"cards_transformed":["Strike_B"],"event_name":"Living Wall","player_choice":"Change","floor":3.0,"gold_loss":0.0,"damage_taken":0.0,"cards_obtained":["Rainbow"]},{"damage_healed":0.0,"max_hp_gain":5.0,"max_hp_loss":0.0,"gold_gain":0.0,"event_name":"Big Fish","player_choice":"Donut","floor":11.0,"gold_loss":0.0,"damage_taken":0.0},{"damage_healed":0,"gold_gain":0,"player_choice":"Became a Ghost","damage_taken":0,"max_hp_gain":0,"max_hp_loss":42,"event_name":"Ghosts","floor":19,"gold_loss":0,"cards_obtained":["Ghostly","Ghostly","Ghostly","Ghostly","Ghostly"]},{"damage_healed":0,"gold_gain":0,"player_choice":"Obtained Book","damage_taken":21,"max_hp_gain":0,"max_hp_loss":0,"event_name":"Cursed Tome","floor":22,"gold_loss":0},{"cards_removed":["Strike_B"],"damage_healed":0,"gold_gain":0,"player_choice":"Gave Gold","damage_taken":0,"max_hp_gain":0,"max_hp_loss":0,"event_name":"Beggar","floor":31,"gold_loss":75}],"is_beta":true,"boss_relics":[{"not_picked":["Orrery","Fusion Hammer"],"picked":"Inserter"}],"items_purged_floors":[],"is_endless":false,"potions_floor_spawned":[4,5,14,16,24,27,28],"killed_by":"Collector","ascension_level":20}