{"gold_per_floor":[117,129,143,162,87,98,110,110,110,70,88,88,100,126,126,197,197,212,212,182,199,217,217,142,153,153,153],"floor_reached":27,"playtime":914,"items_purged":[],"score":443,"play_id":"3c6bdcae-e5b2-4b3c-8789-8beef745f428","local_time":"20190816044436","is_ascension_mode":true,"campfire_choices":[{"data":"Beam Cell","floor":8.0,"key":"SMITH"},{"data":"Hologram","floor":12.0,"key":"SMITH"},{"data":"Zap","floor":15.0,"key":"SMITH"},{"floor":23.0,"key":"REST"}],"neow_cost":"NONE","seed_source_timestamp":49623142066729,"circlet_count":0,"master_deck":["AscendersBane","Strike_B","Strike_B","Strike_B","Defend_B","Defend_B","Defend_B","Defend_B","Zap+1","Dualcast","Ball Lightning","BootSequence","Coolheaded","Beam Cell+1","Hologram+1","Gash","White Noise","Gash","Core Surge","Creative AI","Hologram","All For One+1","Turbo+1","Gash+1"],"special_seed":0,"relics":["Cracked Core","Mango","PreservedInsect","Philosopher\u0027s Stone","Molten Egg 2"],"potions_floor_usage":[25],"damage_taken":[{"damage":1.0,"enemies":"Cultist","floor":1.0,"turns":3.0},{"damage":7.0,"enemies":"Jaw Worm","floor":2.0,"turns":2.0},{"damage":7.0,"enemies":"Small Slimes","floor":3.0,"turns":3.0},{"damage":6.0,"enemies":"Gremlin Gang","floor":4.0,"turns":3.0},{"damage":14.0,"enemies":"2 Fungi Beasts","floor":6.0,"turns":3.0},{"damage":0.0,"enemies":"Red Slaver","floor":7.0,"turns":3.0},{"damage":14.0,"enemies":"Exordium Wildlife","floor":11.0,"turns":4.0},{"damage":0.0,"enemies":"Large Slime","floor":13.0,"turns":5.0},{"damage":3.0,"enemies":"The Guardian","floor":16.0,"turns":9.0},{"damage":0.0,"enemies":"Chosen","floor":18.0,"turns":3.0},{"damage":53.0,"enemies":"3 Byrds","floor":21.0,"turns":6.0},{"damage":16.0,"enemies":"Snecko","floor":22.0,"turns":4.0},{"damage":24,"enemies":"Shelled Parasite and Fungi","floor":25,"turns":4},{"damage":12,"enemies":"Centurion and Healer","floor":27,"turns":2}],"seed_played":"-865200682447383631","potions_obtained":[{"floor":2.0,"key":"AttackPotion"},{"floor":4.0,"key":"PowerPotion"},{"floor":11.0,"key":"Explosive Potion"},{"floor":13.0,"key":"Swift Potion"},{"floor":20.0,"key":"Energy Potion"},{"floor":20.0,"key":"PowerPotion"}],"is_trial":false,"path_per_floor":["M","M","M","M","?","M","M","R","T","$","M","R","M","T","R","B",null,"M","?","?","M","M","R","?","M","T","M"],"character_chosen":"DEFECT","items_purchased":["White Noise"],"campfire_rested":1,"item_purchase_floors":[10],"current_hp_per_floor":[70,63,56,50,50,36,36,36,50,50,36,36,36,36,36,33,77,77,77,77,24,8,35,35,11,11,0],"gold":153,"neow_bonus":"TEN_PERCENT_HP_BONUS","is_prod":false,"is_daily":false,"chose_seed":false,"campfire_upgraded":3,"win_rate":0,"timestamp":1565955876,"path_taken":["M","M","M","?","?","M","M","R","T","?","M","R","M","?","R","BOSS","M","?","?","?","M","R","?","M","T","M"],"build_version":"2019-08-15","purchased_purges":0,"victory":false,"max_hp_per_floor":[78,78,78,78,78,78,78,78,92,92,92,92,92,92,92,92,92,92,92,92,92,92,92,92,92,92,92],"card_choices":[{"not_picked":["Go for the Eyes","Compile Driver"],"picked":"Ball Lightning","floor":1.0},{"not_picked":["Compile Driver","Redo"],"picked":"BootSequence","floor":2.0},{"not_picked":["Leap","Stack"],"picked":"Coolheaded","floor":3.0},{"not_picked":["Storm","Streamline"],"picked":"Beam Cell","floor":4.0},{"not_picked":["Barrage","Hyperbeam"],"picked":"Hologram","floor":6.0},{"not_picked":["Tempest","Barrage"],"picked":"Gash","floor":7.0},{"not_picked":["Hologram","Redo"],"picked":"Gash","floor":11.0},{"not_picked":["Barrage","Redo"],"picked":"Core Surge","floor":13.0},{"not_picked":["Core Surge","Multi-Cast"],"picked":"Creative AI","floor":16.0},{"not_picked":["Go for the Eyes","Beam Cell"],"picked":"Hologram","floor":18.0},{"not_picked":["FTL+1","Redo+1"],"picked":"All For One+1","floor":21.0},{"not_picked":["Redo","Gash+1"],"picked":"Turbo+1","floor":22.0},{"not_picked":["Chaos","Barrage+1"],"picked":"Gash+1","floor":25}],"player_experience":2950235,"relics_obtained":[{"floor":9.0,"key":"Mango"},{"floor":14.0,"key":"PreservedInsect"}],"event_choices":[{"cards_removed":["Strike_B"],"damage_healed":0.0,"max_hp_gain":0.0,"max_hp_loss":0.0,"gold_gain":0.0,"event_name":"The Cleric","player_choice":"Card Removal","floor":5.0,"gold_loss":75.0,"damage_taken":0.0},{"damage_healed":0.0,"max_hp_gain":0.0,"max_hp_loss":0.0,"gold_gain":0.0,"event_name":"The Mausoleum","player_choice":"Opened","floor":19.0,"gold_loss":0.0,"damage_taken":0.0,"relics_obtained":["Molten Egg 2"],"cards_obtained":["Writhe"]},{"damage_healed":0.0,"max_hp_gain":0.0,"max_hp_loss":0.0,"gold_gain":0.0,"event_name":"The Woman in Blue","player_choice":"Bought 2 Potions","floor":20.0,"gold_loss":0.0,"damage_taken":0.0},{"cards_removed":["Writhe"],"damage_healed":0.0,"max_hp_gain":0.0,"max_hp_loss":0.0,"gold_gain":0.0,"event_name":"Beggar","player_choice":"Gave Gold","floor":24.0,"gold_loss":75.0,"damage_taken":0.0}],"is_beta":true,"boss_relics":[{"not_picked":["FrozenCore","Sozu"],"picked":"Philosopher\u0027s Stone"}],"items_purged_floors":[],"is_endless":false,"potions_floor_spawned":[2,4,11,13,22],"killed_by":"Centurion and Healer","ascension_level":20}