{"gold_per_floor":[114,127,127,48,65,65,92,92,138,151,151,76,96,68,68,146,146,161,35,35,35,54,54,88,88,138,138],"floor_reached":27,"playtime":869,"items_purged":["Strike_B"],"score":458,"play_id":"548e1097-05df-4354-b221-e517356c475f","local_time":"20190718143639","is_ascension_mode":true,"campfire_choices":[{"data":"Defragment","floor":6,"key":"SMITH"},{"floor":8,"key":"RECALL"},{"data":"Beam Cell","floor":11,"key":"SMITH"},{"data":"Chaos","floor":15,"key":"SMITH"},{"floor":23,"key":"REST"},{"floor":25,"key":"REST"}],"neow_cost":"NONE","seed_source_timestamp":453112195783402,"circlet_count":0,"master_deck":["AscendersBane","Strike_B+1","Strike_B+1","Strike_B+1","Defend_B+1","Defend_B+1","Defend_B+1","Defend_B+1","Zap+1","Dualcast","Beam Cell+1","Machine Learning","Defragment+1","Hologram+1","Chill+1","Compile Driver","Chaos+1","Conserve Battery","Core Surge","Hologram","Capacitor","Consume","Defragment+1","Blizzard"],"relics":["Cracked Core","NeowsBlessing","War Paint","Blood Vial","Philosopher\u0027s Stone","Shuriken"],"potions_floor_usage":[10,16,16],"damage_taken":[{"damage":0,"enemies":"Cultist","floor":1,"turns":1},{"damage":0,"enemies":"Small Slimes","floor":2,"turns":1},{"damage":0,"enemies":"Jaw Worm","floor":5,"turns":1},{"damage":27,"enemies":"Lagavulin","floor":7,"turns":6},{"damage":0,"enemies":"Large Slime","floor":10,"turns":5},{"damage":0,"enemies":"Lots of Slimes","floor":13,"turns":5},{"damage":42,"enemies":"Slime Boss","floor":16,"turns":9},{"damage":34,"enemies":"Chosen","floor":18,"turns":5},{"damage":10,"enemies":"2 Thieves","floor":22,"turns":4},{"damage":26,"enemies":"Book of Stabbing","floor":24,"turns":5},{"damage":48,"enemies":"Slavers","floor":27,"turns":3}],"seed_played":"-2101243496085037255","potions_obtained":[{"floor":7,"key":"FearPotion"},{"floor":10,"key":"EssenceOfSteel"},{"floor":13,"key":"Regen Potion"},{"floor":24,"key":"SpeedPotion"}],"is_trial":false,"path_per_floor":["M","M","?","$","M","R","E","R","T","M","R","$","M","$","R","B",null,"M","$","?","?","M","R","E","R","T","E"],"character_chosen":"DEFECT","items_purchased":["Defragment","Conserve Battery","Capacitor","Consume"],"campfire_rested":2,"item_purchase_floors":[4,14,19,19],"current_hp_per_floor":[64,64,64,64,64,64,37,37,37,39,39,39,41,41,41,16,57,25,25,25,25,17,38,14,35,35,0],"gold":138,"neow_bonus":"THREE_ENEMY_KILL","is_prod":false,"is_daily":false,"chose_seed":false,"campfire_upgraded":3,"win_rate":0,"timestamp":1563485799,"path_taken":["M","?","?","$","?","R","E","R","T","M","R","$","M","?","R","BOSS","M","$","?","?","?","R","E","R","T","E"],"build_version":"2019-07-10","purchased_purges":1,"victory":false,"max_hp_per_floor":[71,71,71,71,71,71,71,71,71,71,71,71,71,71,71,71,71,71,71,71,71,71,71,71,71,71,71],"card_choices":[{"not_picked":["Barrage","Turbo"],"picked":"Beam Cell","floor":1},{"not_picked":["Static Discharge","Go for the Eyes"],"picked":"Machine Learning","floor":2},{"not_picked":["Redo","Scrape"],"picked":"Hologram","floor":5},{"not_picked":["Ball Lightning","Compile Driver"],"picked":"Chill","floor":7},{"not_picked":["Doom and Gloom","Sweeping Beam"],"picked":"Compile Driver","floor":10},{"not_picked":["Turbo","Redo"],"picked":"Chaos","floor":13},{"not_picked":["Amplify","Creative AI"],"picked":"Core Surge","floor":16},{"not_picked":["Go for the Eyes","Redo"],"picked":"Hologram","floor":18},{"not_picked":["Hello World","Redo","Aggregate"],"picked":"SKIP","floor":22},{"not_picked":["Sunder","Sweeping Beam"],"picked":"Blizzard","floor":24}],"player_experience":2810289,"relics_obtained":[{"floor":7,"key":"War Paint"},{"floor":9,"key":"Blood Vial"},{"floor":24,"key":"Shuriken"}],"event_choices":[{"damage_healed":0,"gold_gain":0,"player_choice":"Upgraded","damage_taken":0,"max_hp_gain":0,"max_hp_loss":0,"event_name":"Upgrade Shrine","floor":3,"gold_loss":0,"cards_upgraded":["Zap"]},{"damage_healed":0,"gold_gain":0,"player_choice":"Simplicity","damage_taken":0,"max_hp_gain":0,"max_hp_loss":0,"event_name":"Back to Basics","floor":20,"gold_loss":0,"cards_upgraded":["Strike_B","Strike_B","Strike_B","Defend_B","Defend_B","Defend_B","Defend_B"]},{"damage_healed":0,"gold_gain":0,"player_choice":"Copied","damage_taken":0,"max_hp_gain":0,"max_hp_loss":0,"event_name":"Duplicator","floor":21,"gold_loss":0,"cards_obtained":["Defragment"]}],"is_beta":true,"boss_relics":[{"not_picked":["Snecko Eye","Orrery"],"picked":"Philosopher\u0027s Stone"}],"items_purged_floors":[12],"is_endless":false,"potions_floor_spawned":[7,10,13,24],"killed_by":"Slavers","ascension_level":20}