{"gold_per_floor":[115,65,340,359,40,40,75,75,75,94,94,94,19,33,33,158,158,171,185,39,39,55,55],"floor_reached":23,"playtime":387,"items_purged":["Regret","Pain"],"score":265,"play_id":"9d073029-20f5-4d56-91c3-6b3978ebc976","local_time":"20190223170113","is_ascension_mode":true,"campfire_choices":[{"data":"Apotheosis","floor":6,"key":"SMITH"},{"data":"Defragment","floor":8,"key":"SMITH"},{"floor":15,"key":"REST"}],"neow_cost":"NONE","seed_source_timestamp":391934500430363,"circlet_count":0,"master_deck":["Strike_B+1","Strike_B+1","Strike_B","Defend_B","Defend_B","Defend_B","Defend_B+1","Zap","Dualcast","Defragment+1","Melter+1","Apotheosis+1","Sunder","Tempest","Storm","Electrodynamics","Cold Snap","Recycle+1","Loop","Fusion+1"],"relics":["Cracked Core","Omamori","Ancient Tea Set","Lantern","Golden Idol","Calling Bell","Boot","The Courier","Dead Branch","Nloth\u0027s Gift"],"potions_floor_usage":[7,19,23],"damage_taken":[{"damage":2,"enemies":"Jaw Worm","floor":1,"turns":3},{"damage":2,"enemies":"2 Louse","floor":4,"turns":3},{"damage":19,"enemies":"Lagavulin","floor":7,"turns":5},{"damage":1,"enemies":"Cultist","floor":10,"turns":3},{"damage":0,"enemies":"2 Fungi Beasts","floor":14,"turns":2},{"damage":20,"enemies":"Slime Boss","floor":16,"turns":7},{"damage":11,"enemies":"Chosen","floor":18,"turns":3},{"damage":22,"enemies":"2 Thieves","floor":19,"turns":3},{"damage":21,"enemies":"Snecko","floor":22,"turns":4},{"damage":9,"enemies":"Book of Stabbing","floor":23,"turns":1}],"seed_played":"9080469168490405065","potions_obtained":[{"floor":1,"key":"Regen Potion"},{"floor":4,"key":"Ancient Potion"},{"floor":16,"key":"Poison Potion"},{"floor":22,"key":"AttackPotion"}],"is_trial":false,"path_per_floor":["M","?","?","M","$","R","E","R","T","M","?","?","$","M","R","B",null,"M","M","$","?","M","E"],"character_chosen":"DEFECT","items_purchased":["Apotheosis","Omamori","Loop"],"campfire_rested":1,"item_purchase_floors":[5,5,20],"current_hp_per_floor":[66,66,66,64,64,64,54,54,54,53,38,38,38,38,58,38,61,50,28,28,28,7,0],"gold":55,"neow_bonus":"RANDOM_COMMON_RELIC","is_prod":false,"is_daily":false,"chose_seed":false,"campfire_upgraded":2,"win_rate":0,"timestamp":1550959273,"path_taken":["M","?","?","?","$","R","E","R","T","M","?","?","$","M","R","BOSS","M","M","$","?","?","E"],"build_version":"2019-01-23","purchased_purges":2,"victory":false,"max_hp_per_floor":[75,75,75,75,75,75,75,75,75,75,75,69,69,69,69,69,69,69,69,69,69,69,69],"card_choices":[{"not_picked":["Reinforced Body","Ball Lightning"],"picked":"Defragment","floor":1},{"not_picked":["Stack","Beam Cell"],"picked":"Melter","floor":4},{"not_picked":["Turbo","Hologram"],"picked":"Sunder","floor":7},{"not_picked":["Rip and Tear","Heatsinks"],"picked":"Tempest","floor":10},{"not_picked":["Stack","Rebound"],"picked":"Storm","floor":14},{"not_picked":["Multi-Cast","Core Surge"],"picked":"Electrodynamics","floor":16},{"not_picked":["Streamline","Stack"],"picked":"Cold Snap","floor":18},{"not_picked":["Reprogram","Stack"],"picked":"Recycle+1","floor":19},{"not_picked":["Cold Snap+1","Gash"],"picked":"Fusion+1","floor":22}],"player_experience":132223,"relics_obtained":[{"floor":7,"key":"Ancient Tea Set"},{"floor":9,"key":"Lantern"},{"floor":17,"key":"Boot"},{"floor":17,"key":"The Courier"},{"floor":17,"key":"Dead Branch"}],"event_choices":[{"cards_removed":["Strike_B"],"damage_healed":0,"gold_gain":0,"player_choice":"Card Removal","damage_taken":0,"max_hp_gain":0,"max_hp_loss":0,"event_name":"The Cleric","floor":2,"gold_loss":50},{"damage_healed":0,"gold_gain":275,"player_choice":"Desecrate","damage_taken":0,"max_hp_gain":0,"max_hp_loss":0,"event_name":"Golden Shrine","floor":3,"gold_loss":0,"cards_obtained":["Regret"]},{"damage_healed":0,"gold_gain":0,"player_choice":"Entered Light","damage_taken":15,"max_hp_gain":0,"max_hp_loss":0,"event_name":"Shining Light","floor":11,"gold_loss":0,"cards_upgraded":["Defend_B","Melter"]},{"damage_healed":0,"gold_gain":0,"player_choice":"Lose Max HP","damage_taken":0,"relics_obtained":["Golden Idol"],"max_hp_gain":0,"max_hp_loss":6,"event_name":"Golden Idol","floor":12,"gold_loss":0},{"damage_healed":0,"gold_gain":0,"player_choice":"Traded Relic","damage_taken":0,"relics_obtained":["Nloth\u0027s Gift"],"max_hp_gain":0,"max_hp_loss":0,"event_name":"N\u0027loth","floor":21,"relics_lost":["Whetstone"],"gold_loss":0}],"is_beta":false,"boss_relics":[{"not_picked":["Astrolabe","Cursed Key"],"picked":"Calling Bell"}],"items_purged_floors":[13,20],"is_endless":false,"potions_floor_spawned":[1,4,16,22],"killed_by":"Book of Stabbing","ascension_level":8}