{"gold_per_floor":[118,118,137,155,155,185,185,185],"floor_reached":8,"playtime":609,"items_purged":[],"score":56,"play_id":"3d9ad0a0-977d-4f72-9242-aaf7b788fbac","local_time":"20190809224343","is_ascension_mode":false,"campfire_choices":[],"neow_cost":"NONE","seed_source_timestamp":18386021063735,"circlet_count":0,"master_deck":["Strike_R","Strike_R","Strike_R","Strike_R","Defend_R","Defend_R","Defend_R","Defend_R","Bash","Barricade+1","Second Wind","Twin Strike","Metallicize+1"],"relics":["Burning Blood","Nunchaku"],"potions_floor_usage":[6],"damage_taken":[{"damage":12,"enemies":"Jaw Worm","floor":1,"turns":8},{"damage":7,"enemies":"Cultist","floor":3,"turns":5},{"damage":7,"enemies":"2 Louse","floor":4,"turns":4},{"damage":40,"enemies":"3 Sentries","floor":6,"turns":15},{"damage":67,"enemies":"Gremlin Nob","floor":8,"turns":6}],"seed_played":"4337540883908130785","potions_obtained":[{"floor":1,"key":"Regen Potion"}],"is_trial":false,"path_per_floor":["M","?","M","M","?","E","?","E"],"character_chosen":"IRONCLAD","items_purchased":[],"campfire_rested":0,"item_purchase_floors":[],"current_hp_per_floor":[74,74,73,72,65,46,46,0],"gold":185,"neow_bonus":"ONE_RANDOM_RARE_CARD","is_prod":false,"is_daily":false,"chose_seed":false,"campfire_upgraded":0,"win_rate":0.0,"timestamp":1565358223,"path_taken":["M","?","M","?","?","E","?","E"],"build_version":"2019-07-17","purchased_purges":0,"victory":false,"max_hp_per_floor":[80,80,80,80,80,80,80,80],"card_choices":[{"not_picked":["Corruption","True Grit"],"picked":"Second Wind","floor":1},{"not_picked":["Rupture","Sword Boomerang","Second Wind"],"picked":"SKIP","floor":3},{"not_picked":["True Grit","Perfected Strike"],"picked":"Twin Strike","floor":4},{"not_picked":["Bloodletting","Sword Boomerang"],"picked":"Metallicize","floor":6}],"player_experience":5156,"relics_obtained":[{"floor":6,"key":"Nunchaku"}],"event_choices":[{"damage_healed":0,"gold_gain":0,"player_choice":"Forge","damage_taken":0,"max_hp_gain":0,"max_hp_loss":0,"event_name":"Accursed Blacksmith","floor":2,"gold_loss":0,"cards_upgraded":["Barricade"]},{"cards_removed":["Strike_R"],"damage_healed":0,"gold_gain":0,"player_choice":"Card Removal","damage_taken":7,"max_hp_gain":0,"max_hp_loss":0,"event_name":"Golden Wing","floor":5,"gold_loss":0},{"damage_healed":0,"gold_gain":0,"player_choice":"Upgraded","damage_taken":0,"max_hp_gain":0,"max_hp_loss":0,"event_name":"Upgrade Shrine","floor":7,"gold_loss":0,"cards_upgraded":["Metallicize"]}],"is_beta":false,"boss_relics":[],"items_purged_floors":[],"is_endless":false,"potions_floor_spawned":[1],"killed_by":"Gremlin Nob","ascension_level":0}