{"gold_per_floor":[112,129,129,129,79,109,126,145,168,18,34,52,62,80,80,80],"floor_reached":16,"playtime":887,"items_purged":["Strike_R"],"score":138,"play_id":"e4186ec5-a4b7-4ce5-a01d-36295b2cdf20","local_time":"20190901200839","is_ascension_mode":true,"campfire_choices":[{"floor":15,"key":"REST"}],"neow_cost":"TEN_PERCENT_HP_LOSS","seed_source_timestamp":507161865035935,"circlet_count":0,"master_deck":["Strike_R","Strike_R","Defend_R","Defend_R","Defend_R","Bash","Metallicize","Shrug It Off","Entrench","Body Slam"],"relics":["Burning Blood","Orichalcum","Vajra","PreservedInsect"],"potions_floor_usage":[13,16,16,16],"damage_taken":[{"damage":6,"enemies":"Cultist","floor":1,"turns":4},{"damage":2,"enemies":"Jaw Worm","floor":2,"turns":7},{"damage":33,"enemies":"Lagavulin","floor":6,"turns":7},{"damage":0,"enemies":"2 Louse","floor":7,"turns":3},{"damage":2,"enemies":"Looter","floor":8,"turns":4},{"damage":7,"enemies":"Exordium Wildlife","floor":11,"turns":6},{"damage":14,"enemies":"Exordium Thugs","floor":12,"turns":5},{"damage":20,"enemies":"Lots of Slimes","floor":13,"turns":7},{"damage":5,"enemies":"Looter","floor":14,"turns":4},{"damage":52,"enemies":"Hexaghost","floor":16,"turns":16}],"seed_played":"6753956347476850741","potions_obtained":[{"floor":1,"key":"Dexterity Potion"},{"floor":7,"key":"PowerPotion"},{"floor":13,"key":"SkillPotion"},{"floor":14,"key":"Dexterity Potion"}],"is_trial":false,"path_per_floor":["M","M","?","?","?","E","M","M","T","$","M","M","M","M","R","B"],"character_chosen":"IRONCLAD","items_purchased":["Entrench"],"campfire_rested":1,"item_purchase_floors":[10],"current_hp_per_floor":[72,72,65,65,65,38,44,48,48,48,47,39,25,26,47,0],"gold":80,"neow_bonus":"REMOVE_TWO","is_prod":false,"is_daily":false,"chose_seed":false,"campfire_upgraded":0,"win_rate":0,"timestamp":1567361319,"path_taken":["M","?","?","?","?","E","M","M","T","$","M","M","?","M","R","BOSS"],"build_version":"2019-07-17","purchased_purges":1,"victory":false,"max_hp_per_floor":[72,72,72,72,72,72,72,72,72,72,72,72,72,72,72,72],"card_choices":[{"not_picked":["Combust","Heavy Blade"],"picked":"Metallicize","floor":1},{"not_picked":["Bloodletting","Twin Strike","Wild Strike"],"picked":"SKIP","floor":2},{"not_picked":["Disarm","Searing Blow","Thunderclap"],"picked":"SKIP","floor":6},{"not_picked":["Rupture","Whirlwind"],"picked":"Shrug It Off","floor":7},{"not_picked":["Fire Breathing","Clothesline","Disarm"],"picked":"SKIP","floor":8},{"not_picked":["Clothesline","Clash"],"picked":"Body Slam","floor":11},{"not_picked":["Perfected Strike","Evolve","Wild Strike"],"picked":"SKIP","floor":12},{"not_picked":["Twin Strike","Feel No Pain","Brutality"],"picked":"SKIP","floor":13},{"not_picked":["Pommel Strike","Dual Wield","True Grit"],"picked":"SKIP","floor":14}],"player_experience":141687,"relics_obtained":[{"floor":6,"key":"Vajra"},{"floor":9,"key":"PreservedInsect"}],"event_choices":[{"cards_removed":["Defend_R"],"damage_healed":0,"gold_gain":0,"player_choice":"Card Removal","damage_taken":7,"max_hp_gain":0,"max_hp_loss":0,"event_name":"Golden Wing","floor":3,"gold_loss":0},{"damage_healed":0,"gold_gain":0,"player_choice":"Box","damage_taken":0,"relics_obtained":["Orichalcum"],"max_hp_gain":0,"max_hp_loss":0,"event_name":"Big Fish","floor":4,"gold_loss":0,"cards_obtained":["Regret"]},{"cards_removed":["Regret"],"damage_healed":0,"gold_gain":0,"player_choice":"Card Removal","damage_taken":0,"max_hp_gain":0,"max_hp_loss":0,"event_name":"The Cleric","floor":5,"gold_loss":50}],"is_beta":false,"boss_relics":[],"items_purged_floors":[10],"is_endless":false,"potions_floor_spawned":[1,7,13,14],"killed_by":"Hexaghost","ascension_level":6}