{"gold_per_floor":[111,124,124,49,59,90,90,90,116,129,143,71,71,98,98,201,201,217,227,227,142,13,13,13],"floor_reached":24,"playtime":1127,"items_purged":["Strike_R"],"score":204,"play_id":"001c4009-ecd1-41f0-9751-8f1fd6257451","local_time":"20190811035709","is_ascension_mode":false,"campfire_choices":[{"data":"Spot Weakness","floor":8,"key":"SMITH"},{"data":"Corruption","floor":13,"key":"SMITH"},{"data":"Demon Form","floor":15,"key":"SMITH"},{"floor":23,"key":"REST"}],"neow_cost":"NONE","seed_source_timestamp":65902323159583,"circlet_count":0,"master_deck":["Strike_R","Strike_R","Defend_R","Defend_R","Defend_R","Defend_R","Bash","Burning Pact","Warcry","Spot Weakness+1","Dual Wield","Immolate","Headbutt","Corruption+1","Demon Form+1","Fiend Fire","Flex","Flex"],"relics":["Black Blood","NeowsBlessing","Lantern","Shuriken","Dream Catcher","Orichalcum","Bag of Marbles"],"potions_floor_usage":[14,14,14,16,19,24],"damage_taken":[{"damage":0,"enemies":"Small Slimes","floor":1,"turns":1},{"damage":0,"enemies":"2 Louse","floor":2,"turns":1},{"damage":0,"enemies":"Jaw Worm","floor":5,"turns":1},{"damage":49,"enemies":"3 Sentries","floor":6,"turns":8},{"damage":6,"enemies":"Red Slaver","floor":10,"turns":5},{"damage":0,"enemies":"Large Slime","floor":11,"turns":5},{"damage":16,"enemies":"Lagavulin","floor":14,"turns":6},{"damage":15,"enemies":"Slime Boss","floor":16,"turns":7},{"damage":36,"enemies":"Chosen","floor":18,"turns":7},{"damage":35,"enemies":"3 Byrds","floor":19,"turns":6},{"damage":44,"enemies":"Slavers","floor":24,"turns":3}],"seed_played":"-8452809283888015457","potions_obtained":[{"floor":6,"key":"FearPotion"},{"floor":10,"key":"BloodPotion"},{"floor":11,"key":"Fire Potion"},{"floor":14,"key":"SpeedPotion"},{"floor":16,"key":"SpeedPotion"}],"is_trial":false,"path_per_floor":["M","M","?","$","M","E","?","R","T","M","M","$","R","E","R","B",null,"M","M","?","?","$","R","E"],"character_chosen":"IRONCLAD","items_purchased":["Corruption","Flex","Regen Potion"],"campfire_rested":1,"item_purchase_floors":[12,22,22],"current_hp_per_floor":[80,80,80,80,80,37,30,30,30,30,36,36,36,46,46,37,80,54,29,29,29,29,53,18],"gold":13,"neow_bonus":"THREE_ENEMY_KILL","is_prod":false,"is_daily":false,"chose_seed":false,"campfire_upgraded":3,"win_rate":0.0,"timestamp":1565463429,"path_taken":["M","M","?","$","M","E","?","R","T","M","M","$","R","E","R","BOSS","M","M","?","?","?","R","E"],"build_version":"2019-07-17","purchased_purges":1,"victory":false,"max_hp_per_floor":[80,80,80,80,80,80,80,80,80,80,80,80,80,80,80,80,80,80,80,80,80,80,80,80],"card_choices":[{"not_picked":["Anger","Perfected Strike"],"picked":"Burning Pact","floor":1},{"not_picked":["Cleave","Clothesline"],"picked":"Warcry","floor":2},{"not_picked":["Twin Strike","Blood for Blood"],"picked":"Spot Weakness","floor":5},{"not_picked":["Evolve","Perfected Strike"],"picked":"Dual Wield","floor":6},{"not_picked":["Clash","Armaments"],"picked":"Immolate","floor":10},{"not_picked":["Feel No Pain","Iron Wave"],"picked":"Headbutt","floor":11},{"not_picked":["Wild Strike","Searing Blow"],"picked":"Demon Form","floor":14},{"not_picked":["Barricade","Juggernaut"],"picked":"Fiend Fire","floor":16},{"not_picked":["Shockwave+1","Reckless Charge","Rage"],"picked":"SKIP","floor":18},{"not_picked":["Cleave","Seeing Red"],"picked":"Flex","floor":19}],"player_experience":38536,"relics_obtained":[{"floor":6,"key":"Lantern"},{"floor":9,"key":"Dream Catcher"},{"floor":14,"key":"Orichalcum"}],"event_choices":[{"cards_removed":["Strike_R"],"damage_healed":0,"gold_gain":0,"player_choice":"Forget","damage_taken":0,"max_hp_gain":0,"max_hp_loss":0,"event_name":"Living Wall","floor":3,"gold_loss":0},{"damage_healed":0,"gold_gain":0,"player_choice":"Success","damage_taken":7,"relics_obtained":["Shuriken"],"max_hp_gain":0,"max_hp_loss":0,"event_name":"Scrap Ooze","floor":7,"gold_loss":0},{"cards_removed":["Strike_R"],"damage_healed":0,"gold_gain":0,"player_choice":"Elegance","damage_taken":0,"max_hp_gain":0,"max_hp_loss":0,"event_name":"Back to Basics","floor":20,"gold_loss":0},{"damage_healed":0,"gold_gain":0,"player_choice":"Obtained Relic","damage_taken":0,"relics_obtained":["Bag of Marbles"],"max_hp_gain":0,"max_hp_loss":0,"event_name":"Addict","floor":21,"gold_loss":85}],"is_beta":false,"boss_relics":[{"not_picked":["Eternal Feather","Ectoplasm"],"picked":"Black Blood"}],"items_purged_floors":[4],"is_endless":false,"potions_floor_spawned":[6,10,11,14,16],"killed_by":"Slavers","ascension_level":0}