{"gold_per_floor":[115,115,115,128,28,28,38,38,38,51,51,62,62,137,137,214,214,232,232],"floor_reached":19,"playtime":709,"items_purged":[],"score":314,"play_id":"4793c81f-fdb6-4b0d-8808-d78c229a2e27","local_time":"20181006025155","is_ascension_mode":true,"campfire_choices":[{"data":"Dark Shackles","floor":8,"key":"SMITH"},{"data":"1","floor":11,"key":"LIFT"},{"data":"2","floor":13,"key":"LIFT"},{"data":"3","floor":15,"key":"LIFT"}],"neow_cost":"NONE","seed_source_timestamp":1945756614448135,"circlet_count":0,"master_deck":["Strike_B","Strike_B","Strike_B","Strike_B","Defend_B","Defend_B","Defend_B","Defend_B","Zap","Dualcast","AscendersBane","Sunder+1","Gash","Dark Shackles+1","Pain","Cold Snap","Streamline","Conserve Battery","Fission","Reinforced Body"],"relics":["Cracked Core","Ornamental Fan","WarpedTongs","Girya","Runic Dome"],"potions_floor_usage":[12,16,18],"damage_taken":[{"damage":4,"enemies":"Jaw Worm","floor":1,"turns":3},{"damage":0,"enemies":"Cultist","floor":4,"turns":2},{"damage":2,"enemies":"2 Louse","floor":7,"turns":2},{"damage":8,"enemies":"Gremlin Gang","floor":10,"turns":5},{"damage":5,"enemies":"Looter","floor":12,"turns":2},{"damage":31,"enemies":"Hexaghost","floor":16,"turns":8},{"damage":23,"enemies":"3 Byrds","floor":18,"turns":4},{"damage":43,"enemies":"Masked Bandits","floor":19,"turns":3}],"seed_played":"4423297348204421978","potions_obtained":[{"floor":1,"key":"SkillPotion"},{"floor":10,"key":"FearPotion"},{"floor":16,"key":"SneckoOil"}],"is_trial":false,"path_per_floor":["M","?","T","M","$","?","M","R","T","M","R","M","R","?","R","B",null,"M"],"character_chosen":"DEFECT","items_purchased":["Dark Shackles"],"campfire_rested":0,"item_purchase_floors":[5],"current_hp_per_floor":[67,67,67,67,67,67,65,65,65,57,57,52,52,41,41,10,61,38,0],"gold":232,"neow_bonus":"TEN_PERCENT_HP_BONUS","is_prod":false,"is_daily":false,"chose_seed":false,"campfire_upgraded":1,"win_rate":0,"timestamp":1538819515,"path_taken":["M","?","?","M","$","?","M","R","T","M","R","?","R","?","R","BOSS","M","?"],"build_version":"2018-10-04","purchased_purges":0,"victory":false,"max_hp_per_floor":[78,78,78,78,78,78,78,78,78,78,78,78,78,78,78,78,78,78,78],"card_choices":[{"not_picked":["Barrage","Coolheaded"],"picked":"Sunder","floor":1},{"not_picked":["Aggregate","Rebound"],"picked":"Gash","floor":4},{"not_picked":["Rebound","Streamline"],"picked":"Cold Snap","floor":7},{"not_picked":["Heatsinks","Static Discharge"],"picked":"Streamline","floor":10},{"not_picked":["White Noise","Ball Lightning"],"picked":"Conserve Battery","floor":12},{"not_picked":["Multi-Cast","Meteor Strike"],"picked":"Fission","floor":16},{"not_picked":["Coolheaded","Ball Lightning"],"picked":"Reinforced Body","floor":18}],"player_experience":2484763,"relics_obtained":[{"floor":3,"key":"Ornamental Fan"},{"floor":9,"key":"Girya"}],"event_choices":[{"event_name":"Upgrade Shrine","player_choice":"Upgraded","floor":2,"damage_taken":0},{"event_name":"Accursed Blacksmith","player_choice":"Rummage","floor":6,"damage_taken":0},{"event_name":"World of Goop","player_choice":"Gather Gold","floor":14,"damage_taken":0},{"event_name":"Masked Bandits","player_choice":"Fought Bandits","floor":19,"damage_taken":0}],"is_beta":true,"boss_relics":[{"not_picked":["Eternal Feather","Velvet Choker"],"picked":"Runic Dome"}],"items_purged_floors":[],"is_endless":false,"potions_floor_spawned":[1,10,16],"killed_by":"Masked Bandits","ascension_level":20}