{"gold_per_floor":[318,318,98,112,122,122,144,144,144,144,158,176,176,37,37,137,137,152,152,198,198,216,216,229,229,229,229,242,267,284,184,184,287,287,302,314,329,329,349,377,377,389,389,57,57,74,74,90,90,90],"floor_reached":51,"playtime":1588,"items_purged":["Strike_R","Strike_R"],"score":739,"play_id":"a42b801f-599d-4c61-b594-9108fb7af511","local_time":"20190828021600","is_ascension_mode":false,"campfire_choices":[{"data":"Bash","floor":6,"key":"SMITH"},{"data":"Cleave","floor":8,"key":"SMITH"},{"floor":13,"key":"DIG"},{"floor":15,"key":"DIG"},{"data":"1","floor":23,"key":"LIFT"},{"data":"Whirlwind","floor":25,"key":"SMITH"},{"data":"2","floor":27,"key":"LIFT"},{"data":"3","floor":32,"key":"LIFT"},{"floor":41,"key":"DIG"},{"floor":45,"key":"DIG"},{"floor":47,"key":"DIG"},{"floor":49,"key":"DIG"}],"neow_cost":"NO_GOLD","seed_source_timestamp":17567893033889,"circlet_count":0,"master_deck":["Strike_R","Strike_R","Defend_R","Defend_R","Defend_R+1","Defend_R+1","Bash+1","Shockwave+1","Cleave","Disarm","Cleave+1","Shrug It Off","Immolate","Immolate","Whirlwind+1","Thunderclap","Battle Trance","Battle Trance+1","Armaments+1","Demon Form","Whirlwind+1","Evolve","Heavy Blade+1","Immolate"],"relics":["Burning Blood","Old Coin","Red Skull","Odd Mushroom","Shovel","MawBank","Lantern","Sozu","Girya","War Paint","Paper Frog","Meat on the Bone","Fusion Hammer","PreservedInsect","Ancient Tea Set","Sundial","Bottled Tornado","Ornamental Fan","Gremlin Horn","Nunchaku"],"potions_floor_usage":[50],"damage_taken":[{"damage":1,"enemies":"Jaw Worm","floor":1,"turns":4},{"damage":2,"enemies":"Small Slimes","floor":4,"turns":4},{"damage":0,"enemies":"Cultist","floor":5,"turns":4},{"damage":9,"enemies":"The Mushroom Lair","floor":7,"turns":4},{"damage":8,"enemies":"Looter","floor":11,"turns":4},{"damage":1,"enemies":"Exordium Wildlife","floor":12,"turns":2},{"damage":60,"enemies":"Hexaghost","floor":16,"turns":14},{"damage":11,"enemies":"Shell Parasite","floor":18,"turns":5},{"damage":0,"enemies":"3 Byrds","floor":22,"turns":3},{"damage":7,"enemies":"Centurion and Healer","floor":24,"turns":4},{"damage":0,"enemies":"3 Cultists","floor":28,"turns":2},{"damage":0,"enemies":"Slavers","floor":29,"turns":1},{"damage":0,"enemies":"Cultist and Chosen","floor":30,"turns":3},{"damage":28,"enemies":"Collector","floor":33,"turns":6},{"damage":0,"enemies":"3 Darklings","floor":35,"turns":2},{"damage":0,"enemies":"Orb Walker","floor":36,"turns":1},{"damage":4,"enemies":"Sphere and 2 Shapes","floor":37,"turns":3},{"damage":15,"enemies":"Writhing Mass","floor":39,"turns":4},{"damage":35,"enemies":"Giant Head","floor":40,"turns":7},{"damage":0,"enemies":"Jaw Worm Horde","floor":42,"turns":1},{"damage":10,"enemies":"4 Shapes","floor":46,"turns":2},{"damage":0,"enemies":"Transient","floor":48,"turns":5},{"damage":50,"enemies":"Time Eater","floor":50,"turns":7}],"seed_played":"-5365149453524569218","potions_obtained":[{"floor":11,"key":"GamblersBrew"},{"floor":16,"key":"PowerPotion"}],"is_trial":false,"path_per_floor":["M","?","$","M","M","R","?","R","T","?","M","M","R","$","R","B",null,"M","?","T","?","M","R","M","R","T","R","M","E","M","$","R","B",null,"M","M","M","?","M","E","R","M","T","$","R","M","R","M","R","B",null],"character_chosen":"IRONCLAD","items_purchased":["Red Skull","Immolate","Bottled Tornado","Immolate"],"campfire_rested":0,"item_purchase_floors":[3,14,44,44],"current_hp_per_floor":[80,80,80,80,80,80,77,77,77,77,75,80,80,80,80,26,80,75,75,75,75,80,80,79,79,79,79,80,80,80,80,80,58,80,80,80,80,80,71,54,54,60,60,60,60,56,56,62,62,30],"gold":90,"neow_bonus":"ONE_RARE_RELIC","is_prod":false,"is_daily":false,"chose_seed":false,"campfire_upgraded":3,"win_rate":0,"timestamp":1566980160,"path_taken":["M","?","$","M","M","R","?","R","T","?","M","?","R","$","R","BOSS","M","?","?","?","M","R","?","R","T","R","M","E","M","$","R","BOSS","M","?","M","?","?","E","R","M","T","$","R","M","R","M","R","BOSS"],"build_version":"2019-07-17","purchased_purges":2,"victory":true,"max_hp_per_floor":[80,80,80,80,80,80,80,80,80,80,80,80,80,80,80,80,80,80,80,80,80,80,80,80,80,80,80,80,80,80,80,80,80,80,80,80,80,80,80,80,80,80,80,80,80,80,80,80,80,80],"card_choices":[{"not_picked":["Anger","True Grit"],"picked":"Shockwave","floor":1},{"not_picked":["Perfected Strike","Pommel Strike"],"picked":"Cleave","floor":4},{"not_picked":["Havoc","Pommel Strike"],"picked":"Disarm","floor":5},{"not_picked":["Havoc","Bloodletting"],"picked":"Cleave","floor":7},{"not_picked":["Anger","Body Slam"],"picked":"Shrug It Off","floor":11},{"not_picked":["Blood for Blood","Havoc","Perfected Strike"],"picked":"SKIP","floor":12},{"not_picked":["Offering","Exhume"],"picked":"Immolate","floor":16},{"not_picked":["Entrench","True Grit","Flex"],"picked":"SKIP","floor":18},{"not_picked":["Corruption","Blood for Blood"],"picked":"Whirlwind","floor":22},{"not_picked":["Rage","Burning Pact"],"picked":"Thunderclap","floor":24},{"not_picked":["Sentinel","Shockwave+1"],"picked":"Battle Trance","floor":28},{"not_picked":["Havoc+1","Blood for Blood"],"picked":"Battle Trance+1","floor":29},{"not_picked":["Twin Strike","Iron Wave"],"picked":"Armaments+1","floor":30},{"not_picked":["Juggernaut","Barricade"],"picked":"Demon Form","floor":33},{"not_picked":["Warcry+1","Intimidate+1","Perfected Strike"],"picked":"SKIP","floor":35},{"not_picked":["Battle Trance+1","Carnage"],"picked":"Whirlwind+1","floor":36},{"not_picked":["Havoc","Rampage+1","Clash+1"],"picked":"SKIP","floor":37},{"not_picked":["Wild Strike+1","Searing Blow","Headbutt"],"picked":"SKIP","floor":39},{"not_picked":["Barricade","Dark Embrace"],"picked":"Heavy Blade+1","floor":40},{"not_picked":["Fire Breathing+1","Anger+1","Body Slam+1"],"picked":"SKIP","floor":42},{"not_picked":["Sword Boomerang+1","Wild Strike+1","Iron Wave+1"],"picked":"SKIP","floor":46},{"not_picked":["Havoc+1","Metallicize","Warcry"],"picked":"SKIP","floor":48}],"player_experience":1693915,"relics_obtained":[{"floor":7,"key":"Odd Mushroom"},{"floor":9,"key":"Shovel"},{"floor":13,"key":"MawBank"},{"floor":15,"key":"Lantern"},{"floor":20,"key":"War Paint"},{"floor":26,"key":"Paper Frog"},{"floor":29,"key":"Meat on the Bone"},{"floor":40,"key":"PreservedInsect"},{"floor":41,"key":"Ancient Tea Set"},{"floor":43,"key":"Sundial"},{"floor":45,"key":"Ornamental Fan"},{"floor":47,"key":"Gremlin Horn"},{"floor":49,"key":"Nunchaku"}],"event_choices":[{"damage_healed":0,"gold_gain":0,"player_choice":"Grow","damage_taken":0,"max_hp_gain":0,"max_hp_loss":0,"event_name":"Living Wall","floor":2,"gold_loss":0,"cards_upgraded":["Shockwave"]},{"damage_healed":0,"gold_gain":0,"player_choice":"Fought Mushrooms","damage_taken":0,"max_hp_gain":0,"max_hp_loss":0,"event_name":"Mushrooms","floor":7,"gold_loss":0},{"damage_healed":0,"gold_gain":0,"player_choice":"Ignored","damage_taken":0,"max_hp_gain":0,"max_hp_loss":0,"event_name":"NoteForYourself","floor":10,"gold_loss":0},{"damage_healed":0,"gold_gain":0,"player_choice":"Opened","damage_taken":0,"relics_obtained":["Girya"],"max_hp_gain":0,"max_hp_loss":0,"event_name":"The Mausoleum","floor":19,"gold_loss":0,"cards_obtained":["Writhe"]},{"cards_removed":["Writhe"],"damage_healed":0,"gold_gain":0,"player_choice":"Elegance","damage_taken":0,"max_hp_gain":0,"max_hp_loss":0,"event_name":"Back to Basics","floor":21,"gold_loss":0},{"damage_healed":0,"gold_gain":0,"cards_transformed":["Strike_R"],"player_choice":"Transformed","damage_taken":0,"max_hp_gain":0,"max_hp_loss":0,"event_name":"Transmorgrifier","floor":38,"gold_loss":0,"cards_obtained":["Evolve"]}],"is_beta":false,"boss_relics":[{"not_picked":["Coffee Dripper","Empty Cage"],"picked":"Sozu"},{"not_picked":["Calling Bell","Astrolabe"],"picked":"Fusion Hammer"}],"items_purged_floors":[3,31],"is_endless":false,"potions_floor_spawned":[11,16,29,30,33,35,36,39,48],"ascension_level":0}