{"gold_per_floor":[117,137,149,149,166,166,166,180,251,262,282,299,299,317,317,389,389,404,421,511,521,521,521,532,532,532,560,572,584,609,378,378,378],"floor_reached":33,"playtime":1569,"items_purged":["Writhe"],"score":665,"play_id":"375654ab-3226-4850-9a2d-f5965e5aa02f","local_time":"20190828224637","is_ascension_mode":true,"campfire_choices":[{"data":"Zap","floor":6,"key":"SMITH"},{"data":"Seek","floor":13,"key":"SMITH"},{"data":"Electrodynamics","floor":15,"key":"SMITH"},{"floor":23,"key":"REST"},{"data":"Buffer","floor":25,"key":"SMITH"},{"floor":29,"key":"REST"},{"floor":32,"key":"RECALL"}],"neow_cost":"NONE","seed_source_timestamp":406571670008758,"circlet_count":0,"master_deck":["AscendersBane","Strike_B","Strike_B","Strike_B","Strike_B","Defend_B","Defend_B","Defend_B","Defend_B","Zap+1","Dualcast","Hyperbeam","Gash","Ball Lightning","Compile Driver","Core Surge","BootSequence","Gash","Seek+1","Ball Lightning","Ball Lightning","Coolheaded","Leap","Electrodynamics+1","Chill","Gash","Glacier","Buffer+1","Coolheaded+1","FTL+1","Coolheaded+1","Steam","Core Surge","Conserve Battery","Coolheaded+1","Gash+1","Streamline+1"],"relics":["Cracked Core","Prayer Wheel","Matryoshka","Anchor","Question Card","Busted Crown","MawBank","Molten Egg 2","Bag of Marbles","Vajra"],"potions_floor_usage":[16,27,33,33],"damage_taken":[{"damage":0,"enemies":"Cultist","floor":1,"turns":2},{"damage":2,"enemies":"Jaw Worm","floor":2,"turns":3},{"damage":4,"enemies":"2 Louse","floor":3,"turns":2},{"damage":17,"enemies":"Lots of Slimes","floor":5,"turns":3},{"damage":0,"enemies":"Blue Slaver","floor":8,"turns":2},{"damage":0,"enemies":"Looter","floor":10,"turns":2},{"damage":6,"enemies":"Exordium Thugs","floor":11,"turns":3},{"damage":0,"enemies":"2 Fungi Beasts","floor":12,"turns":3},{"damage":0,"enemies":"Large Slime","floor":14,"turns":3},{"damage":0,"enemies":"Slime Boss","floor":16,"turns":5},{"damage":2,"enemies":"2 Thieves","floor":18,"turns":3},{"damage":8,"enemies":"Shell Parasite","floor":19,"turns":3},{"damage":11,"enemies":"3 Cultists","floor":21,"turns":4},{"damage":0,"enemies":"Shelled Parasite and Fungi","floor":24,"turns":7},{"damage":14,"enemies":"Snake Plant","floor":27,"turns":5},{"damage":0,"enemies":"Sentry and Sphere","floor":30,"turns":4},{"damage":63,"enemies":"Champ","floor":33,"turns":11}],"seed_played":"-1022439579324779536","potions_obtained":[{"floor":1,"key":"Swift Potion"},{"floor":8,"key":"GamblersBrew"},{"floor":12,"key":"FearPotion"},{"floor":19,"key":"Weak Potion"},{"floor":27,"key":"PowerPotion"}],"is_trial":false,"path_per_floor":["M","M","M","T","M","R","?","M","T","M","M","M","R","M","R","B",null,"M","M","?","M","?","R","M","R","T","M","?","R","M","$","R","B"],"character_chosen":"DEFECT","items_purchased":["Vajra"],"campfire_rested":2,"item_purchase_floors":[31],"current_hp_per_floor":[64,62,58,58,41,41,41,41,41,41,35,35,35,35,35,35,62,60,52,38,27,27,48,48,48,48,34,34,55,55,55,55,0],"gold":378,"neow_bonus":"ONE_RANDOM_RARE_CARD","is_prod":false,"is_daily":false,"chose_seed":false,"campfire_upgraded":4,"win_rate":0,"timestamp":1567057597,"path_taken":["M","M","?","?","M","R","?","M","T","?","M","M","R","M","R","BOSS","M","M","?","?","?","R","M","R","T","M","?","R","M","$","R","BOSS"],"build_version":"2019-08-26","purchased_purges":1,"victory":false,"max_hp_per_floor":[71,71,71,71,71,71,71,71,71,71,71,71,71,71,71,71,71,71,71,71,71,71,71,71,71,71,71,71,71,71,71,71,71],"card_choices":[{"not_picked":["Blizzard","Leap"],"picked":"Gash","floor":1},{"not_picked":["Hologram","Coolheaded"],"picked":"Ball Lightning","floor":2},{"not_picked":["Stack","Darkness"],"picked":"Compile Driver","floor":3},{"not_picked":["Recycle","Gash"],"picked":"Core Surge","floor":5},{"not_picked":["Go for the Eyes","Darkness"],"picked":"BootSequence","floor":5},{"not_picked":["Go for the Eyes","Undo"],"picked":"Gash","floor":8},{"not_picked":["Stack","Leap"],"picked":"Seek","floor":8},{"not_picked":["Go for the Eyes","Storm","Rebound"],"picked":"Ball Lightning","floor":10},{"not_picked":["Sunder","FTL","Barrage"],"picked":"Ball Lightning","floor":10},{"not_picked":["Force Field","Beam Cell","Redo"],"picked":"Coolheaded","floor":11},{"not_picked":["Ball Lightning","Compile Driver","Beam Cell"],"picked":"Leap","floor":11},{"not_picked":["Turbo","FTL","Redo"],"picked":"Electrodynamics","floor":12},{"not_picked":["Hologram","Turbo","Sweeping Beam"],"picked":"Chill","floor":12},{"not_picked":["Darkness","Cold Snap","Streamline"],"picked":"Gash","floor":14},{"not_picked":["Compile Driver","Storm","Leap"],"picked":"Glacier","floor":14},{"not_picked":["Reboot","Rainbow","Fission"],"picked":"Buffer","floor":16},{"not_picked":["Recycle"],"picked":"Coolheaded+1","floor":18},{"not_picked":["Consume"],"picked":"FTL+1","floor":18},{"not_picked":["Darkness"],"picked":"Coolheaded+1","floor":19},{"not_picked":["Streamline"],"picked":"Steam","floor":19},{"not_picked":["Darkness","Beam Cell"],"picked":"SKIP","floor":21},{"not_picked":["Beam Cell","Undo"],"picked":"SKIP","floor":21},{"not_picked":["Sweeping Beam+1"],"picked":"Core Surge","floor":24},{"not_picked":["Rebound"],"picked":"Conserve Battery","floor":24},{"not_picked":["Streamline+1"],"picked":"Coolheaded+1","floor":27},{"not_picked":["BootSequence"],"picked":"Gash+1","floor":27},{"not_picked":["Conserve Battery"],"picked":"Streamline+1","floor":30},{"not_picked":["Steam","Multi-Cast"],"picked":"SKIP","floor":30}],"player_experience":3065334,"relics_obtained":[{"floor":4,"key":"Prayer Wheel"},{"floor":9,"key":"Anchor"},{"floor":9,"key":"Question Card"},{"floor":26,"key":"MawBank"},{"floor":26,"key":"Molten Egg 2"}],"event_choices":[{"damage_healed":0,"gold_gain":0,"player_choice":"Gave Potion","damage_taken":0,"relics_obtained":["Matryoshka"],"max_hp_gain":0,"max_hp_loss":0,"event_name":"WeMeetAgain","floor":7,"gold_loss":0},{"damage_healed":0,"gold_gain":90,"player_choice":"GOLD ","damage_taken":14,"max_hp_gain":0,"max_hp_loss":0,"event_name":"Knowing Skull","floor":20,"potions_obtained":[],"gold_loss":0,"cards_obtained":[]},{"damage_healed":0,"gold_gain":0,"player_choice":"Ignored","damage_taken":0,"max_hp_gain":0,"max_hp_loss":0,"event_name":"Vampires","floor":22,"gold_loss":0},{"damage_healed":0,"gold_gain":0,"player_choice":"Opened","damage_taken":0,"relics_obtained":["Bag of Marbles"],"max_hp_gain":0,"max_hp_loss":0,"event_name":"The Mausoleum","floor":28,"gold_loss":0,"cards_obtained":["Writhe"]}],"is_beta":true,"boss_relics":[{"not_picked":["Orrery","Eternal Feather"],"picked":"Busted Crown"}],"items_purged_floors":[31],"is_endless":false,"potions_floor_spawned":[1,8,12,14,19,27],"killed_by":"Champ","ascension_level":20}