{"gold_per_floor":[115,40,40,54,54,79,93,120,120,132,132,160,172,203,215,227],"floor_reached":16,"playtime":429,"items_purged":[],"score":270,"play_id":"14da9547-5b87-4190-80a1-af8b9649120a","local_time":"20190819214241","is_ascension_mode":true,"campfire_choices":[{"data":"Sunder","floor":11,"key":"SMITH"},{"floor":13,"key":"REST"},{"data":"Defragment","floor":15,"key":"SMITH"}],"neow_cost":"NONE","seed_source_timestamp":370789532281197,"circlet_count":0,"master_deck":["AscendersBane","Strike_B","Strike_B","Strike_B","Defend_B","Defend_B","Defend_B","Defend_B","Zap","Dualcast","Beam Cell","Go for the Eyes","Sunder+1","Defragment+1","Skim","Seek","Stack"],"relics":["Cracked Core","NeowsBlessing","Centennial Puzzle","Question Card","Lantern","MawBank"],"potions_floor_usage":[16],"damage_taken":[{"damage":0,"enemies":"Small Slimes","floor":1,"turns":1},{"damage":0,"enemies":"Jaw Worm","floor":4,"turns":1},{"damage":0,"enemies":"Gremlin Nob","floor":6,"turns":1},{"damage":8,"enemies":"2 Louse","floor":7,"turns":2},{"damage":3,"enemies":"Blue Slaver","floor":10,"turns":2},{"damage":35,"enemies":"3 Sentries","floor":12,"turns":7},{"damage":1,"enemies":"2 Fungi Beasts","floor":14,"turns":2},{"damage":32,"enemies":"Hexaghost","floor":16,"turns":9}],"seed_played":"2010070359696066698","potions_obtained":[{"floor":1,"key":"FearPotion"},{"floor":6,"key":"SmokeBomb"}],"is_trial":false,"path_per_floor":["M","?","?","M","$","E","M","T","T","M","R","E","R","M","R","B"],"character_chosen":"DEFECT","items_purchased":[],"campfire_rested":1,"item_purchase_floors":[],"current_hp_per_floor":[64,64,53,53,53,53,45,45,45,42,42,7,28,27,27,0],"gold":227,"neow_bonus":"THREE_ENEMY_KILL","is_prod":false,"is_daily":false,"chose_seed":false,"campfire_upgraded":2,"win_rate":0,"timestamp":1566276161,"path_taken":["M","?","?","M","$","E","M","?","T","M","R","E","R","M","R","BOSS"],"build_version":"2019-08-15","purchased_purges":0,"victory":false,"max_hp_per_floor":[71,71,71,71,71,71,71,71,71,71,71,71,71,71,71,71],"card_choices":[{"not_picked":["Scrape","Static Discharge"],"picked":"Beam Cell","floor":1},{"not_picked":["FTL","Recycle"],"picked":"Go for the Eyes","floor":4},{"not_picked":["Go for the Eyes","Beam Cell"],"picked":"Sunder","floor":6},{"not_picked":["Recycle","Melter","Cold Snap"],"picked":"Defragment","floor":7},{"not_picked":["Static Discharge","Leap","Steam"],"picked":"Skim","floor":10},{"not_picked":["Steam","Reinforced Body","Redo"],"picked":"Seek","floor":12},{"not_picked":["Force Field","Hologram","Rip and Tear"],"picked":"Stack","floor":14}],"player_experience":3006658,"relics_obtained":[{"floor":6,"key":"Question Card"},{"floor":9,"key":"Lantern"},{"floor":12,"key":"MawBank"}],"event_choices":[{"cards_removed":["Strike_B"],"damage_healed":0,"gold_gain":0,"player_choice":"Card Removal","damage_taken":0,"max_hp_gain":0,"max_hp_loss":0,"event_name":"The Cleric","floor":2,"gold_loss":75},{"damage_healed":0,"gold_gain":0,"player_choice":"Success","damage_taken":11,"relics_obtained":["Centennial Puzzle"],"max_hp_gain":0,"max_hp_loss":0,"event_name":"Scrap Ooze","floor":3,"gold_loss":0}],"is_beta":true,"boss_relics":[],"items_purged_floors":[],"is_endless":false,"potions_floor_spawned":[1,6],"killed_by":"Hexaghost","ascension_level":20}