{"gold_per_floor":[114,134,25,37,55,55,82,99,99,99,99,69,69,69,69,169,169,189,202,221,271,332,332,345,46,98,98,114,95,95,108,108,207,207,227,18,37,53,63,63,96,146,169,32,60,110,110,125,125,125],"floor_reached":50,"playtime":4915,"items_purged":["Strike_G","Strike_G"],"score":529,"play_id":"22343e6e-9d2b-42d9-bb9b-8ff263ef6157","local_time":"20190828223513","is_ascension_mode":false,"campfire_choices":[{"data":"After Image","floor":6,"key":"SMITH"},{"data":"Leg Sweep","floor":11,"key":"SMITH"},{"data":"Blade Dance","floor":13,"key":"SMITH"},{"data":"Accuracy","floor":15,"key":"SMITH"},{"data":"After Image","floor":23,"key":"SMITH"},{"data":"Infinite Blades","floor":27,"key":"SMITH"},{"data":"Envenom","floor":30,"key":"SMITH"},{"data":"Cloak And Dagger","floor":32,"key":"SMITH"},{"floor":40,"key":"REST"},{"floor":47,"key":"REST"},{"floor":49,"key":"REST"}],"neow_cost":"NONE","seed_source_timestamp":435817196287664,"circlet_count":0,"master_deck":["Strike_G+1","Strike_G","Strike_G","Defend_G","Defend_G","Defend_G","Defend_G","Defend_G","Survivor","Neutralize","After Image+1","Sucker Punch","Accuracy+1","Terror","Tactician","Calculated Gamble","Leg Sweep+1","Blade Dance+1","After Image+1","Blade Dance","Finisher+1","Acrobatics","Flying Knee","Expertise","Blur","Cloak And Dagger+1","Backflip","Blade Dance","Infinite Blades+1","Cloak And Dagger+1","Envenom+1","PiercingWail","Malaise","Dodge and Roll+1","Blur","Infinite Blades+1","Choke+1","Backflip+1","Discovery","Dash+1","Master of Strategy","Blur+1"],"relics":["Ring of the Serpent","Darkstone Periapt","Tough Bandages","SsserpentHead","Orrery","MealTicket","Whetstone","Sling","Unceasing Top","Omamori","Tingsha"],"potions_floor_usage":[7,7,16,22,22,22,31,41,48,48,50],"damage_taken":[{"damage":0,"enemies":"Small Slimes","floor":1,"turns":5},{"damage":0,"enemies":"Jaw Worm","floor":2,"turns":5},{"damage":1,"enemies":"Cultist","floor":4,"turns":6},{"damage":3,"enemies":"Red Slaver","floor":5,"turns":6},{"damage":26,"enemies":"Lagavulin","floor":7,"turns":14},{"damage":9,"enemies":"Lots of Slimes","floor":8,"turns":10},{"damage":0,"enemies":"Looter","floor":12,"turns":4},{"damage":11,"enemies":"Hexaghost","floor":16,"turns":13},{"damage":2,"enemies":"Spheric Guardian","floor":18,"turns":6},{"damage":6,"enemies":"Chosen","floor":19,"turns":6},{"damage":6,"enemies":"Snake Plant","floor":20,"turns":8},{"damage":0,"enemies":"Cultist and Chosen","floor":22,"turns":9},{"damage":0,"enemies":"Centurion and Healer","floor":24,"turns":9},{"damage":0,"enemies":"Snecko","floor":28,"turns":7},{"damage":10,"enemies":"3 Cultists","floor":31,"turns":8},{"damage":27,"enemies":"Automaton","floor":33,"turns":12},{"damage":8,"enemies":"Orb Walker","floor":35,"turns":4},{"damage":17,"enemies":"3 Shapes","floor":37,"turns":7},{"damage":5,"enemies":"Writhing Mass","floor":38,"turns":11},{"damage":27,"enemies":"Transient","floor":39,"turns":5},{"damage":46,"enemies":"Reptomancer","floor":41,"turns":10},{"damage":13,"enemies":"Giant Head","floor":45,"turns":7},{"damage":9,"enemies":"4 Shapes","floor":48,"turns":5},{"damage":46,"enemies":"Donu and Deca","floor":50,"turns":7}],"seed_played":"8535555369723355558","potions_obtained":[{"floor":1,"key":"GhostInAJar"},{"floor":5,"key":"Energy Potion"},{"floor":8,"key":"Dexterity Potion"},{"floor":18,"key":"Explosive Potion"},{"floor":19,"key":"Weak Potion"},{"floor":20,"key":"SkillPotion"},{"floor":24,"key":"SpeedPotion"},{"floor":38,"key":"LiquidBronze"},{"floor":41,"key":"Explosive Potion"},{"floor":45,"key":"Fire Potion"},{"floor":48,"key":"Weak Potion"}],"is_trial":false,"path_per_floor":["M","M","$","M","M","R","E","M","T","?","R","M","R","?","R","B",null,"M","M","M","?","M","R","M","$","T","R","M","$","R","M","R","B",null,"M","$","M","M","M","R","E","?","T","$","E","?","R","M","R","B"],"character_chosen":"THE_SILENT","items_purchased":["Accuracy","Infinite Blades","Cloak And Dagger","MealTicket","Envenom","Sling","Discovery"],"campfire_rested":3,"item_purchase_floors":[3,25,25,25,29,36,44],"current_hp_per_floor":[70,70,70,69,66,66,40,31,31,31,31,31,31,31,31,20,70,68,62,56,56,56,56,56,56,56,56,56,70,70,60,60,33,70,62,70,53,54,27,49,3,3,3,18,5,5,26,17,38,0],"gold":125,"neow_bonus":"ONE_RANDOM_RARE_CARD","is_prod":false,"is_daily":false,"chose_seed":false,"campfire_upgraded":8,"win_rate":0,"timestamp":1567024513,"path_taken":["M","M","$","M","M","R","E","M","T","?","R","M","R","?","R","BOSS","M","M","M","?","?","R","M","$","T","R","M","?","R","M","R","BOSS","M","$","M","M","M","R","E","?","T","?","E","?","R","M","R","BOSS"],"build_version":"2019-06-28","purchased_purges":2,"victory":false,"max_hp_per_floor":[70,70,70,70,70,70,70,70,70,70,70,70,70,70,70,70,70,70,70,70,70,70,70,70,70,70,70,70,70,70,70,70,70,70,70,70,70,76,76,76,76,73,73,73,73,73,73,73,73,73],"card_choices":[{"not_picked":["Catalyst","Dagger Spray","Terror"],"picked":"SKIP","floor":1},{"not_picked":["Prepared","Underhanded Strike"],"picked":"Sucker Punch","floor":2},{"not_picked":["Deadly Poison","Masterful Stab"],"picked":"Terror","floor":4},{"not_picked":["Masterful Stab","Catalyst"],"picked":"Tactician","floor":5},{"not_picked":["Deflect","Eviscerate"],"picked":"Calculated Gamble","floor":7},{"not_picked":["Slice","Deflect"],"picked":"Leg Sweep","floor":8},{"not_picked":["Well Laid Plans","Night Terror"],"picked":"Blade Dance","floor":12},{"not_picked":["Phantasmal Killer","Glass Knife"],"picked":"After Image","floor":16},{"not_picked":["Dagger Throw","Noxious Fumes"],"picked":"Blade Dance","floor":17},{"not_picked":["Poisoned Stab","Tools of the Trade"],"picked":"Finisher","floor":17},{"not_picked":["Noxious Fumes","Heel Hook"],"picked":"Acrobatics","floor":17},{"not_picked":["Dagger Throw","Deadly Poison"],"picked":"Flying Knee","floor":17},{"not_picked":["Dagger Throw","Distraction"],"picked":"Expertise","floor":17},{"not_picked":["Flechettes","Prepared"],"picked":"Blur","floor":18},{"not_picked":["Deflect","Glass Knife","Quick Slash"],"picked":"SKIP","floor":19},{"not_picked":["Prepared","Escape Plan"],"picked":"Cloak And Dagger","floor":20},{"not_picked":["Deadly Poison","Outmaneuver"],"picked":"Backflip","floor":22},{"not_picked":["Masterful Stab","Quick Slash+1"],"picked":"Blade Dance","floor":24},{"not_picked":["Terror+1","Deflect","Outmaneuver"],"picked":"SKIP","floor":28},{"not_picked":["Slice","Reflex"],"picked":"PiercingWail","floor":31},{"not_picked":["Glass Knife","Unload"],"picked":"Malaise","floor":33},{"not_picked":["PiercingWail","All Out Attack"],"picked":"Dodge and Roll+1","floor":35},{"not_picked":["Slice","Outmaneuver+1"],"picked":"Blur","floor":37},{"not_picked":["Riddle With Holes","Masterful Stab+1"],"picked":"Infinite Blades+1","floor":38},{"not_picked":["PiercingWail+1","Noxious Fumes+1"],"picked":"Choke+1","floor":39},{"not_picked":["Outmaneuver","Blade Dance"],"picked":"Backflip+1","floor":41},{"not_picked":["Envenom","Bouncing Flask+1"],"picked":"Dash+1","floor":45},{"not_picked":["Madness","Blind"],"picked":"Master of Strategy","floor":46},{"not_picked":["Slice","Deflect+1"],"picked":"Blur+1","floor":48}],"player_experience":139135,"relics_obtained":[{"floor":7,"key":"Darkstone Periapt"},{"floor":26,"key":"Whetstone"},{"floor":41,"key":"Unceasing Top"},{"floor":43,"key":"Omamori"},{"floor":45,"key":"Tingsha"}],"event_choices":[{"damage_healed":0,"gold_gain":0,"player_choice":"Searched \u00271\u0027 times","damage_taken":0,"relics_obtained":["Tough Bandages"],"max_hp_gain":0,"max_hp_loss":0,"event_name":"Dead Adventurer","floor":10,"gold_loss":0},{"damage_healed":0,"gold_gain":0,"player_choice":"Trade","damage_taken":0,"relics_obtained":["SsserpentHead"],"max_hp_gain":0,"max_hp_loss":0,"event_name":"FaceTrader","floor":14,"gold_loss":0},{"damage_healed":0,"gold_gain":0,"player_choice":"Forge","damage_taken":0,"max_hp_gain":0,"max_hp_loss":0,"event_name":"Accursed Blacksmith","floor":21,"gold_loss":0,"cards_upgraded":["Cloak And Dagger"]},{"cards_removed":["Parasite"],"damage_healed":0,"gold_gain":0,"player_choice":"Removed Curses","damage_taken":0,"max_hp_gain":0,"max_hp_loss":0,"event_name":"Fountain of Cleansing","floor":42,"gold_loss":0},{"damage_healed":0,"gold_gain":0,"player_choice":"Memory 1","damage_taken":0,"max_hp_gain":0,"max_hp_loss":0,"event_name":"SensoryStone","floor":46,"gold_loss":0}],"is_beta":true,"boss_relics":[{"not_picked":["White Beast Statue","Empty Cage"],"picked":"Orrery"},{"not_picked":["Snecko Eye","Eternal Feather"],"picked":"Ring of the Serpent"}],"items_purged_floors":[3,44],"is_endless":false,"potions_floor_spawned":[1,5,8,18,19,20,24,38,41,45,48],"killed_by":"Donu and Deca","ascension_level":0}