{"gold_per_floor":[17,34,53,53,53,53,69,69,121,121,137,168,168,45,45,168,168,182,196,212,2,16,16,37,75,75,75,75,75,95,10,10,129,129,143,168,181,131,149,149,149,149,149,149,162,162,162,203,203,203],"floor_reached":51,"playtime":5072,"items_purged":["Strike_G","Strike_G","Strike_G"],"score":971,"play_id":"c73d5150-e29e-42d4-99e2-05e4e4855d6a","local_time":"20190902202536","is_ascension_mode":true,"campfire_choices":[{"floor":6.0,"key":"REST"},{"data":"Setup","floor":8.0,"key":"SMITH"},{"data":"Neutralize","floor":10.0,"key":"SMITH"},{"floor":15.0,"key":"REST"},{"floor":23.0,"key":"REST"},{"floor":27,"key":"REST"},{"floor":32,"key":"REST"},{"data":"Calculated Gamble","floor":40,"key":"SMITH"},{"data":"Madness","floor":46,"key":"SMITH"},{"data":"Prepared","floor":49,"key":"SMITH"}],"neow_cost":"NO_GOLD","seed_source_timestamp":12745447558731,"circlet_count":0,"master_deck":["Defend_G","Defend_G","Defend_G","Survivor","Neutralize+1","Backflip","Blur","Dagger Spray","Setup+1","Acrobatics","Calculated Gamble+1","Noxious Fumes","Corpse Explosion","Prepared+1","Escape Plan+1","Noxious Fumes","Finesse","Escape Plan","Outmaneuver+1","Backflip+1","Madness","Madness+1","Finesse"],"special_seed":0,"relics":["Ring of the Snake","Golden Idol","Smiling Mask","Oddly Smooth Stone","Juzu Bracelet","Torii","Cursed Key","Unceasing Top","Orichalcum","Coffee Dripper","NlothsMask","Prayer Wheel"],"potions_floor_usage":[25,30,33,33,42,42],"damage_taken":[{"damage":1.0,"enemies":"Jaw Worm","floor":1.0,"turns":7.0},{"damage":0.0,"enemies":"Cultist","floor":2.0,"turns":4.0},{"damage":0.0,"enemies":"2 Louse","floor":3.0,"turns":4.0},{"damage":0.0,"enemies":"Blue Slaver","floor":7.0,"turns":7.0},{"damage":0.0,"enemies":"Lots of Slimes","floor":11.0,"turns":3.0},{"damage":34.0,"enemies":"Gremlin Nob","floor":12.0,"turns":5.0},{"damage":15.0,"enemies":"The Guardian","floor":16.0,"turns":18.0},{"damage":30.0,"enemies":"Chosen","floor":18.0,"turns":8.0},{"damage":9.0,"enemies":"Shell Parasite","floor":19.0,"turns":7.0},{"damage":0.0,"enemies":"Snake Plant","floor":20.0,"turns":6.0},{"damage":1.0,"enemies":"Centurion and Healer","floor":22.0,"turns":7.0},{"damage":25.0,"enemies":"Snecko","floor":24.0,"turns":7.0},{"damage":1,"enemies":"Slavers","floor":25,"turns":2},{"damage":11,"enemies":"Sentry and Sphere","floor":30,"turns":7},{"damage":0,"enemies":"Automaton","floor":33,"turns":12},{"damage":0,"enemies":"3 Darklings","floor":35,"turns":4},{"damage":0,"enemies":"Orb Walker","floor":36,"turns":5},{"damage":18,"enemies":"Sphere and 2 Shapes","floor":37,"turns":7},{"damage":0,"enemies":"Spire Growth","floor":39,"turns":7},{"damage":0,"enemies":"Reptomancer","floor":42,"turns":2},{"damage":0,"enemies":"Jaw Worm Horde","floor":45,"turns":4},{"damage":0,"enemies":"Giant Head","floor":48,"turns":9},{"damage":31,"enemies":"Time Eater","floor":50,"turns":16}],"seed_played":"-1378409389767169256","potions_obtained":[{"floor":7.0,"key":"SteroidPotion"},{"floor":11.0,"key":"EssenceOfSteel"},{"floor":12.0,"key":"AttackPotion"},{"floor":19.0,"key":"AttackPotion"},{"floor":20.0,"key":"Poison Potion"},{"floor":25,"key":"EntropicBrew"},{"floor":37,"key":"AttackPotion"}],"is_trial":false,"path_per_floor":["M","M","M","?","?","R","M","R","T","R","M","E","T","$","R","B",null,"M","M","M","$","M","R","M","E","T","R","?","?","M","?","R","B",null,"M","M","M","$","M","R","?","E","T","?","M","R","?","E","R","B",null],"character_chosen":"THE_SILENT","items_purchased":["Noxious Fumes","Noxious Fumes","Finesse"],"campfire_rested":5,"item_purchase_floors":[14,21,21],"current_hp_per_floor":[69,69,69,52,19,40,40,40,40,40,40,6,6,6,27,12,56,26,17,17,17,16,37,12,11,11,32,32,32,21,21,42,42,63,63,63,45,45,45,45,45,45,45,36,36,36,36,36,36,5],"gold":203,"neow_bonus":"REMOVE_TWO","is_prod":false,"is_daily":false,"chose_seed":false,"campfire_upgraded":5,"win_rate":0,"timestamp":1567448736,"path_taken":["M","M","M","?","?","R","M","R","T","R","M","E","?","?","R","BOSS","M","M","M","$","M","R","M","E","T","R","?","?","M","?","R","BOSS","M","M","M","$","M","R","?","E","T","?","M","R","?","E","R","BOSS"],"build_version":"2019-07-17","purchased_purges":3,"victory":true,"max_hp_per_floor":[70,70,70,70,70,70,70,70,70,70,70,70,70,70,70,70,70,70,70,70,70,70,70,70,70,70,70,70,70,70,70,70,70,70,70,70,70,70,70,70,70,70,70,70,70,70,70,70,70,70],"card_choices":[{"not_picked":["Slice","Outmaneuver"],"picked":"Backflip","floor":1.0},{"not_picked":["Blade Dance","Outmaneuver"],"picked":"Blur","floor":2.0},{"not_picked":["Skewer","Bane"],"picked":"Dagger Spray","floor":3.0},{"not_picked":["Outmaneuver","Dagger Throw"],"picked":"Setup","floor":7.0},{"not_picked":["Underhanded Strike","Bane"],"picked":"Acrobatics","floor":11.0},{"not_picked":["Flechettes","Dagger Throw"],"picked":"Calculated Gamble","floor":12.0},{"not_picked":["Unload","Bullet Time"],"picked":"Corpse Explosion","floor":16.0},{"not_picked":["Dagger Spray","Slice"],"picked":"Prepared","floor":18.0},{"not_picked":["Dodge and Roll+1","Underhanded Strike"],"picked":"Escape Plan+1","floor":19.0},{"not_picked":["Quick Slash","Prepared","Skewer"],"picked":"SKIP","floor":20.0},{"not_picked":["Dagger Throw","Phantasmal Killer"],"picked":"Escape Plan","floor":22.0},{"not_picked":["Finisher+1","Sucker Punch","Cloak And Dagger"],"picked":"SKIP","floor":24.0},{"not_picked":["Riddle With Holes+1","Leg Sweep","Eviscerate+1"],"picked":"SKIP","floor":25},{"not_picked":["Riddle With Holes","Dodge and Roll","Finisher"],"picked":"SKIP","floor":30},{"not_picked":["Quick Slash","Eviscerate","Bane"],"picked":"SKIP","floor":35},{"not_picked":["Underhanded Strike+1","Slice+1"],"picked":"Outmaneuver+1","floor":36},{"not_picked":["Predator","Slice","Deadly Poison"],"picked":"SKIP","floor":37},{"not_picked":["Slice+1","Dodge and Roll+1"],"picked":"Backflip+1","floor":39},{"not_picked":["Riddle With Holes+1","Backflip","Acrobatics"],"picked":"SKIP","floor":45},{"not_picked":["Madness","Forethought"],"picked":"Finesse","floor":47},{"not_picked":["Predator+1","Backstab+1","Infinite Blades"],"picked":"SKIP","floor":48}],"player_experience":180325,"relics_obtained":[{"floor":9.0,"key":"Oddly Smooth Stone"},{"floor":12.0,"key":"Juzu Bracelet"},{"floor":13.0,"key":"Torii"},{"floor":25,"key":"Unceasing Top"},{"floor":48,"key":"Prayer Wheel"}],"event_choices":[{"damage_healed":0.0,"max_hp_gain":0.0,"max_hp_loss":0.0,"gold_gain":0.0,"event_name":"Golden Idol","player_choice":"Take Damage","floor":4.0,"gold_loss":0.0,"damage_taken":17.0,"relics_obtained":["Golden Idol"]},{"damage_healed":0.0,"max_hp_gain":0.0,"max_hp_loss":0.0,"gold_gain":0.0,"event_name":"Scrap Ooze","player_choice":"Success","floor":5.0,"gold_loss":0.0,"damage_taken":33.0,"relics_obtained":["Smiling Mask"]},{"cards_removed":["Defend_G"],"damage_healed":0,"gold_gain":0,"player_choice":"Purged","damage_taken":0,"max_hp_gain":0,"max_hp_loss":0,"event_name":"Purifier","floor":28,"gold_loss":0},{"cards_removed":["Strike_G"],"damage_healed":0,"gold_gain":0,"player_choice":"Elegance","damage_taken":0,"max_hp_gain":0,"max_hp_loss":0,"event_name":"Back to Basics","floor":29,"gold_loss":0},{"damage_healed":0,"gold_gain":0,"player_choice":"Obtained Relic","damage_taken":0,"relics_obtained":["Orichalcum"],"max_hp_gain":0,"max_hp_loss":0,"event_name":"Addict","floor":31,"gold_loss":85},{"damage_healed":0,"gold_gain":0,"player_choice":"Trade","damage_taken":0,"relics_obtained":["NlothsMask"],"max_hp_gain":0,"max_hp_loss":0,"event_name":"FaceTrader","floor":41,"gold_loss":0},{"damage_healed":0,"gold_gain":0,"player_choice":"Embrace Madness","damage_taken":9,"max_hp_gain":0,"max_hp_loss":0,"event_name":"Winding Halls","floor":44,"gold_loss":0,"cards_obtained":["Madness","Madness"]},{"damage_healed":0,"gold_gain":0,"player_choice":"Memory 1","damage_taken":0,"max_hp_gain":0,"max_hp_loss":0,"event_name":"SensoryStone","floor":47,"gold_loss":0}],"is_beta":false,"boss_relics":[{"not_picked":["WristBlade","Astrolabe"],"picked":"Cursed Key"},{"not_picked":["White Beast Statue","Velvet Choker"],"picked":"Coffee Dripper"}],"items_purged_floors":[14,21,38],"is_endless":false,"potions_floor_spawned":[7,11,12,19,20,25,37,42],"ascension_level":5}