{"gold_per_floor":[112,112,122,122,72,101,101,113,166,166,166,195,195,224,224,329,329,341,24,24,24,43,77,22,22,22,22,35,66,66,94,94,192,192,211,211,224,324,92,126,126,126,196,196,221,221,248,279,279,279],"floor_reached":50,"playtime":1664,"items_purged":["Clumsy","Strike_R+1"],"score":978,"play_id":"4fab1937-4e19-4ad7-8322-cff46c8817bc","local_time":"20190307115228","is_ascension_mode":true,"campfire_choices":[{"data":"Inflame","floor":7,"key":"SMITH"},{"floor":11,"key":"REST"},{"data":"Armaments","floor":13,"key":"SMITH"},{"floor":15,"key":"REST"},{"data":"Limit Break","floor":25,"key":"SMITH"},{"floor":27,"key":"REST"},{"data":"Inflame","floor":30,"key":"SMITH"},{"data":"True Grit","floor":32,"key":"SMITH"},{"floor":41,"key":"REST"},{"floor":44,"key":"REST"},{"floor":46,"key":"REST"},{"floor":49,"key":"REST"}],"neow_cost":"CURSE","seed_source_timestamp":1408986084599346,"circlet_count":0,"master_deck":["AscendersBane","Strike_R+1","Strike_R+1","Strike_R+1","Defend_R+1","Defend_R+1","Defend_R+1","Bash","Inflame+1","Armaments+1","True Grit+1","Spot Weakness","Bludgeon","Limit Break+1","Flame Barrier+1","Rage","Shrug It Off","Ghostly Armor","Sword Boomerang+1","Offering","Inflame+1","Clothesline+1","Headbutt","Impervious","Twin Strike+1","Disarm+1","Bludgeon","Limit Break+1","Dual Wield+1","Battle Trance"],"relics":["Burning Blood","Mango","Juzu Bracelet","WarpedTongs","Shuriken","Blood Vial","Darkstone Periapt","The Courier","Velvet Choker","Chemical X","WingedGreaves","Bottled Tornado","Red Mask","Gremlin Horn","Snecko Eye","StoneCalendar","DollysMirror","Lantern","Molten Egg 2","Sundial","Kunai","Dream Catcher"],"potions_floor_usage":[14,16,23,29,33,38,47,48,50],"damage_taken":[{"damage":9,"enemies":"2 Louse","floor":1,"turns":4},{"damage":9,"enemies":"Jaw Worm","floor":3,"turns":3},{"damage":35,"enemies":"Gremlin Nob","floor":6,"turns":5},{"damage":0,"enemies":"Cultist","floor":8,"turns":3},{"damage":30,"enemies":"3 Sentries","floor":12,"turns":10},{"damage":23,"enemies":"Lagavulin","floor":14,"turns":7},{"damage":49,"enemies":"Slime Boss","floor":16,"turns":13},{"damage":4,"enemies":"Chosen","floor":18,"turns":4},{"damage":0,"enemies":"Shell Parasite","floor":22,"turns":4},{"damage":31,"enemies":"Book of Stabbing","floor":23,"turns":6},{"damage":12,"enemies":"Shelled Parasite and Fungi","floor":28,"turns":5},{"damage":7,"enemies":"Masked Bandits","floor":29,"turns":3},{"damage":21,"enemies":"Gremlin Leader","floor":31,"turns":8},{"damage":51,"enemies":"Automaton","floor":33,"turns":7},{"damage":39,"enemies":"3 Shapes","floor":35,"turns":5},{"damage":6,"enemies":"Orb Walker","floor":37,"turns":2},{"damage":6,"enemies":"Mind Bloom Boss Battle","floor":38,"turns":4},{"damage":36,"enemies":"Giant Head","floor":40,"turns":6},{"damage":37,"enemies":"Nemesis","floor":45,"turns":3},{"damage":31,"enemies":"Reptomancer","floor":47,"turns":4},{"damage":47,"enemies":"Giant Head","floor":48,"turns":6},{"damage":52,"enemies":"Awakened One","floor":50,"turns":5}],"seed_played":"-6688388594203970595","potions_obtained":[{"floor":3,"key":"Strength Potion"},{"floor":8,"key":"Block Potion"},{"floor":16,"key":"Dexterity Potion"},{"floor":22,"key":"Explosive Potion"},{"floor":29,"key":"Strength Potion"},{"floor":31,"key":"SneckoOil"},{"floor":33,"key":"Strength Potion"},{"floor":47,"key":"SteroidPotion"},{"floor":48,"key":"AttackPotion"}],"is_trial":false,"path_per_floor":["M","?","M","?","?","E","R","M","T","?","R","E","R","E","R","B",null,"M","$","?","?","M","E","$","R","T","R","M","?","R","E","R","B",null,"M","?","M","?","$","E","R","?","T","R","E","R","E","E","R","B"],"character_chosen":"IRONCLAD","items_purchased":["Chemical X","Rage","Shrug It Off","Inflame","DollysMirror"],"campfire_rested":7,"item_purchase_floors":[19,19,19,24,39],"current_hp_per_floor":[83,80,77,77,77,48,48,54,54,35,63,41,41,26,54,13,74,78,78,78,78,86,63,63,63,63,91,87,88,88,75,75,32,79,48,48,50,52,52,24,52,52,52,80,51,79,56,17,45,0],"gold":279,"neow_bonus":"ONE_RARE_RELIC","is_prod":false,"is_daily":false,"chose_seed":false,"campfire_upgraded":5,"win_rate":0,"timestamp":1551977548,"path_taken":["M","?","M","?","?","E","R","M","T","?","R","E","R","E","R","BOSS","M","$","?","?","M","E","$","R","T","R","M","?","R","E","R","BOSS","M","?","M","?","$","E","R","?","T","R","E","R","E","E","R","BOSS"],"build_version":"2019-01-23","purchased_purges":2,"victory":false,"max_hp_per_floor":[94,94,94,94,94,94,94,94,94,94,94,94,94,94,94,94,94,94,94,94,94,94,94,94,94,94,94,94,94,94,94,94,94,94,94,94,94,94,94,94,94,94,94,94,94,94,94,94,94,94],"card_choices":[{"not_picked":["Uppercut","Cleave"],"picked":"Inflame","floor":1},{"not_picked":["Pommel Strike","Perfected Strike"],"picked":"Armaments","floor":3},{"not_picked":["Armaments","Wild Strike"],"picked":"True Grit","floor":6},{"not_picked":["Flame Barrier","Havoc"],"picked":"Spot Weakness","floor":8},{"not_picked":["Wild Strike","Seeing Red","Clash"],"picked":"SKIP","floor":12},{"not_picked":["Flex","Hemokinesis"],"picked":"Bludgeon","floor":14},{"not_picked":["Impervious","Berserk"],"picked":"Limit Break","floor":16},{"not_picked":["Reckless Charge","Anger+1"],"picked":"Flame Barrier+1","floor":18},{"not_picked":["Clash","Rampage"],"picked":"Sword Boomerang+1","floor":22},{"not_picked":["Warcry","Disarm"],"picked":"Offering","floor":23},{"not_picked":["Warcry","Cleave"],"picked":"Clothesline+1","floor":28},{"not_picked":["Rupture","Ghostly Armor"],"picked":"Headbutt","floor":31},{"not_picked":["Juggernaut","Berserk"],"picked":"Impervious","floor":33},{"not_picked":["Body Slam+1","Evolve"],"picked":"Twin Strike+1","floor":35},{"not_picked":["Anger","Perfected Strike"],"picked":"Disarm+1","floor":37},{"not_picked":["Shrug It Off","Thunderclap+1"],"picked":"Bludgeon","floor":38},{"not_picked":["Corruption+1","Heavy Blade"],"picked":"Dual Wield+1","floor":40},{"not_picked":["Juggernaut","Sentinel+1"],"picked":"Battle Trance","floor":45},{"not_picked":["Dropkick+1","True Grit+1","Thunderclap+1"],"picked":"SKIP","floor":47},{"not_picked":["Armaments+1","Headbutt+1","Pommel Strike+1"],"picked":"SKIP","floor":48}],"player_experience":177127,"relics_obtained":[{"floor":6,"key":"Shuriken"},{"floor":9,"key":"Blood Vial"},{"floor":12,"key":"Darkstone Periapt"},{"floor":14,"key":"The Courier"},{"floor":23,"key":"WingedGreaves"},{"floor":26,"key":"Bottled Tornado"},{"floor":29,"key":"Red Mask"},{"floor":31,"key":"Gremlin Horn"},{"floor":38,"key":"StoneCalendar"},{"floor":40,"key":"Lantern"},{"floor":43,"key":"Molten Egg 2"},{"floor":45,"key":"Sundial"},{"floor":47,"key":"Kunai"},{"floor":48,"key":"Dream Catcher"}],"event_choices":[{"damage_healed":0,"gold_gain":0,"player_choice":"Success","damage_taken":3,"relics_obtained":["Juzu Bracelet"],"max_hp_gain":0,"max_hp_loss":0,"event_name":"Scrap Ooze","floor":2,"gold_loss":0},{"damage_healed":0,"gold_gain":0,"player_choice":"Rummage","damage_taken":0,"relics_obtained":["WarpedTongs"],"max_hp_gain":0,"max_hp_loss":0,"event_name":"Accursed Blacksmith","floor":4,"gold_loss":0,"cards_obtained":["Pain"]},{"cards_removed":["Pain"],"damage_healed":0,"gold_gain":0,"player_choice":"Card Removal","damage_taken":0,"max_hp_gain":0,"max_hp_loss":0,"event_name":"The Cleric","floor":5,"gold_loss":50},{"damage_healed":0,"gold_gain":0,"player_choice":"Entered Light","damage_taken":19,"max_hp_gain":0,"max_hp_loss":0,"event_name":"Shining Light","floor":10,"gold_loss":0,"cards_upgraded":["Strike_R","Defend_R"]},{"damage_healed":0,"gold_gain":0,"cards_transformed":["Strike_R"],"player_choice":"Transformed","damage_taken":0,"max_hp_gain":0,"max_hp_loss":0,"event_name":"Transmorgrifier","floor":20,"gold_loss":0,"cards_obtained":["Ghostly Armor"]},{"damage_healed":0,"gold_gain":0,"player_choice":"Simplicity","damage_taken":0,"max_hp_gain":0,"max_hp_loss":0,"event_name":"Back to Basics","floor":21,"gold_loss":0,"cards_upgraded":["Strike_R","Strike_R","Strike_R","Defend_R","Defend_R","Defend_R"]},{"damage_healed":0,"gold_gain":0,"player_choice":"Fought Bandits","damage_taken":0,"max_hp_gain":0,"max_hp_loss":0,"event_name":"Masked Bandits","floor":29,"gold_loss":0},{"cards_removed":["Defend_R"],"damage_healed":0,"gold_gain":0,"player_choice":"Removed Skill","damage_taken":0,"max_hp_gain":0,"max_hp_loss":0,"event_name":"Falling","floor":36,"gold_loss":0},{"damage_healed":0,"gold_gain":0,"player_choice":"Fight","damage_taken":0,"max_hp_gain":0,"max_hp_loss":0,"event_name":"MindBloom","floor":38,"gold_loss":0},{"damage_healed":0,"gold_gain":0,"player_choice":"Memory 1","damage_taken":0,"max_hp_gain":0,"max_hp_loss":0,"event_name":"SensoryStone","floor":42,"gold_loss":0}],"is_beta":false,"boss_relics":[{"not_picked":["Tiny House","Eternal Feather"],"picked":"Velvet Choker"},{"not_picked":["Orrery","Sozu"],"picked":"Snecko Eye"}],"items_purged_floors":[19,39],"is_endless":false,"potions_floor_spawned":[3,8,16,22,29,31,33,47,48],"killed_by":"Awakened One","ascension_level":11}