{"gold_per_floor":[12,31,50,62,76,76,86,86,112,177,177],"floor_reached":11,"playtime":399,"items_purged":[],"score":134,"play_id":"d18a42d1-7294-440e-a168-857769c3dc9a","local_time":"20190720221203","is_ascension_mode":true,"campfire_choices":[{"data":"Defragment","floor":6,"key":"SMITH"},{"data":"Zap","floor":8,"key":"SMITH"}],"neow_cost":"NO_GOLD","seed_source_timestamp":653707074910149,"circlet_count":0,"master_deck":["AscendersBane","Strike_B","Strike_B","Strike_B","Strike_B","Defend_B","Defend_B","Defend_B","Defend_B","Zap+1","Dualcast","Hologram","White Noise","Defragment+1","FTL","Leap","Stack","Cold Snap"],"relics":["Cracked Core","Bronze Scales","Orichalcum"],"potions_floor_usage":[10,11],"damage_taken":[{"damage":1,"enemies":"Cultist","floor":1,"turns":3},{"damage":0,"enemies":"2 Louse","floor":2,"turns":4},{"damage":11,"enemies":"Small Slimes","floor":3,"turns":4},{"damage":8,"enemies":"Looter","floor":4,"turns":3},{"damage":6,"enemies":"Blue Slaver","floor":5,"turns":5},{"damage":12,"enemies":"3 Louse","floor":7,"turns":5},{"damage":33,"enemies":"Lagavulin Event","floor":10,"turns":5},{"damage":8,"enemies":"Large Slime","floor":11,"turns":1}],"seed_played":"-7642971153750269308","potions_obtained":[{"floor":4,"key":"Fire Potion"},{"floor":5,"key":"Strength Potion"}],"is_trial":false,"path_per_floor":["M","M","M","M","M","R","M","R","T","?","M"],"character_chosen":"DEFECT","items_purchased":[],"campfire_rested":0,"item_purchase_floors":[],"current_hp_per_floor":[77,77,66,58,52,52,40,40,40,7,0],"gold":177,"neow_bonus":"TWENTY_PERCENT_HP_BONUS","is_prod":false,"is_daily":false,"chose_seed":false,"campfire_upgraded":2,"win_rate":0,"timestamp":1563685923,"path_taken":["M","M","M","M","M","R","?","R","T","?","M"],"build_version":"2019-07-18","purchased_purges":0,"victory":false,"max_hp_per_floor":[85,85,85,85,85,85,85,85,85,85,85],"card_choices":[{"not_picked":["Steam","Hello World"],"picked":"Hologram","floor":1},{"not_picked":["Redo","Heatsinks"],"picked":"White Noise","floor":2},{"not_picked":["Coolheaded","Force Field"],"picked":"Defragment","floor":3},{"not_picked":["Recycle","Blizzard"],"picked":"FTL","floor":4},{"not_picked":["Fusion","Turbo"],"picked":"Leap","floor":5},{"not_picked":["Sweeping Beam","Redo"],"picked":"Stack","floor":7},{"not_picked":["Recycle","Undo"],"picked":"Cold Snap","floor":10}],"player_experience":2833774,"relics_obtained":[{"floor":9,"key":"Bronze Scales"},{"floor":10,"key":"Orichalcum"}],"event_choices":[{"damage_healed":0,"gold_gain":0,"player_choice":"Searched \u00271\u0027 times","damage_taken":0,"max_hp_gain":0,"max_hp_loss":0,"event_name":"Dead Adventurer","floor":10,"gold_loss":0}],"is_beta":true,"boss_relics":[],"items_purged_floors":[],"is_endless":false,"potions_floor_spawned":[4,5,7],"killed_by":"Large Slime","ascension_level":20}