{"gold_per_floor":[20,39,53,53,128,162,162,203,203,3,3,3,21,21,21,115,115,135,158,73,91,91,91,115,115,115,115,188,231,250,250,250,346,346,366,366,148,148,168,203,203,218,266,24,44,44,60,60,60,60],"floor_reached":51,"playtime":1554,"items_purged":["Writhe"],"score":1219,"play_id":"44140fe9-41ca-47be-8c9c-d2fc1855bd57","local_time":"20190329140237","is_ascension_mode":true,"campfire_choices":[{"data":"Zap","floor":7.0,"key":"SMITH"},{"floor":12.0,"key":"REST"},{"data":"Darkness","floor":15.0,"key":"SMITH"},{"floor":23.0,"key":"REST"},{"data":"Loop","floor":25.0,"key":"SMITH"},{"floor":27.0,"key":"REST"},{"floor":32.0,"key":"REST"},{"floor":41.0,"key":"REST"},{"floor":46,"key":"REST"},{"floor":49,"key":"REST"}],"neow_cost":"NO_GOLD","seed_source_timestamp":0,"circlet_count":0,"master_deck":["AscendersBane","Defend_B","Defend_B","Defend_B","Defend_B","Zap+1","Dualcast","Sweeping Beam","Undo","Undo","Defragment+1","Darkness+1","Echo Form","Steam Power+1","Amplify+1","All For One+1","Doom and Gloom","Conserve Battery","Stack+1","Hologram+1","Loop+1","White Noise","Glacier","Multi-Cast","Force Field+1","Self Repair","Coolheaded","Capacitor+1","Multi-Cast","All For One","Magnetism"],"special_seed":0,"relics":["Cracked Core","Golden Idol","Prayer Wheel","Pantograph","Symbiotic Virus","Strange Spoon","Astrolabe","StoneCalendar","Enchiridion","Darkstone Periapt","Question Card","Sundial","Dodecahedron","Snecko Eye","DataDisk","Lantern","Omamori","Runic Capacitor"],"potions_floor_usage":[45,45],"damage_taken":[{"damage":1.0,"enemies":"Cultist","floor":1.0,"turns":3.0},{"damage":2.0,"enemies":"Jaw Worm","floor":2.0,"turns":3.0},{"damage":2.0,"enemies":"Small Slimes","floor":3.0,"turns":3.0},{"damage":21.0,"enemies":"Lagavulin","floor":6.0,"turns":8.0},{"damage":22.0,"enemies":"Gremlin Nob","floor":8.0,"turns":4.0},{"damage":8.0,"enemies":"Blue Slaver","floor":13.0,"turns":3.0},{"damage":25.0,"enemies":"Slime Boss","floor":16.0,"turns":5.0},{"damage":1.0,"enemies":"Spheric Guardian","floor":18.0,"turns":3.0},{"damage":17.0,"enemies":"Shell Parasite","floor":19.0,"turns":5.0},{"damage":10.0,"enemies":"Snake Plant","floor":21.0,"turns":4.0},{"damage":13.0,"enemies":"Chosen and Byrds","floor":24.0,"turns":5.0},{"damage":42.0,"enemies":"Slavers","floor":29.0,"turns":6.0},{"damage":12.0,"enemies":"Sentry and Sphere","floor":30.0,"turns":7.0},{"damage":68.0,"enemies":"Automaton","floor":33.0,"turns":7.0},{"damage":0.0,"enemies":"3 Shapes","floor":35.0,"turns":3.0},{"damage":24.0,"enemies":"3 Darklings","floor":39.0,"turns":4.0},{"damage":18.0,"enemies":"Giant Head","floor":40.0,"turns":6.0},{"damage":45.0,"enemies":"Sphere and 2 Shapes","floor":42.0,"turns":6.0},{"damage":30,"enemies":"4 Shapes","floor":45,"turns":4},{"damage":18,"enemies":"3 Darklings","floor":47,"turns":3},{"damage":46,"enemies":"Donu and Deca","floor":50,"turns":10}],"seed_played":"-54210486674657107","potions_obtained":[{"floor":2.0,"key":"LiquidBronze"},{"floor":8.0,"key":"Fire Potion"},{"floor":13.0,"key":"PowerPotion"},{"floor":16.0,"key":"SpeedPotion"},{"floor":30.0,"key":"EntropicBrew"},{"floor":42.0,"key":"Swift Potion"},{"floor":45,"key":"Poison Potion"}],"is_trial":false,"path_per_floor":["M","M","M","?","?","E","R","E","T","$","?","R","M","?","R","B",null,"M","M","?","M","?","R","M","R","T","R","T","E","M","?","R","B",null,"M","?","$","?","M","E","R","M","T","$","M","R","M","?","R","B",null],"character_chosen":"DEFECT","items_purchased":["Strange Spoon","DataDisk","Runic Capacitor","Swift Potion"],"campfire_rested":7,"item_purchase_floors":[10,37,44,44],"current_hp_per_floor":[81,79,77,55,44,23,23,1,1,1,1,27,19,19,19,19,72,71,54,54,44,28,54,41,41,41,67,67,25,13,19,47,4,72,72,72,72,72,48,37,65,34,34,34,4,32,14,14,42,35],"gold":60,"neow_bonus":"TWENTY_PERCENT_HP_BONUS","is_prod":false,"is_daily":false,"chose_seed":false,"campfire_upgraded":3,"win_rate":0,"timestamp":1553882557,"path_taken":["M","M","?","?","?","E","R","E","T","?","?","R","M","?","R","BOSS","M","?","?","M","?","R","M","R","T","R","?","E","M","?","R","BOSS","M","?","$","?","M","E","R","M","T","$","?","R","M","?","R","BOSS"],"build_version":"2019-01-23","purchased_purges":1,"victory":true,"max_hp_per_floor":[89,89,89,89,89,89,89,89,89,89,89,89,89,89,89,89,89,89,89,89,89,89,89,89,89,89,89,89,89,89,95,95,95,95,95,95,95,95,95,95,95,95,95,95,95,95,95,95,95,95],"card_choices":[{"not_picked":["Stack","Streamline"],"picked":"Sweeping Beam","floor":1.0},{"not_picked":["Leap","Turbo"],"picked":"Undo","floor":2.0},{"not_picked":["Loop","Coolheaded"],"picked":"FTL","floor":3.0},{"not_picked":["Melter","Turbo"],"picked":"Undo","floor":6.0},{"not_picked":["Stack","Tempest","Streamline"],"picked":"SKIP","floor":8.0},{"not_picked":["Undo","Steam"],"picked":"Defragment","floor":13.0},{"not_picked":["Undo","Streamline"],"picked":"Darkness","floor":13.0},{"not_picked":["Thunder Strike","Creative AI"],"picked":"Echo Form","floor":16.0},{"not_picked":["Storm","Streamline"],"picked":"Doom and Gloom","floor":18.0},{"not_picked":["Doom and Gloom","Skim"],"picked":"Conserve Battery","floor":18.0},{"not_picked":["Conserve Battery","Coolheaded"],"picked":"Stack+1","floor":19.0},{"not_picked":["Stack","Blizzard","Storm"],"picked":"SKIP","floor":19.0},{"not_picked":["Aggregate","Turbo"],"picked":"Hologram+1","floor":21.0},{"not_picked":["Turbo","Chaos"],"picked":"Loop","floor":21.0},{"not_picked":["Go for the Eyes","Barrage","Reprogram+1"],"picked":"SKIP","floor":24.0},{"not_picked":["Streamline","Go for the Eyes","Conserve Battery"],"picked":"SKIP","floor":24.0},{"not_picked":["Multi-Cast","Steam Power","Melter"],"picked":"White Noise","floor":29.0},{"not_picked":["Streamline","Loop","Gash"],"picked":"Glacier","floor":30.0},{"not_picked":["Beam Cell","Turbo","Stack","Conserve Battery"],"picked":"SKIP","floor":30.0},{"not_picked":["Hyperbeam","Buffer","Fission"],"picked":"Multi-Cast","floor":33.0},{"not_picked":["Static Discharge+1","Defragment+1","Ball Lightning"],"picked":"Force Field+1","floor":35.0},{"not_picked":["Streamline","Redo","Leap","Rebound"],"picked":"SKIP","floor":35.0},{"not_picked":["Skim+1","Hologram","Creative AI"],"picked":"Self Repair","floor":39.0},{"not_picked":["Coolheaded","Conserve Battery","Consume","Go for the Eyes"],"picked":"SKIP","floor":39.0},{"not_picked":["Darkness","Genetic Algorithm","Conserve Battery","Go for the Eyes+1"],"picked":"SKIP","floor":40.0},{"not_picked":["Ball Lightning","Redo","Defragment"],"picked":"Coolheaded","floor":42.0},{"not_picked":["Gash+1","Leap+1","Streamline"],"picked":"Capacitor+1","floor":42.0},{"not_picked":["White Noise","Leap","Scrape"],"picked":"Multi-Cast","floor":45},{"not_picked":["Steam+1","Darkness","Aggregate","Redo"],"picked":"SKIP","floor":45},{"not_picked":["Auto Shields","Rip and Tear","Turbo"],"picked":"All For One","floor":47},{"not_picked":["Beam Cell+1","Auto Shields+1","Redo","Go for the Eyes"],"picked":"SKIP","floor":47},{"not_picked":["Trip","Impatience","Discovery"],"picked":"Magnetism","floor":48}],"player_experience":225577,"relics_obtained":[{"floor":6.0,"key":"Prayer Wheel"},{"floor":8.0,"key":"Pantograph"},{"floor":9.0,"key":"Symbiotic Virus"},{"floor":22.0,"key":"Enchiridion"},{"floor":26.0,"key":"Darkstone Periapt"},{"floor":28.0,"key":"Question Card"},{"floor":29.0,"key":"Sundial"},{"floor":40.0,"key":"Lantern"},{"floor":43.0,"key":"Omamori"}],"event_choices":[{"damage_healed":0.0,"max_hp_gain":0.0,"max_hp_loss":0.0,"gold_gain":0.0,"event_name":"Golden Idol","player_choice":"Take Damage","floor":4.0,"gold_loss":0.0,"damage_taken":22.0,"relics_obtained":["Golden Idol"]},{"damage_healed":0.0,"max_hp_gain":0.0,"max_hp_loss":0.0,"gold_gain":75.0,"event_name":"World of Goop","player_choice":"Gather Gold","floor":5.0,"gold_loss":0.0,"damage_taken":11.0},{"damage_healed":0.0,"max_hp_gain":0.0,"max_hp_loss":0.0,"gold_gain":0.0,"event_name":"Liars Game","player_choice":"Ignored","floor":11.0,"gold_loss":0.0,"damage_taken":0.0},{"damage_healed":0.0,"max_hp_gain":0.0,"max_hp_loss":0.0,"gold_gain":0.0,"event_name":"Upgrade Shrine","player_choice":"Upgraded","floor":14.0,"gold_loss":0.0,"damage_taken":0.0,"cards_upgraded":["Defragment"]},{"damage_healed":0.0,"max_hp_gain":0.0,"max_hp_loss":0.0,"gold_gain":0.0,"event_name":"Addict","player_choice":"Obtained Relic","floor":20.0,"gold_loss":85.0,"damage_taken":0.0,"relics_obtained":["StoneCalendar"]},{"damage_healed":0.0,"max_hp_gain":0.0,"max_hp_loss":0.0,"gold_gain":0.0,"event_name":"Cursed Tome","player_choice":"Obtained Book","floor":22.0,"gold_loss":0.0,"damage_taken":16.0},{"damage_healed":0.0,"max_hp_gain":0.0,"max_hp_loss":0.0,"gold_gain":0.0,"event_name":"The Mausoleum","player_choice":"Opened","floor":31.0,"gold_loss":0.0,"damage_taken":0.0,"relics_obtained":["Dodecahedron"],"cards_obtained":["Writhe"]},{"cards_removed":["FTL"],"damage_healed":0.0,"max_hp_gain":0.0,"max_hp_loss":0.0,"gold_gain":0.0,"event_name":"Falling","player_choice":"Removed Attack","floor":36.0,"gold_loss":0.0,"damage_taken":0.0},{"cards_removed":["Strike_B"],"damage_healed":0.0,"max_hp_gain":0.0,"max_hp_loss":0.0,"gold_gain":0.0,"event_name":"Purifier","player_choice":"Purged","floor":38.0,"gold_loss":0.0,"damage_taken":0.0},{"damage_healed":0,"gold_gain":0,"player_choice":"Memory 1","damage_taken":0,"max_hp_gain":0,"max_hp_loss":0,"event_name":"SensoryStone","floor":48,"gold_loss":0}],"is_beta":false,"boss_relics":[{"not_picked":["Calling Bell","Velvet Choker"],"picked":"Astrolabe"},{"not_picked":["Lizard Tail","Runic Dome"],"picked":"Snecko Eye"}],"items_purged_floors":[37],"is_endless":false,"potions_floor_spawned":[2,8,13,16,19,30,42,45],"ascension_level":13}