{"gold_per_floor":[364,378,378,553,569,569,609,5,5,24,40,40,56,72,72,72],"floor_reached":16,"playtime":559,"items_purged":["Doubt"],"score":151,"play_id":"5756848f-13c7-48c2-a8a6-31a526443207","local_time":"20190226092932","is_ascension_mode":true,"campfire_choices":[{"data":"Cloak And Dagger","floor":6,"key":"SMITH"},{"data":"Footwork","floor":12,"key":"SMITH"},{"data":"Cloak And Dagger","floor":15,"key":"SMITH"}],"neow_cost":"TEN_PERCENT_HP_LOSS","seed_source_timestamp":623879449798755,"circlet_count":0,"master_deck":["Defend_G","Defend_G","Defend_G","Defend_G","Defend_G","Strike_G","Strike_G","Strike_G","Strike_G","Strike_G","Survivor","Neutralize","Dagger Spray","Cloak And Dagger+1","Cloak And Dagger+1","Leg Sweep","Well Laid Plans","Predator","Blind","Footwork+1","Backstab","Dash"],"relics":["Ring of the Snake","Golden Idol","Turnip","Gremlin Horn","Darkstone Periapt"],"potions_floor_usage":[5,14],"damage_taken":[{"damage":2,"enemies":"Small Slimes","floor":1,"turns":5},{"damage":0,"enemies":"2 Louse","floor":2,"turns":3},{"damage":0,"enemies":"Jaw Worm","floor":5,"turns":6},{"damage":21,"enemies":"3 Sentries","floor":7,"turns":9},{"damage":0,"enemies":"Blue Slaver","floor":10,"turns":5},{"damage":0,"enemies":"Exordium Thugs","floor":11,"turns":5},{"damage":0,"enemies":"2 Fungi Beasts","floor":13,"turns":3},{"damage":0,"enemies":"Large Slime","floor":14,"turns":4},{"damage":25,"enemies":"Hexaghost","floor":16,"turns":16}],"seed_played":"-2963304493613297109","potions_obtained":[{"floor":2,"key":"SkillPotion"},{"floor":13,"key":"Fire Potion"}],"is_trial":false,"path_per_floor":["M","M","?","?","M","R","E","$","T","M","M","R","M","M","R","B"],"character_chosen":"THE_SILENT","items_purchased":["Leg Sweep","Gremlin Horn","Well Laid Plans","Predator","Blind"],"campfire_rested":0,"item_purchase_floors":[8,8,8,8,8],"current_hp_per_floor":[61,61,46,46,46,46,25,25,25,25,25,25,25,25,25,0],"gold":72,"neow_bonus":"TWO_FIFTY_GOLD","is_prod":false,"is_daily":false,"chose_seed":false,"campfire_upgraded":3,"win_rate":0,"timestamp":1551191372,"path_taken":["M","M","?","?","M","R","E","$","T","M","M","R","M","M","R","BOSS"],"build_version":"2019-01-23","purchased_purges":1,"victory":false,"max_hp_per_floor":[63,63,63,63,63,63,63,63,63,63,63,63,63,63,63,63],"card_choices":[{"not_picked":["Dagger Throw","Terror"],"picked":"Dagger Spray","floor":1},{"not_picked":["Dagger Spray","Setup","Underhanded Strike"],"picked":"SKIP","floor":2},{"not_picked":["Bane","Deadly Poison"],"picked":"Cloak And Dagger","floor":5},{"not_picked":["Quick Slash","Doppelganger"],"picked":"Cloak And Dagger","floor":7},{"not_picked":["Sucker Punch","Crippling Poison"],"picked":"Footwork","floor":10},{"not_picked":["Underhanded Strike","Outmaneuver","Bane"],"picked":"SKIP","floor":11},{"not_picked":["Deflect","Escape Plan"],"picked":"Backstab","floor":13},{"not_picked":["Concentrate","Sucker Punch"],"picked":"Dash","floor":14}],"player_experience":141659,"relics_obtained":[{"floor":7,"key":"Turnip"},{"floor":9,"key":"Darkstone Periapt"}],"event_choices":[{"damage_healed":0,"gold_gain":0,"player_choice":"Take Damage","damage_taken":15,"relics_obtained":["Golden Idol"],"max_hp_gain":0,"max_hp_loss":0,"event_name":"Golden Idol","floor":3,"gold_loss":0},{"damage_healed":0,"gold_gain":175,"player_choice":"AGREE","damage_taken":0,"max_hp_gain":0,"max_hp_loss":0,"event_name":"Liars Game","floor":4,"gold_loss":0,"cards_obtained":["Doubt"]}],"is_beta":false,"boss_relics":[],"items_purged_floors":[8],"is_endless":false,"potions_floor_spawned":[2,13],"killed_by":"Hexaghost","ascension_level":9}