{"gold_per_floor":[111,131,131,149,149,149,189,204,256,256,274,274,274],"floor_reached":13,"playtime":298,"items_purged":[],"score":170,"play_id":"2daafa08-ac5b-4b09-b527-3f6aea2a95cf","local_time":"20190817165620","is_ascension_mode":true,"campfire_choices":[{"floor":6,"key":"REST"},{"data":"Bash","floor":12,"key":"SMITH"}],"neow_cost":"TEN_PERCENT_HP_LOSS","seed_source_timestamp":67622339609889,"circlet_count":0,"master_deck":["AscendersBane","Strike_R","Strike_R","Strike_R+1","Defend_R","Defend_R","Defend_R","Defend_R","Bash+1","Bludgeon+1","Dark Embrace","Rage","Shrug It Off","Armaments","Immolate"],"relics":["Burning Blood","Golden Idol","Bottled Flame","Art of War"],"potions_floor_usage":[4,7,13],"damage_taken":[{"damage":6,"enemies":"2 Louse","floor":1,"turns":3},{"damage":11,"enemies":"Small Slimes","floor":2,"turns":4},{"damage":0,"enemies":"Jaw Worm","floor":4,"turns":2},{"damage":27,"enemies":"3 Sentries","floor":7,"turns":7},{"damage":3,"enemies":"Blue Slaver","floor":8,"turns":5},{"damage":13,"enemies":"Large Slime","floor":11,"turns":6},{"damage":29,"enemies":"Gremlin Nob","floor":13,"turns":3}],"seed_played":"-7165021153018929932","potions_obtained":[{"floor":2,"key":"Block Potion"},{"floor":4,"key":"GamblersBrew"},{"floor":7,"key":"Dexterity Potion"}],"is_trial":false,"path_per_floor":["M","M","?","M","?","R","E","M","T","?","M","R","E"],"character_chosen":"IRONCLAD","items_purchased":[],"campfire_rested":1,"item_purchase_floors":[],"current_hp_per_floor":[68,63,40,46,26,46,25,28,28,28,21,21,0],"gold":274,"neow_bonus":"TRANSFORM_TWO_CARDS","is_prod":false,"is_daily":false,"chose_seed":false,"campfire_upgraded":1,"win_rate":0,"timestamp":1566075380,"path_taken":["M","M","?","M","?","R","E","M","T","?","?","R","E"],"build_version":"2019-07-17","purchased_purges":0,"victory":false,"max_hp_per_floor":[68,68,68,68,68,68,68,68,68,68,68,68,68],"card_choices":[{"not_picked":["Cleave","Evolve"],"picked":"Rage","floor":1},{"not_picked":["Corruption","Flex"],"picked":"Shrug It Off","floor":2},{"not_picked":["Body Slam","Thunderclap","Heavy Blade"],"picked":"SKIP","floor":4},{"not_picked":["Sword Boomerang","Fire Breathing"],"picked":"Armaments","floor":7},{"not_picked":["Wild Strike","Combust"],"picked":"Immolate","floor":8},{"not_picked":["Twin Strike","Body Slam","Perfected Strike"],"picked":"SKIP","floor":11}],"player_experience":565388,"relics_obtained":[{"floor":7,"key":"Bottled Flame"},{"floor":9,"key":"Art of War"}],"event_choices":[{"damage_healed":0,"gold_gain":0,"player_choice":"Take Damage","damage_taken":23,"relics_obtained":["Golden Idol"],"max_hp_gain":0,"max_hp_loss":0,"event_name":"Golden Idol","floor":3,"gold_loss":0},{"damage_healed":0,"gold_gain":0,"player_choice":"Entered Light","damage_taken":20,"max_hp_gain":0,"max_hp_loss":0,"event_name":"Shining Light","floor":5,"gold_loss":0,"cards_upgraded":["Strike_R","Bludgeon"]},{"damage_healed":0,"gold_gain":0,"player_choice":"Ignored","damage_taken":0,"max_hp_gain":0,"max_hp_loss":0,"event_name":"Liars Game","floor":10,"gold_loss":0}],"is_beta":false,"boss_relics":[],"items_purged_floors":[],"is_endless":false,"potions_floor_spawned":[2,4,7],"killed_by":"Gremlin Nob","ascension_level":20}