{"gold_per_floor":[367,367,382,382,394,728,728,743,812,812,830,37,37,49,49,145,145,157,9,29,0,19,219,219,41,87,87],"floor_reached":27,"playtime":681,"items_purged":["Decay","Strike_B"],"score":358,"play_id":"20b9894f-6635-407c-85f3-053a2f476b7e","local_time":"20190223150310","is_ascension_mode":true,"campfire_choices":[{"data":"Sunder","floor":7.0,"key":"SMITH"},{"floor":10.0,"key":"REST"},{"data":"Zap","floor":15.0,"key":"SMITH"},{"floor":24,"key":"REST"}],"neow_cost":"CURSE","seed_source_timestamp":0,"circlet_count":0,"master_deck":["Strike_B","Strike_B","Strike_B","Defend_B","Defend_B","Defend_B","Defend_B","Zap+1","Dualcast","Consume","White Noise+1","Sunder+1","Loop","Loop","Seek","Electrodynamics","Gash+1","Coolheaded","Hologram","Double Energy","Go for the Eyes+1","Self Repair"],"special_seed":0,"relics":["Cracked Core","Old Coin","Blue Candle","Lee\u0027s Waffle","Symbiotic Virus","Inserter","Anchor"],"potions_floor_usage":[20,22],"damage_taken":[{"damage":2.0,"enemies":"Jaw Worm","floor":1.0,"turns":5.0},{"damage":8.0,"enemies":"Cultist","floor":3.0,"turns":4.0},{"damage":0.0,"enemies":"Small Slimes","floor":5.0,"turns":4.0},{"damage":42.0,"enemies":"3 Sentries","floor":6.0,"turns":6.0},{"damage":22.0,"enemies":"Exordium Wildlife","floor":8.0,"turns":5.0},{"damage":16.0,"enemies":"3 Louse","floor":11.0,"turns":4.0},{"damage":11.0,"enemies":"Blue Slaver","floor":14.0,"turns":4.0},{"damage":55.0,"enemies":"Hexaghost","floor":16.0,"turns":9.0},{"damage":22.0,"enemies":"3 Byrds","floor":18.0,"turns":3.0},{"damage":24,"enemies":"2 Thieves","floor":20,"turns":3},{"damage":19,"enemies":"Snecko","floor":22,"turns":6},{"damage":25,"enemies":"Sentry and Sphere","floor":27,"turns":3}],"seed_played":"5675835775476667667","potions_obtained":[{"floor":2.0,"key":"FocusPotion"},{"floor":2.0,"key":"FearPotion"},{"floor":2.0,"key":"SkillPotion"},{"floor":3.0,"key":"Regen Potion"},{"floor":8.0,"key":"SpeedPotion"},{"floor":11.0,"key":"SpeedPotion"},{"floor":18,"key":"Dexterity Potion"}],"is_trial":false,"path_per_floor":["M","?","M","?","M","E","R","M","T","R","M","$","$","M","R","B",null,"M","$","M","?","M","?","R","$","T","M"],"character_chosen":"DEFECT","items_purchased":["Lee\u0027s Waffle","Loop","Symbiotic Virus","Seek","LiquidBronze","Coolheaded","Hologram","Explosive Potion","Self Repair"],"campfire_rested":2,"item_purchase_floors":[12,12,12,12,12,19,19,19,25],"current_hp_per_floor":[66,66,58,58,58,31,31,9,9,31,15,82,82,71,71,16,66,44,44,20,20,1,1,25,25,25,0],"gold":87,"neow_bonus":"TWO_FIFTY_GOLD","is_prod":false,"is_daily":false,"chose_seed":false,"campfire_upgraded":2,"win_rate":0,"timestamp":1550952190,"path_taken":["M","?","?","?","M","E","R","M","T","R","M","?","$","M","R","BOSS","M","$","M","?","M","?","R","$","T","?"],"build_version":"2019-01-23","purchased_purges":2,"victory":false,"max_hp_per_floor":[75,75,75,75,75,75,75,75,75,75,75,82,82,82,82,82,82,82,82,82,82,82,82,82,82,82,82],"card_choices":[{"not_picked":["Tempest","Redo"],"picked":"Consume","floor":1.0},{"not_picked":["Sweeping Beam","Skim"],"picked":"White Noise","floor":3.0},{"not_picked":["Streamline","Coolheaded"],"picked":"Sunder","floor":5.0},{"not_picked":["Sweeping Beam","Melter","Go for the Eyes"],"picked":"SKIP","floor":6.0},{"not_picked":["Melter","Rip and Tear","Gash"],"picked":"SKIP","floor":8.0},{"not_picked":["Sunder","Hologram"],"picked":"Loop","floor":11.0},{"not_picked":["Steam","Barrage","Go for the Eyes"],"picked":"SKIP","floor":14.0},{"not_picked":["Thunder Strike","Fission"],"picked":"Electrodynamics","floor":16.0},{"not_picked":["Rebound","Compile Driver"],"picked":"Gash+1","floor":18},{"not_picked":["Barrage","Ball Lightning"],"picked":"Double Energy","floor":20},{"not_picked":["Stack+1","Ball Lightning"],"picked":"Go for the Eyes+1","floor":22}],"player_experience":127709,"relics_obtained":[{"floor":6.0,"key":"Old Coin"},{"floor":9.0,"key":"Blue Candle"},{"floor":26,"key":"Anchor"}],"event_choices":[{"damage_healed":0.0,"max_hp_gain":0.0,"max_hp_loss":0.0,"gold_gain":0.0,"event_name":"Lab","player_choice":"Got Potions","floor":2.0,"gold_loss":0.0,"damage_taken":0.0},{"damage_healed":0.0,"max_hp_gain":0.0,"max_hp_loss":0.0,"gold_gain":0.0,"event_name":"Living Wall","player_choice":"Grow","floor":4.0,"gold_loss":0.0,"damage_taken":0.0,"cards_upgraded":["White Noise"]},{"damage_healed":0,"gold_gain":0,"player_choice":"Paid Fearfully","damage_taken":0,"max_hp_gain":0,"max_hp_loss":0,"event_name":"Masked Bandits","floor":21,"gold_loss":29},{"damage_healed":0,"gold_gain":200,"player_choice":"Gold","damage_taken":0,"max_hp_gain":0,"max_hp_loss":0,"event_name":"Wheel of Change","floor":23,"gold_loss":0}],"is_beta":false,"boss_relics":[{"not_picked":["Nuclear Battery","Calling Bell"],"picked":"Inserter"}],"items_purged_floors":[12,25],"is_endless":false,"potions_floor_spawned":[3,8,11,18],"killed_by":"Sentry and Sphere","ascension_level":8}