{"gold_per_floor":[118,118,47,63,63,63,98,109,109,109,31,31,106,163,163,266,266,280,280,280,249,301,301,336,336,416,444,319,334,350,350,350,446,446,464,564,474,219,232,232,257,132,158,158],"floor_reached":44,"playtime":2430,"items_purged":["Defend_G"],"score":629,"play_id":"0ae855f0-7085-4c03-ab5e-1f45fe743623","local_time":"20190811013507","is_ascension_mode":true,"campfire_choices":[{"data":"Neutralize","floor":6,"key":"SMITH"},{"data":"Noxious Fumes","floor":12,"key":"SMITH"},{"floor":15,"key":"REST"},{"floor":23,"key":"REST"},{"floor":25,"key":"REST"},{"floor":32,"key":"REST"},{"floor":40,"key":"REST"}],"neow_cost":"NONE","seed_source_timestamp":23356410288108,"circlet_count":0,"master_deck":["Strike_G","Strike_G","Defend_G","Defend_G","Defend_G","Defend_G","Survivor","Neutralize+1","Noxious Fumes+1","Infinite Blades+1","Slice","Cloak And Dagger","Escape Plan","Infinite Blades","Glass Knife","Accuracy","PiercingWail","Slice","Infinite Blades","Blur","Envenom","Catalyst+1","Deflect","Apotheosis","Accuracy","Footwork","Dodge and Roll"],"relics":["Ring of the Snake","NeowsBlessing","Ornamental Fan","Ancient Tea Set","FaceOfCleric","Tiny Chest","Runic Pyramid","Enchiridion","PreservedInsect","Calipers","Matryoshka","Bronze Scales","Sozu","Prayer Wheel","Bottled Tornado","Pantograph","Smiling Mask"],"potions_floor_usage":[14,27,29,29,29,33],"damage_taken":[{"damage":0,"enemies":"2 Louse","floor":1,"turns":1},{"damage":0,"enemies":"Cultist","floor":4,"turns":1},{"damage":0,"enemies":"3 Sentries","floor":7,"turns":1},{"damage":0,"enemies":"Jaw Worm","floor":8,"turns":5},{"damage":23,"enemies":"Gremlin Nob","floor":14,"turns":6},{"damage":14,"enemies":"Hexaghost","floor":16,"turns":11},{"damage":13,"enemies":"3 Byrds","floor":18,"turns":5},{"damage":5,"enemies":"2 Thieves","floor":21,"turns":5},{"damage":30,"enemies":"Gremlin Leader","floor":24,"turns":7},{"damage":11,"enemies":"Book of Stabbing","floor":27,"turns":6},{"damage":12,"enemies":"Snecko","floor":29,"turns":5},{"damage":8,"enemies":"Centurion and Healer","floor":30,"turns":5},{"damage":42,"enemies":"Champ","floor":33,"turns":10},{"damage":0,"enemies":"3 Shapes","floor":35,"turns":5},{"damage":0,"enemies":"Mind Bloom Boss Battle","floor":36,"turns":7},{"damage":0,"enemies":"Orb Walker","floor":39,"turns":3},{"damage":77,"enemies":"Reptomancer","floor":41,"turns":6},{"damage":9,"enemies":"4 Shapes","floor":44,"turns":1}],"seed_played":"845749084877199646","potions_obtained":[{"floor":4,"key":"GhostInAJar"},{"floor":8,"key":"SpeedPotion"},{"floor":16,"key":"Block Potion"},{"floor":21,"key":"GamblersBrew"},{"floor":27,"key":"AttackPotion"},{"floor":30,"key":"LiquidBronze"}],"is_trial":false,"path_per_floor":["M","?","$","M","?","R","E","M","T","?","$","R","?","E","R","B",null,"M","?","?","M","T","R","E","R","T","E","$","M","M","?","R","B",null,"M","?","?","$","M","R","E","$","T","M"],"character_chosen":"THE_SILENT","items_purchased":["Infinite Blades","Escape Plan","Slice","Apotheosis","Accuracy","Footwork","Dodge and Roll"],"campfire_rested":5,"item_purchase_floors":[3,11,28,38,38,42,42],"current_hp_per_floor":[70,70,70,70,70,70,70,70,70,70,70,70,59,37,58,45,65,53,37,37,33,33,55,26,48,48,38,38,27,20,20,43,2,60,61,62,62,62,63,82,6,6,6,0],"gold":158,"neow_bonus":"THREE_ENEMY_KILL","is_prod":false,"is_daily":false,"chose_seed":false,"campfire_upgraded":2,"win_rate":0,"timestamp":1565501707,"path_taken":["M","?","$","M","?","R","E","?","T","?","?","R","?","E","R","BOSS","M","?","?","M","?","R","E","R","T","E","$","?","M","?","R","BOSS","M","?","?","$","M","R","E","$","T","M"],"build_version":"2019-07-17","purchased_purges":1,"victory":false,"max_hp_per_floor":[70,70,70,70,70,70,70,70,70,70,70,70,70,71,71,72,72,73,73,73,74,74,74,75,75,75,76,76,77,78,78,78,79,79,80,81,81,81,82,82,83,83,83,83],"card_choices":[{"not_picked":["Outmaneuver","Quick Slash"],"picked":"Noxious Fumes","floor":1},{"not_picked":["Predator","Reflex"],"picked":"Slice","floor":4},{"not_picked":["Backstab","Underhanded Strike","Heel Hook"],"picked":"SKIP","floor":7},{"not_picked":["Distraction","Finisher"],"picked":"Cloak And Dagger","floor":8},{"not_picked":["Setup","Skewer"],"picked":"Infinite Blades","floor":14},{"not_picked":["Doppelganger","Grand Finale"],"picked":"Glass Knife","floor":16},{"not_picked":["Dagger Throw","Cloak And Dagger","Calculated Gamble"],"picked":"SKIP","floor":18},{"not_picked":["Endless Agony","Blade Dance"],"picked":"Accuracy","floor":21},{"not_picked":["Calculated Gamble","Cloak And Dagger"],"picked":"PiercingWail","floor":24},{"not_picked":["Setup","Backflip","Underhanded Strike"],"picked":"SKIP","floor":27},{"not_picked":["Quick Slash","Well Laid Plans"],"picked":"Infinite Blades","floor":29},{"not_picked":["Underhanded Strike","Escape Plan"],"picked":"Blur","floor":30},{"not_picked":["Phantasmal Killer","Adrenaline"],"picked":"Envenom","floor":33},{"not_picked":["Bane","Deadly Poison+1"],"picked":"Catalyst+1","floor":35},{"not_picked":["Quick Slash","Cloak And Dagger"],"picked":"Deflect","floor":36},{"not_picked":["Deadly Poison+1","Expertise","Caltrops+1"],"picked":"SKIP","floor":39},{"not_picked":["Acrobatics","Prepared","Heel Hook+1"],"picked":"SKIP","floor":39},{"not_picked":["Calculated Gamble","Outmaneuver","Finisher"],"picked":"SKIP","floor":41}],"player_experience":165726,"relics_obtained":[{"floor":7,"key":"Ornamental Fan"},{"floor":9,"key":"Ancient Tea Set"},{"floor":14,"key":"Tiny Chest"},{"floor":19,"key":"Enchiridion"},{"floor":22,"key":"PreservedInsect"},{"floor":24,"key":"Calipers"},{"floor":26,"key":"Matryoshka"},{"floor":27,"key":"Bronze Scales"},{"floor":36,"key":"Prayer Wheel"},{"floor":41,"key":"Bottled Tornado"},{"floor":43,"key":"Pantograph"},{"floor":43,"key":"Smiling Mask"}],"event_choices":[{"cards_removed":["Strike_G"],"damage_healed":0,"gold_gain":0,"player_choice":"Forget","damage_taken":0,"max_hp_gain":0,"max_hp_loss":0,"event_name":"Living Wall","floor":2,"gold_loss":0},{"cards_removed":["Strike_G"],"damage_healed":0,"gold_gain":0,"player_choice":"Purged","damage_taken":0,"max_hp_gain":0,"max_hp_loss":0,"event_name":"Purifier","floor":5,"gold_loss":0},{"damage_healed":0,"gold_gain":0,"player_choice":"Trade","damage_taken":0,"relics_obtained":["FaceOfCleric"],"max_hp_gain":0,"max_hp_loss":0,"event_name":"FaceTrader","floor":10,"gold_loss":0},{"damage_healed":0,"gold_gain":75,"player_choice":"Gather Gold","damage_taken":11,"max_hp_gain":0,"max_hp_loss":0,"event_name":"World of Goop","floor":13,"gold_loss":0},{"damage_healed":0,"gold_gain":0,"player_choice":"Obtained Book","damage_taken":16,"max_hp_gain":0,"max_hp_loss":0,"event_name":"Cursed Tome","floor":19,"gold_loss":0},{"damage_healed":0,"gold_gain":0,"player_choice":"Ignored","damage_taken":0,"max_hp_gain":0,"max_hp_loss":0,"event_name":"Vampires","floor":20,"gold_loss":0},{"damage_healed":0,"gold_gain":0,"player_choice":"Ignored","damage_taken":0,"max_hp_gain":0,"max_hp_loss":0,"event_name":"The Mausoleum","floor":31,"gold_loss":0},{"damage_healed":0,"gold_gain":0,"player_choice":"Fight","damage_taken":0,"max_hp_gain":0,"max_hp_loss":0,"event_name":"MindBloom","floor":36,"gold_loss":0},{"cards_removed":["Strike_G"],"damage_healed":0,"gold_gain":0,"player_choice":"Upgrade and Remove","damage_taken":0,"max_hp_gain":0,"max_hp_loss":0,"event_name":"Designer","floor":37,"gold_loss":90,"cards_upgraded":["Infinite Blades"]}],"is_beta":false,"boss_relics":[{"not_picked":["Lizard Tail","Empty Cage"],"picked":"Runic Pyramid"},{"not_picked":["Coffee Dripper","White Beast Statue"],"picked":"Sozu"}],"items_purged_floors":[28],"is_endless":false,"potions_floor_spawned":[4,8,16,21,27,30,35],"killed_by":"4 Shapes","ascension_level":5}