{"gold_per_floor":[118,133,143,143,58,87,99,99,125,125,150,150,22,56,56,130,130,149,149,149,163,113,146,146,163,188,103,103,115,144,164,164,238,238,257,257,1256,1273,738,738,97,107,107,107,141,152,186,203,203,203],"floor_reached":51,"playtime":7519,"items_purged":["Parasite","Strike_R","Strike_R"],"score":1464,"play_id":"8d807039-8c86-4b28-9d4c-bd0f97a9a471","local_time":"20190522204313","is_ascension_mode":true,"campfire_choices":[{"data":"Spot Weakness","floor":8.0,"key":"SMITH"},{"data":"Bash","floor":10.0,"key":"SMITH"},{"data":"Inflame","floor":15.0,"key":"SMITH"},{"floor":24.0,"key":"REST"},{"data":"Demon Form","floor":28.0,"key":"SMITH"},{"floor":32.0,"key":"REST"},{"floor":40.0,"key":"REST"},{"floor":44.0,"key":"REST"},{"data":"Offering","floor":49,"key":"SMITH"}],"neow_cost":"PERCENT_DAMAGE","seed_source_timestamp":1035199762227836,"circlet_count":0,"master_deck":["AscendersBane","Strike_R","Defend_R","Defend_R","Defend_R","Defend_R","Bash+1","Twin Strike","Battle Trance","Spot Weakness+1","Clothesline","Shrug It Off","Offering+1","Inflame+1","Evolve","Demon Form+1","Shrug It Off","Armaments","Headbutt","Spot Weakness+1","True Grit+1","Rage","Inflame","Reaper","Twin Strike","Apotheosis","Flame Barrier","Inflame+1","Dual Wield+1","Seeing Red+1","Sword Boomerang+1","Shockwave+1"],"special_seed":0,"relics":["Burning Blood","Pocketwatch","Lantern","Red Skull","Smiling Mask","Incense Burner","Sozu","MutagenicStrength","Potion Belt","PreservedInsect","Bird Faced Urn","Omamori","Lizard Tail","Oddly Smooth Stone","Tiny Chest","Ice Cream","Medical Kit","Self Forming Clay","Meat on the Bone","Bronze Scales"],"potions_floor_usage":[],"damage_taken":[{"damage":7.0,"enemies":"Jaw Worm","floor":1.0,"turns":3.0},{"damage":3.0,"enemies":"2 Louse","floor":2.0,"turns":4.0},{"damage":0.0,"enemies":"Small Slimes","floor":3.0,"turns":3.0},{"damage":30.0,"enemies":"3 Sentries","floor":6.0,"turns":7.0},{"damage":12.0,"enemies":"3 Louse","floor":7.0,"turns":3.0},{"damage":14.0,"enemies":"Lagavulin","floor":11.0,"turns":5.0},{"damage":12.0,"enemies":"Gremlin Nob","floor":14.0,"turns":3.0},{"damage":24.0,"enemies":"Slime Boss","floor":16.0,"turns":6.0},{"damage":13.0,"enemies":"3 Byrds","floor":18.0,"turns":5.0},{"damage":4.0,"enemies":"Colosseum Slavers","floor":20.0,"turns":4.0},{"damage":30.0,"enemies":"Chosen","floor":21.0,"turns":6.0},{"damage":14.0,"enemies":"Gremlin Leader","floor":23.0,"turns":5.0},{"damage":14.0,"enemies":"Centurion and Healer","floor":25.0,"turns":4.0},{"damage":10.0,"enemies":"3 Cultists","floor":29.0,"turns":4.0},{"damage":6.0,"enemies":"Slavers","floor":30.0,"turns":5.0},{"damage":18.0,"enemies":"Cultist and Chosen","floor":31.0,"turns":6.0},{"damage":13.0,"enemies":"Champ","floor":33.0,"turns":10.0},{"damage":64.0,"enemies":"3 Darklings","floor":35.0,"turns":6.0},{"damage":37.0,"enemies":"Orb Walker","floor":38.0,"turns":4.0},{"damage":72.0,"enemies":"Transient","floor":42.0,"turns":6.0},{"damage":18.0,"enemies":"Nemesis","floor":45.0,"turns":5.0},{"damage":32.0,"enemies":"Sphere and 2 Shapes","floor":46.0,"turns":7.0},{"damage":72,"enemies":"Reptomancer","floor":47,"turns":7},{"damage":59,"enemies":"3 Darklings","floor":48,"turns":6},{"damage":121,"enemies":"Donu and Deca","floor":50,"turns":10}],"seed_played":"-8007971538426651348","potions_obtained":[{"floor":1.0,"key":"Swift Potion"},{"floor":2.0,"key":"GamblersBrew"},{"floor":11.0,"key":"Fruit Juice"},{"floor":14.0,"key":"SkillPotion"}],"is_trial":false,"path_per_floor":["M","M","M","?","$","E","M","R","T","R","E","?","$","E","R","B",null,"M","?","?","M","?","E","R","M","T","?","R","M","E","M","R","B",null,"M","?","?","M","$","R","$","M","T","R","E","M","E","M","R","B",null],"character_chosen":"IRONCLAD","items_purchased":["Spot Weakness","Inflame","Apotheosis","Oddly Smooth Stone","Tiny Chest","Ice Cream","Medical Kit","Flame Barrier"],"campfire_rested":4,"item_purchase_floors":[5,13,39,39,39,41,41,41],"current_hp_per_floor":[49,52,58,51,51,27,21,21,21,21,18,38,38,32,32,14,61,54,54,56,32,32,24,47,39,39,39,39,37,37,29,52,53,71,51,51,51,43,43,66,66,34,34,57,74,77,77,71,71,59],"gold":203,"neow_bonus":"ONE_RARE_RELIC","is_prod":false,"is_daily":false,"chose_seed":false,"campfire_upgraded":5,"win_rate":0,"timestamp":1558572193,"path_taken":["M","M","M","?","$","E","M","R","T","R","E","?","$","E","R","BOSS","M","?","?","M","?","E","R","?","T","?","R","M","E","M","R","BOSS","M","?","?","M","$","R","$","M","T","R","E","M","E","M","R","BOSS"],"build_version":"2019-01-23","purchased_purges":3,"victory":true,"max_hp_per_floor":[75,75,75,75,75,75,75,75,75,75,80,80,77,77,77,77,77,77,77,77,77,77,77,77,77,77,77,77,77,77,77,77,77,77,77,77,77,77,77,77,77,77,77,77,77,77,77,77,77,77],"card_choices":[{"not_picked":["Entrench","Heavy Blade"],"picked":"Twin Strike","floor":1.0},{"not_picked":["Body Slam","Wild Strike"],"picked":"Battle Trance","floor":2.0},{"not_picked":["Dropkick","Sword Boomerang","Havoc"],"picked":"SKIP","floor":3.0},{"not_picked":["Dual Wield","Pommel Strike"],"picked":"Clothesline","floor":6.0},{"not_picked":["Metallicize","Reckless Charge"],"picked":"Shrug It Off","floor":7.0},{"not_picked":["Anger","Infernal Blade"],"picked":"Offering","floor":11.0},{"not_picked":["Warcry","Headbutt"],"picked":"Evolve","floor":14.0},{"not_picked":["Double Tap","Offering"],"picked":"Demon Form","floor":16.0},{"not_picked":["Blood for Blood","Battle Trance"],"picked":"Shrug It Off","floor":18.0},{"not_picked":["Rampage","Perfected Strike"],"picked":"Armaments","floor":21.0},{"not_picked":["Armaments","Twin Strike"],"picked":"Headbutt","floor":23.0},{"not_picked":["Headbutt+1","Power Through"],"picked":"Spot Weakness+1","floor":25.0},{"not_picked":["Uppercut","Heavy Blade"],"picked":"True Grit+1","floor":29.0},{"not_picked":["Headbutt","Perfected Strike"],"picked":"Rage","floor":30.0},{"not_picked":["Clothesline","Iron Wave"],"picked":"Inflame","floor":31.0},{"not_picked":["Barricade","Double Tap"],"picked":"Reaper","floor":33.0},{"not_picked":["Flex","Anger","Pommel Strike+1"],"picked":"SKIP","floor":35.0},{"not_picked":["Bloodletting","Armaments"],"picked":"Twin Strike","floor":38.0},{"not_picked":["Spot Weakness","Intimidate"],"picked":"Inflame+1","floor":42.0},{"not_picked":["Perfected Strike","Combust"],"picked":"Dual Wield+1","floor":45.0},{"not_picked":["Reckless Charge","Perfected Strike"],"picked":"Seeing Red+1","floor":46.0},{"not_picked":["Reckless Charge+1","Flex+1"],"picked":"Sword Boomerang+1","floor":47},{"not_picked":["Heavy Blade","Seeing Red+1"],"picked":"Shockwave+1","floor":48}],"player_experience":396527,"relics_obtained":[{"floor":6.0,"key":"Lantern"},{"floor":9.0,"key":"Red Skull"},{"floor":11.0,"key":"Smiling Mask"},{"floor":14.0,"key":"Incense Burner"},{"floor":23.0,"key":"Potion Belt"},{"floor":26.0,"key":"PreservedInsect"},{"floor":30.0,"key":"Omamori"},{"floor":43.0,"key":"Self Forming Clay"},{"floor":45.0,"key":"Meat on the Bone"},{"floor":47,"key":"Bronze Scales"}],"event_choices":[{"cards_removed":["Strike_R"],"damage_healed":0.0,"max_hp_gain":0.0,"max_hp_loss":0.0,"gold_gain":0.0,"event_name":"Golden Wing","player_choice":"Card Removal","floor":4.0,"gold_loss":0.0,"damage_taken":7.0},{"damage_healed":20.0,"max_hp_gain":0.0,"max_hp_loss":0.0,"gold_gain":0.0,"event_name":"Mushrooms","player_choice":"Healed and dodged fight","floor":12.0,"gold_loss":0.0,"damage_taken":0.0,"cards_obtained":["Parasite"]},{"damage_healed":0.0,"max_hp_gain":0.0,"max_hp_loss":0.0,"gold_gain":0.0,"event_name":"Drug Dealer","player_choice":"Inject Mutagens","floor":19.0,"gold_loss":0.0,"damage_taken":0.0,"relics_obtained":["MutagenicStrength"]},{"damage_healed":0.0,"max_hp_gain":0.0,"max_hp_loss":0.0,"gold_gain":0.0,"event_name":"Colosseum","player_choice":"Fight","floor":20.0,"gold_loss":0.0,"damage_taken":0.0},{"damage_healed":0.0,"max_hp_gain":0.0,"max_hp_loss":0.0,"gold_gain":0.0,"event_name":"Colosseum","player_choice":"Fled From Nobs","floor":20.0,"gold_loss":0.0,"damage_taken":0.0},{"damage_healed":0.0,"max_hp_gain":0.0,"max_hp_loss":0.0,"gold_gain":0.0,"event_name":"The Joust","player_choice":"Bet on Murderer","floor":22.0,"gold_loss":50.0,"damage_taken":0.0},{"damage_healed":0.0,"max_hp_gain":0.0,"max_hp_loss":0.0,"gold_gain":0.0,"event_name":"Addict","player_choice":"Obtained Relic","floor":27.0,"gold_loss":85.0,"damage_taken":0.0,"relics_obtained":["Bird Faced Urn"]},{"cards_removed":["Strike_R"],"damage_healed":0.0,"max_hp_gain":0.0,"max_hp_loss":0.0,"gold_gain":0.0,"event_name":"Falling","player_choice":"Removed Attack","floor":36.0,"gold_loss":0.0,"damage_taken":0.0},{"damage_healed":0.0,"max_hp_gain":0.0,"max_hp_loss":0.0,"gold_gain":999.0,"event_name":"MindBloom","player_choice":"Gold","floor":37.0,"gold_loss":0.0,"damage_taken":0.0,"cards_obtained":["Normality","Normality"]}],"is_beta":false,"boss_relics":[{"not_picked":["Empty Cage","Astrolabe"],"picked":"Sozu"},{"not_picked":["Orrery","Philosopher\u0027s Stone"],"picked":"Lizard Tail"}],"items_purged_floors":[13,39,41],"is_endless":false,"potions_floor_spawned":[1,2,3,11,14,21,25,38,45,47],"ascension_level":19}