{"gold_per_floor":[119,119,44,57,76,107,119,132,132,146,177,177,177,177,177,301,301],"floor_reached":17,"playtime":711,"items_purged":["Defend_R"],"score":175,"play_id":"125424de-1313-47a3-ba0b-6a9a3daa27c1","local_time":"20190901145218","is_ascension_mode":true,"campfire_choices":[{"floor":12,"key":"REST"},{"data":"Bash","floor":15,"key":"SMITH"}],"neow_cost":"NONE","seed_source_timestamp":230749912129800,"circlet_count":0,"master_deck":["Strike_R","Strike_R","Strike_R","Strike_R","Strike_R","Defend_R","Bash+1","Warcry","Battle Trance","Heavy Blade","Iron Wave","Clash","Offering"],"relics":["Burning Blood","The Courier","Kunai","Matryoshka","Golden Idol","Busted Crown"],"potions_floor_usage":[4,11],"damage_taken":[{"damage":9,"enemies":"2 Louse","floor":1,"turns":2},{"damage":6,"enemies":"Cultist","floor":4,"turns":3},{"damage":3,"enemies":"Small Slimes","floor":5,"turns":3},{"damage":66,"enemies":"3 Sentries","floor":6,"turns":12},{"damage":0,"enemies":"2 Fungi Beasts","floor":7,"turns":4},{"damage":5,"enemies":"3 Louse","floor":8,"turns":2},{"damage":7,"enemies":"Blue Slaver","floor":10,"turns":3},{"damage":13,"enemies":"Gremlin Nob","floor":11,"turns":3},{"damage":30,"enemies":"Hexaghost","floor":16,"turns":9}],"seed_played":"-8278273475576387583","potions_obtained":[{"floor":1,"key":"EntropicBrew"},{"floor":6,"key":"FearPotion"}],"is_trial":false,"path_per_floor":["M","?","$","M","M","E","M","M","T","M","E","R","?","?","R","B",null],"character_chosen":"IRONCLAD","items_purchased":[],"campfire_rested":1,"item_purchase_floors":[],"current_hp_per_floor":[77,77,77,77,80,20,26,27,27,26,19,43,43,36,36,12,74],"gold":301,"neow_bonus":"TRANSFORM_CARD","is_prod":false,"is_daily":false,"chose_seed":false,"campfire_upgraded":1,"win_rate":0,"timestamp":1567374738,"path_taken":["M","?","$","M","M","E","?","?","T","M","E","R","?","?","R","BOSS"],"build_version":"2019-07-17","purchased_purges":1,"victory":false,"max_hp_per_floor":[80,80,80,80,80,80,80,80,80,80,80,80,74,74,74,74,74],"card_choices":[{"not_picked":["Spot Weakness","Armaments","Power Through"],"picked":"SKIP","floor":1},{"not_picked":["Clash","Body Slam"],"picked":"Battle Trance","floor":4},{"not_picked":["Headbutt","Havoc"],"picked":"Heavy Blade","floor":5},{"not_picked":["Feel No Pain","Cleave"],"picked":"Iron Wave","floor":6},{"not_picked":["Warcry","Carnage"],"picked":"Clash","floor":7},{"not_picked":["Twin Strike","Carnage","Ghostly Armor"],"picked":"SKIP","floor":8},{"not_picked":["Combust","Warcry","Perfected Strike"],"picked":"SKIP","floor":10},{"not_picked":["Reckless Charge","Body Slam","Intimidate"],"picked":"SKIP","floor":11},{"not_picked":["Brutality","Berserk"],"picked":"Offering","floor":16}],"player_experience":740338,"relics_obtained":[{"floor":6,"key":"The Courier"},{"floor":9,"key":"Kunai"},{"floor":11,"key":"Matryoshka"}],"event_choices":[{"damage_healed":0,"gold_gain":0,"player_choice":"Bought 0 Potions","damage_taken":0,"max_hp_gain":0,"max_hp_loss":0,"event_name":"The Woman in Blue","floor":2,"gold_loss":0},{"damage_healed":0,"gold_gain":0,"player_choice":"Lose Max HP","damage_taken":0,"relics_obtained":["Golden Idol"],"max_hp_gain":0,"max_hp_loss":6,"event_name":"Golden Idol","floor":13,"gold_loss":0},{"cards_removed":["Defend_R"],"damage_healed":0,"gold_gain":0,"player_choice":"Card Removal","damage_taken":7,"max_hp_gain":0,"max_hp_loss":0,"event_name":"Golden Wing","floor":14,"gold_loss":0}],"is_beta":false,"boss_relics":[{"not_picked":["Runic Pyramid","Tiny House"],"picked":"Busted Crown"}],"items_purged_floors":[3],"is_endless":false,"potions_floor_spawned":[1,5,6],"ascension_level":1}