{"gold_per_floor":[112,112,125,143,161,191,191,223,271,271,286,361,361,106,106,106],"floor_reached":16,"playtime":920,"items_purged":["Defend_R"],"score":121,"play_id":"2f8f63c7-efc2-475c-a9a3-0dee74d14640","local_time":"20190814102020","is_ascension_mode":true,"campfire_choices":[{"floor":7,"key":"REST"},{"floor":10,"key":"REST"},{"data":"Bash","floor":15,"key":"SMITH"}],"neow_cost":"TEN_PERCENT_HP_LOSS","seed_source_timestamp":6919639829962,"circlet_count":0,"master_deck":["Strike_R","Strike_R","Strike_R+1","Defend_R","Defend_R","Defend_R","Bash+1","Twin Strike+1","Seeing Red","Sentinel","Corruption","Ghostly Armor","Feed","Disarm","Flex"],"relics":["Burning Blood","Bag of Preparation","Sundial","Whetstone","Orichalcum"],"potions_floor_usage":[8,16],"damage_taken":[{"damage":6,"enemies":"2 Louse","floor":1,"turns":4},{"damage":1,"enemies":"Cultist","floor":3,"turns":3},{"damage":4,"enemies":"Jaw Worm","floor":4,"turns":5},{"damage":6,"enemies":"2 Fungi Beasts","floor":5,"turns":4},{"damage":43,"enemies":"3 Sentries","floor":6,"turns":15},{"damage":54,"enemies":"Lagavulin","floor":8,"turns":11},{"damage":0,"enemies":"3 Louse","floor":11,"turns":5},{"damage":45,"enemies":"Hexaghost","floor":16,"turns":14}],"seed_played":"-1642593165726873441","potions_obtained":[{"floor":6,"key":"Explosive Potion"},{"floor":8,"key":"SteroidPotion"}],"is_trial":false,"path_per_floor":["M","?","M","M","M","E","R","E","T","R","M","?","?","$","R","B"],"character_chosen":"IRONCLAD","items_purchased":["Orichalcum","Flex"],"campfire_rested":2,"item_purchase_floors":[14,14],"current_hp_per_floor":[72,72,72,72,72,35,56,8,8,29,38,27,52,52,52,7],"gold":106,"neow_bonus":"REMOVE_TWO","is_prod":false,"is_daily":false,"chose_seed":false,"campfire_upgraded":1,"win_rate":0,"timestamp":1565745620,"path_taken":["M","?","M","M","?","E","R","E","T","R","M","?","?","$","R","BOSS"],"build_version":"2019-07-17","purchased_purges":1,"victory":false,"max_hp_per_floor":[72,72,72,72,72,72,72,72,72,72,75,75,75,75,75,75],"card_choices":[{"not_picked":["Perfected Strike","Anger"],"picked":"Twin Strike","floor":1},{"not_picked":["Twin Strike","Pommel Strike"],"picked":"Seeing Red","floor":3},{"not_picked":["Rampage","Havoc"],"picked":"Sentinel","floor":4},{"not_picked":["Twin Strike","Cleave"],"picked":"Corruption","floor":5},{"not_picked":["Flex","Clash"],"picked":"Ghostly Armor","floor":6},{"not_picked":["Rampage","Ghostly Armor"],"picked":"Feed","floor":8},{"not_picked":["Heavy Blade","Anger"],"picked":"Disarm","floor":11}],"player_experience":107153,"relics_obtained":[{"floor":6,"key":"Bag of Preparation"},{"floor":8,"key":"Sundial"},{"floor":9,"key":"Whetstone"}],"event_choices":[{"damage_healed":0,"gold_gain":0,"player_choice":"0 cards matched","damage_taken":0,"max_hp_gain":0,"max_hp_loss":0,"event_name":"Match and Keep!","floor":2,"gold_loss":0,"cards_obtained":[]},{"damage_healed":0,"gold_gain":75,"player_choice":"Gather Gold","damage_taken":11,"max_hp_gain":0,"max_hp_loss":0,"event_name":"World of Goop","floor":12,"gold_loss":0},{"damage_healed":25,"gold_gain":0,"player_choice":"Banana","damage_taken":0,"max_hp_gain":0,"max_hp_loss":0,"event_name":"Big Fish","floor":13,"gold_loss":0}],"is_beta":false,"boss_relics":[],"items_purged_floors":[14],"is_endless":false,"potions_floor_spawned":[6,8],"killed_by":"Hexaghost","ascension_level":2}