{"gold_per_floor":[112,126,17,36,1,32,32,60,83,83,83,109,122,139,139,213,213,228,228,143,143,160,160,187,201,201,221,250,250,250,265,265,265],"floor_reached":33,"playtime":1157,"items_purged":[],"score":549,"play_id":"96dde162-7c20-4164-8bd4-dd93fbd1720c","local_time":"20190415153522","is_ascension_mode":true,"campfire_choices":[{"floor":11.0,"key":"REST"},{"data":"White Noise","floor":15.0,"key":"SMITH"},{"floor":23.0,"key":"REST"},{"floor":29,"key":"REST"},{"floor":32,"key":"REST"}],"neow_cost":"NONE","seed_source_timestamp":0,"circlet_count":0,"master_deck":["AscendersBane","Strike_B+1","Strike_B+1","Defend_B","Defend_B+1","Defend_B","Defend_B","Zap+1","Coolheaded","Conserve Battery","Defragment","Compile Driver","Capacitor","Glacier","Conserve Battery","White Noise+1","Thunder Strike","Biased Cognition","Force Field+1","Buffer+1","Ball Lightning+1","Conserve Battery+1","RitualDagger","Consume","Capacitor","Gash+1","Ball Lightning+1","Force Field"],"special_seed":0,"relics":["Cracked Core","DataDisk","Bronze Scales","Whetstone","Peace Pipe","Astrolabe","Molten Egg 2","Darkstone Periapt","Gremlin Horn","Blood Vial"],"potions_floor_usage":[27,28,31],"damage_taken":[{"damage":1.0,"enemies":"Cultist","floor":1.0,"turns":3.0},{"damage":4.0,"enemies":"2 Louse","floor":2.0,"turns":3.0},{"damage":0.0,"enemies":"Jaw Worm","floor":4.0,"turns":3.0},{"damage":31.0,"enemies":"3 Sentries","floor":6.0,"turns":9.0},{"damage":7.0,"enemies":"Lagavulin","floor":8.0,"turns":7.0},{"damage":1.0,"enemies":"3 Sentries","floor":12.0,"turns":8.0},{"damage":6.0,"enemies":"Large Slime","floor":13.0,"turns":4.0},{"damage":0.0,"enemies":"Exordium Thugs","floor":14.0,"turns":4.0},{"damage":18.0,"enemies":"Hexaghost","floor":16.0,"turns":10.0},{"damage":0.0,"enemies":"Spheric Guardian","floor":18.0,"turns":3.0},{"damage":0.0,"enemies":"Chosen","floor":22.0,"turns":6.0},{"damage":8.0,"enemies":"Book of Stabbing","floor":24.0,"turns":5.0},{"damage":18.0,"enemies":"Snecko","floor":25.0,"turns":6.0},{"damage":0,"enemies":"Centurion and Healer","floor":27,"turns":13},{"damage":11,"enemies":"Gremlin Leader","floor":28,"turns":5},{"damage":29,"enemies":"Colosseum Slavers","floor":30,"turns":4},{"damage":7,"enemies":"3 Cultists","floor":31,"turns":5},{"damage":11,"enemies":"Collector","floor":33,"turns":3}],"seed_played":"7090047403870285360","potions_obtained":[{"floor":12.0,"key":"EssenceOfSteel"},{"floor":14.0,"key":"Regen Potion"},{"floor":16.0,"key":"LiquidBronze"},{"floor":27,"key":"Explosive Potion"},{"floor":28,"key":"Poison Potion"}],"is_trial":false,"path_per_floor":["M","M","$","M","?","E","$","E","T","?","R","E","M","M","R","B",null,"M","?","?","?","M","R","E","M","T","M","E","R","?","M","R","B"],"character_chosen":"DEFECT","items_purchased":["Defragment","Compile Driver"],"campfire_rested":4,"item_purchase_floors":[3,3],"current_hp_per_floor":[63,59,59,59,71,40,40,33,33,12,33,32,26,26,26,23,59,59,53,53,33,33,55,47,29,29,29,18,40,13,8,30,21],"gold":265,"neow_bonus":"UPGRADE_CARD","is_prod":false,"is_daily":false,"chose_seed":false,"campfire_upgraded":1,"win_rate":0,"timestamp":1555356922,"path_taken":["M","?","$","?","?","E","?","E","T","?","R","E","?","?","R","BOSS","M","?","?","?","M","R","E","M","T","?","E","R","?","M","R","BOSS"],"build_version":"2019-01-23","purchased_purges":0,"victory":false,"max_hp_per_floor":[71,71,71,71,71,71,71,71,71,71,71,71,71,71,71,71,71,71,71,71,76,76,76,76,76,76,76,76,76,76,76,76,76],"card_choices":[{"not_picked":["Redo","Compile Driver"],"picked":"Coolheaded","floor":1.0},{"not_picked":["Redo","Rebound"],"picked":"Conserve Battery","floor":2.0},{"not_picked":["Stack","Turbo"],"picked":"Capacitor","floor":4.0},{"not_picked":["Steam","Barrage","Redo"],"picked":"SKIP","floor":6.0},{"not_picked":["Sweeping Beam","Coolheaded"],"picked":"Glacier","floor":8.0},{"not_picked":["Barrage","Hologram"],"picked":"Conserve Battery","floor":12.0},{"not_picked":["FTL","Stack"],"picked":"White Noise","floor":13.0},{"not_picked":["Leap","Steam"],"picked":"Thunder Strike","floor":14.0},{"not_picked":["Hyperbeam","Meteor Strike"],"picked":"Biased Cognition","floor":16.0},{"not_picked":["Scrape","Go for the Eyes"],"picked":"Conserve Battery+1","floor":18.0},{"not_picked":["Compile Driver+1","Cold Snap+1"],"picked":"Consume","floor":22.0},{"not_picked":["Cold Snap+1","Storm"],"picked":"Capacitor","floor":24.0},{"not_picked":["Aggregate","Beam Cell+1"],"picked":"Gash+1","floor":25.0},{"not_picked":["Lockon+1","Scrape+1","Leap"],"picked":"SKIP","floor":27},{"not_picked":["Streamline+1","Redo"],"picked":"Ball Lightning+1","floor":28},{"not_picked":["Cold Snap+1","Conserve Battery"],"picked":"Force Field","floor":31}],"player_experience":286386,"relics_obtained":[{"floor":6.0,"key":"DataDisk"},{"floor":8.0,"key":"Bronze Scales"},{"floor":9.0,"key":"Whetstone"},{"floor":12.0,"key":"Peace Pipe"},{"floor":24.0,"key":"Darkstone Periapt"},{"floor":26.0,"key":"Gremlin Horn"},{"floor":28,"key":"Blood Vial"}],"event_choices":[{"damage_healed":17.0,"max_hp_gain":0.0,"max_hp_loss":0.0,"gold_gain":0.0,"event_name":"The Cleric","player_choice":"Healed","floor":5.0,"gold_loss":35.0,"damage_taken":0.0},{"damage_healed":0.0,"max_hp_gain":0.0,"max_hp_loss":0.0,"gold_gain":0.0,"event_name":"Shining Light","player_choice":"Entered Light","floor":10.0,"gold_loss":0.0,"damage_taken":21.0,"cards_upgraded":["Strike_B","Defend_B"]},{"damage_healed":0.0,"max_hp_gain":0.0,"max_hp_loss":0.0,"gold_gain":0.0,"event_name":"Nest","player_choice":"Joined the Cult","floor":19.0,"gold_loss":0.0,"damage_taken":6.0,"cards_obtained":["RitualDagger"]},{"damage_healed":0.0,"max_hp_gain":0.0,"max_hp_loss":0.0,"gold_gain":0.0,"event_name":"Addict","player_choice":"Obtained Relic","floor":20.0,"gold_loss":85.0,"damage_taken":0.0,"relics_obtained":["Molten Egg 2"]},{"damage_healed":0.0,"max_hp_gain":5.0,"max_hp_loss":0.0,"gold_gain":0.0,"event_name":"Forgotten Altar","player_choice":"Shed Blood","floor":21.0,"gold_loss":0.0,"damage_taken":25.0},{"damage_healed":0,"gold_gain":0,"player_choice":"Fight","damage_taken":0,"max_hp_gain":0,"max_hp_loss":0,"event_name":"Colosseum","floor":30,"gold_loss":0},{"damage_healed":0,"gold_gain":0,"player_choice":"Fled From Nobs","damage_taken":0,"max_hp_gain":0,"max_hp_loss":0,"event_name":"Colosseum","floor":30,"gold_loss":0}],"is_beta":false,"boss_relics":[{"not_picked":["Busted Crown","Eternal Feather"],"picked":"Astrolabe"}],"items_purged_floors":[],"is_endless":false,"potions_floor_spawned":[12,14,16,27,28],"killed_by":"Collector","ascension_level":16}