{"gold_per_floor":[116,116,134,151,4,4,331,331,331,331,291,366,366,366,366,366],"floor_reached":16,"playtime":278,"items_purged":[],"score":191,"play_id":"73fa496e-2f19-430c-945e-f1aabb78414d","local_time":"20190523112844","is_ascension_mode":true,"campfire_choices":[{"data":"Blade Dance","floor":6.0,"key":"SMITH"},{"data":"Well Laid Plans","floor":10.0,"key":"SMITH"},{"data":"Accuracy","floor":13.0,"key":"SMITH"},{"data":"Neutralize","floor":15.0,"key":"SMITH"}],"neow_cost":"NONE","seed_source_timestamp":1095612412440344,"circlet_count":0,"master_deck":["AscendersBane","Defend_G","Defend_G","Defend_G","Defend_G","Defend_G","Strike_G","Strike_G","Strike_G","Strike_G","Survivor","Neutralize+1","Dagger Throw","Blade Dance+1","Accuracy+1","Well Laid Plans+1"],"special_seed":0,"relics":["Ring of the Snake","NeowsBlessing","Old Coin","Darkstone Periapt"],"potions_floor_usage":[16],"damage_taken":[{"damage":0.0,"enemies":"Cultist","floor":1.0,"turns":1.0},{"damage":0.0,"enemies":"Jaw Worm","floor":3.0,"turns":1.0},{"damage":0.0,"enemies":"Small Slimes","floor":4.0,"turns":1.0},{"damage":8.0,"enemies":"Gremlin Nob","floor":7.0,"turns":3.0},{"damage":1.0,"enemies":"Looter","floor":11.0,"turns":4.0},{"damage":0.0,"enemies":"3 Louse","floor":14.0,"turns":1.0},{"damage":40,"enemies":"Hexaghost","floor":16,"turns":10}],"seed_played":"-496152596642992297","potions_obtained":[{"floor":3.0,"key":"PowerPotion"},{"floor":4.0,"key":"GamblersBrew"},{"floor":7.0,"key":"Poison Potion"},{"floor":8.0,"key":"FairyPotion"},{"floor":8.0,"key":"SmokeBomb"}],"is_trial":false,"path_per_floor":["M","?","M","M","$","R","E","?","T","R","M","?","R","M","R","B"],"character_chosen":"THE_SILENT","items_purchased":["Blade Dance","Accuracy","SteroidPotion"],"campfire_rested":0,"item_purchase_floors":[5,5,5],"current_hp_per_floor":[59,52,52,52,52,52,44,44,44,44,43,32,32,32,32,0],"gold":366,"neow_bonus":"THREE_ENEMY_KILL","is_prod":false,"is_daily":false,"chose_seed":false,"campfire_upgraded":4,"win_rate":0,"timestamp":1558625324,"path_taken":["M","?","M","M","$","R","E","?","T","R","?","?","R","M","R","BOSS"],"build_version":"2019-01-23","purchased_purges":0,"victory":false,"max_hp_per_floor":[66,66,66,66,66,66,66,66,66,66,66,66,66,66,66,66],"card_choices":[{"not_picked":["Deflect","Sucker Punch"],"picked":"Dagger Throw","floor":1.0},{"not_picked":["Accuracy","Choke","Catalyst"],"picked":"SKIP","floor":3.0},{"not_picked":["Acrobatics","Outmaneuver","Dodge and Roll"],"picked":"SKIP","floor":4.0},{"not_picked":["Glass Knife","Underhanded Strike"],"picked":"Well Laid Plans","floor":7.0},{"not_picked":["Dagger Throw","Acrobatics","Concentrate"],"picked":"SKIP","floor":11.0}],"player_experience":404956,"relics_obtained":[{"floor":7.0,"key":"Old Coin"},{"floor":9.0,"key":"Darkstone Periapt"}],"event_choices":[{"cards_removed":["Strike_G"],"damage_healed":0.0,"max_hp_gain":0.0,"max_hp_loss":0.0,"gold_gain":0.0,"event_name":"Golden Wing","player_choice":"Card Removal","floor":2.0,"gold_loss":0.0,"damage_taken":7.0},{"damage_healed":0.0,"max_hp_gain":0.0,"max_hp_loss":0.0,"gold_gain":0.0,"event_name":"Lab","player_choice":"Got Potions","floor":8.0,"gold_loss":0.0,"damage_taken":0.0},{"damage_healed":0.0,"max_hp_gain":0.0,"max_hp_loss":0.0,"gold_gain":75.0,"event_name":"World of Goop","player_choice":"Gather Gold","floor":12.0,"gold_loss":0.0,"damage_taken":11.0}],"is_beta":false,"boss_relics":[],"items_purged_floors":[],"is_endless":false,"potions_floor_spawned":[3,4,7,14],"killed_by":"Hexaghost","ascension_level":19}