{"gold_per_floor":[112,131,20,31,31,31,57,57,57,57,91,109,122,133,133,228,228,244,244,6,6,22,22,55,65,65,65,30,30,30,64,64,164,164,182,261,277,290,134,162,162,181,181,196,216,250,250,265,265,265,265,265,59,89,89],"floor_reached":55,"playtime":13803,"items_purged":["Pain"],"score":767,"play_id":"560e7dc7-098f-402d-8ce2-39ea2db50d15","local_time":"20190902032343","is_ascension_mode":false,"campfire_choices":[{"floor":6,"key":"REST"},{"data":"Perfected Strike","floor":8,"key":"SMITH"},{"floor":15,"key":"REST"},{"data":"Dark Embrace","floor":23,"key":"SMITH"},{"floor":27,"key":"REST"},{"data":"Armaments","floor":29,"key":"SMITH"},{"data":"Second Wind","floor":32,"key":"SMITH"},{"data":"Power Through","floor":41,"key":"SMITH"},{"data":"Shrug It Off","floor":47,"key":"SMITH"},{"floor":49,"key":"RECALL"},{"data":"Flame Barrier","floor":52,"key":"SMITH"}],"neow_cost":"CURSE","seed_source_timestamp":791290952856226,"circlet_count":0,"master_deck":["Strike_R","Strike_R","Strike_R+1","Strike_R","Strike_R","Defend_R","Defend_R+1","Defend_R","Defend_R+1","Bash","Perfected Strike+1","Shrug It Off+1","Feel No Pain","Second Wind+1","Clothesline+1","Shockwave","Feel No Pain","Armaments+1","Corruption","Dark Embrace+1","Havoc","Iron Wave+1","Flame Barrier+1","Pommel Strike+1","Reaper","Sentinel","Warcry+1","Power Through+1","Armaments+1","Power Through+1","Sentinel+1","Ghostly Armor+1","Rampage"],"relics":["Burning Blood","Magic Flower","Odd Mushroom","StoneCalendar","Runic Pyramid","Sundial","Boot","Art of War","Regal Pillow","Mark of Pain","Bottled Flame","War Paint","Happy Flower","FossilizedHelix","Ice Cream","Strange Spoon","Paper Frog"],"potions_floor_usage":[7,11,33,33,40,50,50,50],"damage_taken":[{"damage":10,"enemies":"Small Slimes","floor":1,"turns":6},{"damage":5,"enemies":"2 Louse","floor":2,"turns":3},{"damage":1,"enemies":"Jaw Worm","floor":4,"turns":4},{"damage":3,"enemies":"The Mushroom Lair","floor":7,"turns":5},{"damage":30,"enemies":"3 Sentries","floor":11,"turns":11},{"damage":19,"enemies":"Exordium Wildlife","floor":12,"turns":7},{"damage":6,"enemies":"Red Slaver","floor":13,"turns":4},{"damage":15,"enemies":"Gremlin Gang","floor":14,"turns":7},{"damage":7,"enemies":"Slime Boss","floor":16,"turns":8},{"damage":0,"enemies":"Chosen","floor":18,"turns":6},{"damage":9,"enemies":"Spheric Guardian","floor":22,"turns":6},{"damage":11,"enemies":"Book of Stabbing","floor":24,"turns":6},{"damage":1,"enemies":"Snecko","floor":25,"turns":5},{"damage":48,"enemies":"Slavers","floor":31,"turns":8},{"damage":15,"enemies":"Champ","floor":33,"turns":11},{"damage":31,"enemies":"3 Darklings","floor":35,"turns":7},{"damage":8,"enemies":"3 Shapes","floor":37,"turns":7},{"damage":0,"enemies":"Maw","floor":38,"turns":7},{"damage":0,"enemies":"Reptomancer","floor":40,"turns":8},{"damage":0,"enemies":"3 Darklings","floor":42,"turns":7},{"damage":17,"enemies":"Transient","floor":44,"turns":5},{"damage":0,"enemies":"Maw","floor":45,"turns":9},{"damage":0,"enemies":"Nemesis","floor":46,"turns":9},{"damage":14,"enemies":"3 Darklings","floor":48,"turns":7},{"damage":26,"enemies":"Donu and Deca","floor":50,"turns":12},{"damage":36,"enemies":"Shield and Spear","floor":54,"turns":11},{"damage":101,"enemies":"The Heart","floor":55,"turns":9}],"seed_played":"-6581674833033039927","potions_obtained":[{"floor":4,"key":"Fire Potion"},{"floor":7,"key":"Weak Potion"},{"floor":18,"key":"Weak Potion"},{"floor":24,"key":"FearPotion"},{"floor":31,"key":"SkillPotion"},{"floor":35,"key":"Dexterity Potion"},{"floor":38,"key":"Swift Potion"},{"floor":48,"key":"Block Potion"}],"is_trial":false,"path_per_floor":["M","M","$","M","?","R","?","R","T","?","E","M","M","M","R","B",null,"M","?","$","?","M","R","E","M","T","R","$","R","$","E","R","B",null,"M","T","M","M","$","E","R","M","T","M","M","E","R","M","R","B",null,"R","$","E","B"],"character_chosen":"IRONCLAD","items_purchased":["Feel No Pain","Sundial","Flame Barrier","War Paint","Strange Spoon"],"campfire_rested":3,"item_purchase_floors":[3,20,28,39,53],"current_hp_per_floor":[79,80,80,80,80,80,80,80,80,64,43,33,36,30,54,56,80,80,65,65,65,65,65,63,71,71,85,85,85,85,46,46,40,85,72,72,73,85,85,85,85,85,85,77,85,85,85,85,85,73,85,85,85,66,0],"gold":89,"neow_bonus":"ONE_RARE_RELIC","is_prod":false,"is_daily":false,"chose_seed":false,"campfire_upgraded":7,"win_rate":0,"timestamp":1567387423,"path_taken":["M","M","$","M","?","R","?","R","T","?","E","?","M","M","R","BOSS","M","?","$","?","M","R","E","M","T","R","$","R","?","E","R","BOSS","M","?","M","M","$","E","R","M","T","?","?","E","R","?","R","BOSS","R","$","E","BOSS"],"build_version":"2019-06-28","purchased_purges":1,"victory":false,"max_hp_per_floor":[80,80,80,80,80,80,80,80,80,80,80,80,80,80,80,80,80,80,85,85,85,85,85,85,85,85,85,85,85,85,85,85,85,85,85,85,85,85,85,85,85,85,85,85,85,85,85,85,85,85,85,85,85,85,85],"card_choices":[{"not_picked":["Armaments","Thunderclap"],"picked":"Perfected Strike","floor":1},{"not_picked":["Searing Blow","Armaments"],"picked":"Shrug It Off","floor":2},{"not_picked":["Clash","Armaments"],"picked":"Second Wind","floor":4},{"not_picked":["Wild Strike","Impervious"],"picked":"Clothesline","floor":7},{"not_picked":["Inflame","Pummel"],"picked":"Shockwave","floor":11},{"not_picked":["Inflame","Evolve"],"picked":"Feel No Pain","floor":12},{"not_picked":["Feel No Pain","Iron Wave"],"picked":"Armaments","floor":13},{"not_picked":["Pommel Strike","Dual Wield"],"picked":"Corruption","floor":14},{"not_picked":["Limit Break","Impervious"],"picked":"Dark Embrace","floor":16},{"not_picked":["Twin Strike","Sword Boomerang","Flex+1"],"picked":"SKIP","floor":18},{"not_picked":["Clothesline","Rampage"],"picked":"Havoc","floor":22},{"not_picked":["Fire Breathing","Intimidate","Twin Strike+1"],"picked":"SKIP","floor":24},{"not_picked":["Carnage","Sword Boomerang"],"picked":"Iron Wave+1","floor":25},{"not_picked":["Dark Embrace","Searing Blow"],"picked":"Pommel Strike+1","floor":31},{"not_picked":["Impervious","Brutality"],"picked":"Reaper","floor":33},{"not_picked":["Whirlwind","Sword Boomerang"],"picked":"Sentinel","floor":35},{"not_picked":["True Grit+1","Thunderclap+1"],"picked":"Warcry+1","floor":37},{"not_picked":["Anger","Cleave"],"picked":"Power Through","floor":38},{"not_picked":["Warcry","Feel No Pain"],"picked":"Armaments+1","floor":40},{"not_picked":["True Grit+1","Blood for Blood","Warcry+1"],"picked":"SKIP","floor":42},{"not_picked":["Armaments","Rampage"],"picked":"Power Through+1","floor":44},{"not_picked":["Thunderclap+1","Dark Embrace","Twin Strike+1"],"picked":"SKIP","floor":45},{"not_picked":["Twin Strike+1","Clash"],"picked":"Sentinel+1","floor":46},{"not_picked":["Sword Boomerang+1","Armaments"],"picked":"Ghostly Armor+1","floor":48},{"not_picked":["Thunderclap+1","Wild Strike"],"picked":"Rampage","floor":54}],"player_experience":169409,"relics_obtained":[{"floor":7,"key":"Odd Mushroom"},{"floor":11,"key":"StoneCalendar"},{"floor":24,"key":"Boot"},{"floor":26,"key":"Art of War"},{"floor":31,"key":"Regal Pillow"},{"floor":36,"key":"Bottled Flame"},{"floor":40,"key":"Happy Flower"},{"floor":43,"key":"FossilizedHelix"},{"floor":46,"key":"Ice Cream"},{"floor":54,"key":"Paper Frog"}],"event_choices":[{"damage_healed":0,"gold_gain":0,"player_choice":"Ignored","damage_taken":0,"max_hp_gain":0,"max_hp_loss":0,"event_name":"Golden Wing","floor":5,"gold_loss":0},{"damage_healed":0,"gold_gain":0,"player_choice":"Fought Mushrooms","damage_taken":0,"max_hp_gain":0,"max_hp_loss":0,"event_name":"Mushrooms","floor":7,"gold_loss":0},{"damage_healed":0,"gold_gain":0,"player_choice":"Entered Light","damage_taken":16,"max_hp_gain":0,"max_hp_loss":0,"event_name":"Shining Light","floor":10,"gold_loss":0,"cards_upgraded":["Strike_R","Clothesline"]},{"damage_healed":0,"gold_gain":0,"player_choice":"Shed Blood","damage_taken":20,"max_hp_gain":5,"max_hp_loss":0,"event_name":"Forgotten Altar","floor":19,"gold_loss":0},{"damage_healed":0,"gold_gain":0,"player_choice":"Ignored","damage_taken":0,"max_hp_gain":0,"max_hp_loss":0,"event_name":"Ghosts","floor":21,"gold_loss":0}],"is_beta":true,"boss_relics":[{"not_picked":["Velvet Choker","Eternal Feather"],"picked":"Runic Pyramid"},{"not_picked":["Lizard Tail","Runic Dome"],"picked":"Mark of Pain"}],"items_purged_floors":[3],"is_endless":false,"potions_floor_spawned":[4,7,18,24,31,35,38,48],"killed_by":"The Heart","ascension_level":0}