{"gold_per_floor":[112,112,112,126,136,136,136,167,191,206,220,220,245,262,262,338,388,399,449,449,466,466],"floor_reached":22,"playtime":1001,"items_purged":[],"score":492,"play_id":"cdc9aada-256c-4dff-88e3-709794f1e505","local_time":"20190815234720","is_ascension_mode":true,"campfire_choices":[{"data":"Lockon","floor":6,"key":"SMITH"},{"data":"Consume","floor":12,"key":"SMITH"},{"floor":15,"key":"RECALL"}],"neow_cost":"NONE","seed_source_timestamp":32101398242723,"circlet_count":0,"master_deck":["AscendersBane","Strike_B","Strike_B","Strike_B","Defend_B","Defend_B","Defend_B","Defend_B+1","Zap+1","Dualcast","Consume+1","Storm","Rip and Tear","Lockon+1","FTL","Cold Snap","Coolheaded+1","Coolheaded","Creative AI","Sunder","Leap","Blizzard"],"relics":["Cracked Core","War Paint","Anchor","CultistMask","Bronze Scales","Vajra","Dream Catcher","Tiny House"],"potions_floor_usage":[8,18,22],"damage_taken":[{"damage":3,"enemies":"2 Louse","floor":1,"turns":3},{"damage":7,"enemies":"Small Slimes","floor":4,"turns":3},{"damage":6,"enemies":"Cultist","floor":5,"turns":3},{"damage":0,"enemies":"Gremlin Nob","floor":8,"turns":2},{"damage":0,"enemies":"Large Slime","floor":10,"turns":3},{"damage":0,"enemies":"Exordium Thugs","floor":11,"turns":3},{"damage":0,"enemies":"3 Sentries","floor":13,"turns":6},{"damage":0,"enemies":"2 Fungi Beasts","floor":14,"turns":2},{"damage":22,"enemies":"The Guardian","floor":16,"turns":11},{"damage":20,"enemies":"2 Thieves","floor":18,"turns":3},{"damage":24,"enemies":"3 Byrds","floor":21,"turns":3},{"damage":73,"enemies":"Cultist and Chosen","floor":22,"turns":4}],"seed_played":"3741429891791048148","potions_obtained":[{"floor":4,"key":"SteroidPotion"},{"floor":5,"key":"Fire Potion"},{"floor":8,"key":"Ancient Potion"},{"floor":14,"key":"FocusPotion"},{"floor":21,"key":"Explosive Potion"}],"is_trial":false,"path_per_floor":["M","?","?","M","M","R","?","E","T","M","M","R","E","M","R","B",null,"M","?","?","M","M"],"character_chosen":"DEFECT","items_purchased":[],"campfire_rested":0,"item_purchase_floors":[],"current_hp_per_floor":[61,56,56,49,43,43,43,43,43,43,43,43,43,43,43,21,64,44,44,86,62,0],"gold":466,"neow_bonus":"RANDOM_COMMON_RELIC","is_prod":false,"is_daily":false,"chose_seed":false,"campfire_upgraded":2,"win_rate":0,"timestamp":1565938040,"path_taken":["M","?","?","M","M","R","?","E","T","M","?","R","E","M","R","BOSS","M","?","?","M","M"],"build_version":"2019-08-15","purchased_purges":0,"victory":false,"max_hp_per_floor":[71,71,71,71,71,71,71,71,71,71,71,71,71,71,71,71,76,76,76,86,86,86],"card_choices":[{"not_picked":["Coolheaded","Double Energy"],"picked":"Consume","floor":1},{"not_picked":["Leap","Hologram"],"picked":"Rip and Tear","floor":4},{"not_picked":["Tempest","Gash"],"picked":"Lockon","floor":5},{"not_picked":["Doom and Gloom","Beam Cell"],"picked":"FTL","floor":8},{"not_picked":["Redo","Streamline"],"picked":"Cold Snap","floor":10},{"not_picked":["Compile Driver","Streamline"],"picked":"Coolheaded","floor":11},{"not_picked":["Fusion","Leap"],"picked":"Amplify","floor":13},{"not_picked":["Reinforced Body","Barrage"],"picked":"Coolheaded","floor":14},{"not_picked":["Seek","Amplify"],"picked":"Creative AI","floor":16},{"not_picked":["Streamline","Gash"],"picked":"Sunder","floor":17},{"not_picked":["Sweeping Beam","Rebound"],"picked":"Leap","floor":18},{"not_picked":["Rebound","Streamline"],"picked":"Blizzard","floor":21}],"player_experience":2941582,"relics_obtained":[{"floor":8,"key":"Bronze Scales"},{"floor":9,"key":"Vajra"},{"floor":13,"key":"Dream Catcher"}],"event_choices":[{"damage_healed":0,"gold_gain":0,"player_choice":"Success","damage_taken":5,"relics_obtained":["Anchor"],"max_hp_gain":0,"max_hp_loss":0,"event_name":"Scrap Ooze","floor":2,"gold_loss":0},{"damage_healed":0,"gold_gain":0,"cards_transformed":["Strike_B"],"player_choice":"Change","damage_taken":0,"max_hp_gain":0,"max_hp_loss":0,"event_name":"Living Wall","floor":3,"gold_loss":0,"cards_obtained":["Storm"]},{"damage_healed":0,"gold_gain":0,"player_choice":"Trade","damage_taken":0,"relics_obtained":["CultistMask"],"max_hp_gain":0,"max_hp_loss":0,"event_name":"FaceTrader","floor":7,"gold_loss":0},{"damage_healed":0,"gold_gain":50,"player_choice":"Stole From Cult","damage_taken":0,"max_hp_gain":0,"max_hp_loss":0,"event_name":"Nest","floor":19,"gold_loss":0},{"cards_removed":["Amplify"],"damage_healed":32,"gold_gain":0,"player_choice":"Offered Rare","damage_taken":0,"max_hp_gain":10,"max_hp_loss":0,"event_name":"Bonfire Elementals","floor":20,"gold_loss":0}],"is_beta":true,"boss_relics":[{"not_picked":["Calling Bell","Orrery"],"picked":"Tiny House"}],"items_purged_floors":[],"is_endless":false,"potions_floor_spawned":[4,5,8,14,16,21],"killed_by":"Cultist and Chosen","ascension_level":20}