{"gold_per_floor":[13,24,42,61,81,81,109,121,158,197,229,269,281,305,317,428,440,467,479,504,533,259,259,291,302,328,338,338,263,263,297,297,400,400,414,428,108,108,118,151,151,165,165,165,176,26,26,26,26,26],"floor_reached":50,"playtime":2910,"items_purged":["Bite","Defend_R"],"score":659,"play_id":"f4425a44-ebaa-4938-9dee-0323940df85d","local_time":"20190901164320","is_ascension_mode":true,"campfire_choices":[{"data":"Shrug It Off","floor":6.0,"key":"SMITH"},{"data":"Spot Weakness","floor":8.0,"key":"SMITH"},{"data":"Pummel","floor":15.0,"key":"SMITH"},{"data":"Armaments","floor":23.0,"key":"SMITH"},{"data":"Double Tap","floor":28.0,"key":"SMITH"},{"data":"Shrug It Off","floor":30.0,"key":"SMITH"},{"data":"Sword Boomerang","floor":32.0,"key":"SMITH"},{"data":"Demon Form","floor":41.0,"key":"SMITH"},{"data":"Thunderclap","floor":44.0,"key":"SMITH"},{"data":"Warcry","floor":47.0,"key":"PURGE"},{"data":"Bite","floor":49.0,"key":"PURGE"}],"neow_cost":"NO_GOLD","seed_source_timestamp":492716287294822,"circlet_count":0,"master_deck":["Defend_R+1","Defend_R+1","Bash","Pummel+1","Thunderclap+1","Spot Weakness+1","Shrug It Off+1","Shrug It Off+1","Iron Wave","Double Tap+1","Bite","Bite","Shockwave+1","Armaments+1","Shrug It Off+1","Inflame+1","Sword Boomerang+1","Demon Form+1","Madness+1","Madness+1"],"special_seed":0,"relics":["Burning Blood","MawBank","War Paint","Vajra","Odd Mushroom","Sozu","Membership Card","Tiny Chest","Lantern","PreservedInsect","Singing Bowl","Busted Crown","Molten Egg 2","Peace Pipe","Toxic Egg 2","Frozen Egg 2","DollysMirror"],"potions_floor_usage":[50],"damage_taken":[{"damage":7.0,"enemies":"Small Slimes","floor":1.0,"turns":3.0},{"damage":13.0,"enemies":"Jaw Worm","floor":2.0,"turns":4.0},{"damage":0.0,"enemies":"2 Louse","floor":3.0,"turns":2.0},{"damage":8.0,"enemies":"Red Slaver","floor":4.0,"turns":3.0},{"damage":19.0,"enemies":"Exordium Wildlife","floor":5.0,"turns":3.0},{"damage":25.0,"enemies":"3 Sentries","floor":7.0,"turns":6.0},{"damage":16.0,"enemies":"Lagavulin","floor":10.0,"turns":7.0},{"damage":3.0,"enemies":"Looter","floor":11.0,"turns":3.0},{"damage":2.0,"enemies":"The Mushroom Lair","floor":12.0,"turns":4.0},{"damage":3.0,"enemies":"Exordium Thugs","floor":14.0,"turns":3.0},{"damage":9.0,"enemies":"The Guardian","floor":16.0,"turns":9.0},{"damage":2.0,"enemies":"3 Byrds","floor":18.0,"turns":5.0},{"damage":11.0,"enemies":"Spheric Guardian","floor":20.0,"turns":4.0},{"damage":16.0,"enemies":"Shelled Parasite and Fungi","floor":21.0,"turns":4.0},{"damage":25.0,"enemies":"Book of Stabbing","floor":24.0,"turns":5.0},{"damage":32.0,"enemies":"Snecko","floor":25.0,"turns":7.0},{"damage":0.0,"enemies":"Cultist and Chosen","floor":27.0,"turns":3.0},{"damage":0.0,"enemies":"Slavers","floor":31.0,"turns":3.0},{"damage":41.0,"enemies":"Champ","floor":33.0,"turns":10.0},{"damage":20.0,"enemies":"3 Darklings","floor":35.0,"turns":6.0},{"damage":0.0,"enemies":"Orb Walker","floor":36.0,"turns":2.0},{"damage":15.0,"enemies":"3 Darklings","floor":39.0,"turns":5.0},{"damage":7.0,"enemies":"Reptomancer","floor":40.0,"turns":3.0},{"damage":17.0,"enemies":"Maw","floor":42.0,"turns":6.0},{"damage":23.0,"enemies":"Spire Growth","floor":45.0,"turns":3.0},{"damage":63,"enemies":"Time Eater","floor":50,"turns":3}],"seed_played":"-6287114535448066634","potions_obtained":[{"floor":2.0,"key":"LiquidBronze"},{"floor":3.0,"key":"SpeedPotion"},{"floor":11.0,"key":"Energy Potion"}],"is_trial":false,"path_per_floor":["M","M","M","M","M","R","E","R","T","E","M","?","$","M","R","B",null,"M","?","M","M","$","R","E","M","T","M","R","?","R","E","R","B",null,"M","M","$","?","M","E","R","M","T","R","M","$","R","$","R","B"],"character_chosen":"IRONCLAD","items_purchased":["Membership Card","Tiny Chest","Molten Egg 2","Peace Pipe","Madness+1","DollysMirror"],"campfire_rested":0,"item_purchase_floors":[22,22,37,37,46,46],"current_hp_per_floor":[79,72,78,76,63,63,44,44,44,34,37,41,41,44,44,41,80,80,56,53,52,52,52,50,39,39,51,51,51,51,58,58,33,58,56,62,62,62,60,66,66,68,68,68,53,53,53,53,53,0],"gold":26,"neow_bonus":"TRANSFORM_TWO_CARDS","is_prod":false,"is_daily":false,"chose_seed":false,"campfire_upgraded":9,"win_rate":0,"timestamp":1567349000,"path_taken":["M","M","M","M","M","R","E","R","T","E","M","?","?","M","R","BOSS","M","?","M","M","$","R","E","M","T","M","R","?","R","E","R","BOSS","M","M","$","?","M","E","R","?","T","R","M","?","R","$","R","BOSS"],"build_version":"2019-07-17","purchased_purges":2,"victory":false,"max_hp_per_floor":[80,80,80,80,80,80,80,80,80,80,80,80,80,80,80,80,80,80,56,56,56,56,56,56,56,56,56,56,56,56,58,58,58,58,60,62,62,62,64,66,66,68,68,68,70,70,70,70,70,70],"card_choices":[{"not_picked":["Clash","Warcry","Power Through"],"picked":"SKIP","floor":1.0},{"not_picked":["Pommel Strike","Clothesline"],"picked":"Thunderclap","floor":2.0},{"not_picked":["Cleave","Flame Barrier"],"picked":"Spot Weakness","floor":3.0},{"not_picked":["Corruption","Anger","Pommel Strike"],"picked":"SKIP","floor":4.0},{"not_picked":["Body Slam","Armaments"],"picked":"Shrug It Off","floor":5.0},{"not_picked":["Feel No Pain","Cleave","Disarm"],"picked":"SKIP","floor":7.0},{"not_picked":["Rage","Offering","Body Slam"],"picked":"SKIP","floor":10.0},{"not_picked":["Wild Strike","Iron Wave"],"picked":"Shrug It Off","floor":11.0},{"not_picked":["Berserk","Thunderclap"],"picked":"Iron Wave","floor":12.0},{"not_picked":["Heavy Blade","Iron Wave","Havoc"],"picked":"SKIP","floor":14.0},{"not_picked":["Immolate","Brutality"],"picked":"Double Tap","floor":16.0},{"not_picked":["Thunderclap","Heavy Blade","True Grit"],"picked":"SKIP","floor":18.0},{"not_picked":["Clash","Armaments"],"picked":"Shockwave+1","floor":20.0},{"not_picked":["Cleave+1","Corruption"],"picked":"Armaments","floor":21.0},{"not_picked":["Warcry+1","Spot Weakness"],"picked":"Shrug It Off+1","floor":24.0},{"not_picked":["Thunderclap","Twin Strike"],"picked":"Inflame+1","floor":25.0},{"not_picked":["Bloodletting","Feel No Pain"],"picked":"Sword Boomerang","floor":27.0},{"not_picked":["Shockwave","Wild Strike+1","Pommel Strike"],"picked":"Singing Bowl","floor":31.0},{"not_picked":["Brutality","Feed"],"picked":"Demon Form","floor":33.0},{"not_picked":["Searing Blow+1"],"picked":"Singing Bowl","floor":35.0},{"not_picked":["Wild Strike+1"],"picked":"Singing Bowl","floor":36.0},{"not_picked":["Shrug It Off"],"picked":"Singing Bowl","floor":39.0},{"not_picked":["Rampage+1"],"picked":"Singing Bowl","floor":40.0},{"not_picked":["Burning Pact+1"],"picked":"Singing Bowl","floor":42.0},{"not_picked":["Perfected Strike+1"],"picked":"Singing Bowl","floor":45.0}],"player_experience":129042,"relics_obtained":[{"floor":7.0,"key":"MawBank"},{"floor":9.0,"key":"War Paint"},{"floor":10.0,"key":"Vajra"},{"floor":12.0,"key":"Odd Mushroom"},{"floor":24.0,"key":"Lantern"},{"floor":26.0,"key":"PreservedInsect"},{"floor":31.0,"key":"Singing Bowl"},{"floor":40.0,"key":"Toxic Egg 2"},{"floor":43.0,"key":"Frozen Egg 2"}],"event_choices":[{"damage_healed":0.0,"max_hp_gain":0.0,"max_hp_loss":0.0,"gold_gain":0.0,"event_name":"Mushrooms","player_choice":"Fought Mushrooms","floor":12.0,"gold_loss":0.0,"damage_taken":0.0},{"damage_healed":0.0,"max_hp_gain":0.0,"max_hp_loss":24.0,"gold_gain":0.0,"event_name":"Vampires","player_choice":"Became a vampire","floor":19.0,"gold_loss":0.0,"damage_taken":0.0,"cards_obtained":["Bite","Bite","Bite","Bite","Bite"]},{"cards_removed":["Bite"],"damage_healed":0.0,"max_hp_gain":0.0,"max_hp_loss":0.0,"gold_gain":0.0,"event_name":"Beggar","player_choice":"Gave Gold","floor":29.0,"gold_loss":75.0,"damage_taken":0.0},{"damage_healed":0.0,"max_hp_gain":0.0,"max_hp_loss":0.0,"gold_gain":0.0,"event_name":"SecretPortal","player_choice":"Ignored","floor":38.0,"gold_loss":0.0,"damage_taken":0.0}],"is_beta":false,"boss_relics":[{"not_picked":["Orrery","Fusion Hammer"],"picked":"Sozu"},{"not_picked":["Astrolabe","Lizard Tail"],"picked":"Busted Crown"}],"items_purged_floors":[22,37],"is_endless":false,"potions_floor_spawned":[2,3,11,31,33,35,36,39,40],"killed_by":"Time Eater","ascension_level":4}