{"gold_per_floor":[145,156,156,171,0,0,35,35,84,111,131,131],"floor_reached":12,"playtime":309,"items_purged":[],"score":172,"play_id":"28a0aca4-09b9-4953-9618-437d320d20b6","local_time":"20190521111403","is_ascension_mode":true,"campfire_choices":[{"data":"Poisoned Stab","floor":6,"key":"SMITH"},{"floor":8,"key":"REST"}],"neow_cost":"NONE","seed_source_timestamp":922021109662404,"circlet_count":0,"master_deck":["AscendersBane","Defend_G","Defend_G","Defend_G","Defend_G","Defend_G","Strike_G","Strike_G","Strike_G","Strike_G","Survivor","Neutralize","Leg Sweep","Deadly Poison","Poisoned Stab+1","PiercingWail","Crippling Poison","Poisoned Stab"],"relics":["Ring of the Snake","Tiny Chest","PreservedInsect","Omamori","Lantern","Anchor"],"potions_floor_usage":[12,12],"damage_taken":[{"damage":8,"enemies":"Jaw Worm","floor":1,"turns":5},{"damage":7,"enemies":"Cultist","floor":2,"turns":4},{"damage":0,"enemies":"2 Louse","floor":4,"turns":3},{"damage":24,"enemies":"Lagavulin","floor":7,"turns":8},{"damage":26,"enemies":"3 Sentries","floor":10,"turns":11},{"damage":8,"enemies":"Blue Slaver","floor":11,"turns":4},{"damage":5,"enemies":"Lagavulin","floor":12,"turns":3}],"seed_played":"4155911034699929902","potions_obtained":[{"floor":1,"key":"Weak Potion"},{"floor":2,"key":"LiquidBronze"}],"is_trial":false,"path_per_floor":["M","M","?","M","$","R","E","R","T","E","M","E"],"character_chosen":"THE_SILENT","items_purchased":["PreservedInsect"],"campfire_rested":1,"item_purchase_floors":[5],"current_hp_per_floor":[51,44,44,44,44,44,20,39,39,13,5,0],"gold":131,"neow_bonus":"RANDOM_COMMON_RELIC","is_prod":false,"is_daily":false,"chose_seed":false,"campfire_upgraded":1,"win_rate":0,"timestamp":1558451643,"path_taken":["M","M","?","?","$","R","E","R","T","E","M","E"],"build_version":"2019-01-23","purchased_purges":0,"victory":false,"max_hp_per_floor":[66,66,66,66,66,66,66,66,66,66,66,66],"card_choices":[{"not_picked":["Cloak And Dagger","Flying Knee"],"picked":"Leg Sweep","floor":1},{"not_picked":["Calculated Gamble","Outmaneuver"],"picked":"Deadly Poison","floor":2},{"not_picked":["Dagger Spray","Dodge and Roll"],"picked":"Poisoned Stab","floor":4},{"not_picked":["All Out Attack","Prepared"],"picked":"PiercingWail","floor":7},{"not_picked":["Backstab","Dagger Throw"],"picked":"Crippling Poison","floor":10},{"not_picked":["Quick Slash","Dagger Throw"],"picked":"Poisoned Stab","floor":11}],"player_experience":391153,"relics_obtained":[{"floor":7,"key":"Omamori"},{"floor":9,"key":"Lantern"},{"floor":10,"key":"Anchor"}],"event_choices":[{"cards_removed":["Strike_G"],"damage_healed":0,"gold_gain":0,"player_choice":"Purged","damage_taken":0,"max_hp_gain":0,"max_hp_loss":0,"event_name":"Purifier","floor":3,"gold_loss":0}],"is_beta":false,"boss_relics":[],"items_purged_floors":[],"is_endless":false,"potions_floor_spawned":[1,2],"killed_by":"Lagavulin","ascension_level":19}