{"gold_per_floor":[118,131,57,75,86,86,115,141,168,168,182,212,224,302,314,417,429,461,493,505,19,33,33,77,91,114,114,114,114,39,58,58,154,154,172,297,297,297,17,17,30,30,112,155,45,59,59,59,59,59],"floor_reached":50,"playtime":1804,"items_purged":[],"score":961,"play_id":"e005ec93-55a1-40ef-8bad-e1bd7abd2432","local_time":"20190503085847","is_ascension_mode":true,"campfire_choices":[{"data":"Footwork","floor":6,"key":"SMITH"},{"floor":10,"key":"REST"},{"data":"Backstab","floor":15,"key":"SMITH"},{"floor":23,"key":"REST"},{"floor":28,"key":"REST"},{"data":"Wraith Form v2","floor":32,"key":"SMITH"},{"data":"Apotheosis","floor":40,"key":"SMITH"},{"data":"Adrenaline","floor":42,"key":"SMITH"},{"data":"Poisoned Stab","floor":47,"key":"PURGE"},{"floor":49,"key":"REST"}],"neow_cost":"NONE","seed_source_timestamp":1953881449593074,"circlet_count":0,"master_deck":["AscendersBane","Defend_G","Defend_G","Defend_G+1","Defend_G","Defend_G","Survivor","Neutralize","Backstab","Dagger Spray","Footwork+1","Deadly Poison","Dodge and Roll","Adrenaline+1","Leg Sweep","Backstab+1","Dash","Wraith Form v2+1","Bane","Crippling Poison","Backstab+1","Flying Knee+1","Dodge and Roll+1","Bite","Bite","Bite","Bite","Deflect+1","A Thousand Cuts","Skewer+1","Corpse Explosion","Apotheosis+1","Dodge and Roll"],"relics":["Ring of the Snake","Vajra","Odd Mushroom","Juzu Bracelet","MawBank","Golden Idol","Tiny Chest","Philosopher\u0027s Stone","MutagenicStrength","DollysMirror","Bottled Tornado","Peace Pipe","Omamori","FaceOfCleric","WristBlade","Thread and Needle","Strange Spoon","Pear","Boot"],"potions_floor_usage":[7,8,16,18,33,33,50,50],"damage_taken":[{"damage":0,"enemies":"2 Louse","floor":1,"turns":3},{"damage":7,"enemies":"Small Slimes","floor":2,"turns":3},{"damage":2,"enemies":"Jaw Worm","floor":4,"turns":4},{"damage":0,"enemies":"3 Louse","floor":5,"turns":3},{"damage":23,"enemies":"Gremlin Nob","floor":7,"turns":4},{"damage":3,"enemies":"The Mushroom Lair","floor":8,"turns":4},{"damage":0,"enemies":"Gremlin Gang","floor":11,"turns":1},{"damage":6,"enemies":"3 Sentries","floor":12,"turns":7},{"damage":13,"enemies":"Lagavulin","floor":14,"turns":8},{"damage":15,"enemies":"Hexaghost","floor":16,"turns":12},{"damage":3,"enemies":"Chosen","floor":18,"turns":5},{"damage":0,"enemies":"Spheric Guardian","floor":19,"turns":4},{"damage":29,"enemies":"Cultist and Chosen","floor":22,"turns":7},{"damage":10,"enemies":"Book of Stabbing","floor":24,"turns":6},{"damage":11,"enemies":"Snecko","floor":25,"turns":3},{"damage":1,"enemies":"Centurion and Healer","floor":31,"turns":7},{"damage":59,"enemies":"Collector","floor":33,"turns":16},{"damage":14,"enemies":"3 Darklings","floor":35,"turns":6},{"damage":0,"enemies":"Mind Bloom Boss Battle","floor":36,"turns":10},{"damage":3,"enemies":"Orb Walker","floor":41,"turns":2},{"damage":25,"enemies":"Reptomancer","floor":44,"turns":7},{"damage":0,"enemies":"4 Shapes","floor":46,"turns":4},{"damage":51,"enemies":"Time Eater","floor":50,"turns":13}],"seed_played":"-7654897724770783934","potions_obtained":[{"floor":2,"key":"Fire Potion"},{"floor":4,"key":"Explosive Potion"},{"floor":11,"key":"Poison Potion"},{"floor":12,"key":"EssenceOfSteel"},{"floor":16,"key":"SpeedPotion"},{"floor":31,"key":"Dexterity Potion"},{"floor":33,"key":"SneckoOil"},{"floor":41,"key":"Regen Potion"}],"is_trial":false,"path_per_floor":["M","M","$","M","M","R","E","?","T","R","M","E","?","E","R","B",null,"M","M","?","$","M","R","E","M","T","?","R","?","?","M","R","B",null,"M","?","?","?","$","R","M","R","T","E","?","M","R","$","R","B"],"character_chosen":"THE_SILENT","items_purchased":["Footwork","DollysMirror","Bottled Tornado","Strange Spoon","Dexterity Potion"],"campfire_rested":4,"item_purchase_floors":[3,21,21,39,39],"current_hp_per_floor":[59,52,52,50,50,50,27,24,24,43,43,37,37,24,24,9,47,44,44,44,44,15,33,23,12,12,12,30,30,30,42,42,5,34,31,44,44,44,44,44,42,42,52,38,38,41,41,41,58,34],"gold":59,"neow_bonus":"THREE_CARDS","is_prod":false,"is_daily":false,"chose_seed":false,"campfire_upgraded":5,"win_rate":0,"timestamp":1556888327,"path_taken":["M","M","$","M","M","R","E","?","T","R","M","E","?","E","R","BOSS","M","M","?","$","M","R","E","M","T","?","R","?","?","M","R","BOSS","M","?","?","?","$","R","M","R","T","E","?","M","R","$","R","BOSS"],"build_version":"2019-01-23","purchased_purges":0,"victory":false,"max_hp_per_floor":[66,66,66,66,66,66,66,66,66,66,66,66,60,60,60,60,60,60,60,60,60,60,60,60,60,60,60,60,42,42,43,43,44,44,45,46,46,46,46,46,47,47,57,58,58,59,59,59,59,59],"card_choices":[{"not_picked":["Underhanded Strike","PiercingWail"],"picked":"Poisoned Stab","floor":0},{"not_picked":["PiercingWail","Terror"],"picked":"Backstab","floor":1},{"not_picked":["PiercingWail","Caltrops"],"picked":"Dagger Spray","floor":2},{"not_picked":["Sucker Punch","Concentrate"],"picked":"Deadly Poison","floor":4},{"not_picked":["Slice","Underhanded Strike"],"picked":"Dodge and Roll","floor":5},{"not_picked":["All Out Attack","Corpse Explosion"],"picked":"Adrenaline","floor":7},{"not_picked":["Outmaneuver","Poisoned Stab"],"picked":"Leg Sweep","floor":11},{"not_picked":["Deadly Poison","Escape Plan"],"picked":"Backstab","floor":12},{"not_picked":["Dagger Spray","Setup"],"picked":"Dash","floor":14},{"not_picked":["Venomology","Die Die Die"],"picked":"Wraith Form v2","floor":16},{"not_picked":["Underhanded Strike","Deflect"],"picked":"Bane","floor":18},{"not_picked":["Flying Knee","Dagger Throw"],"picked":"Crippling Poison","floor":19},{"not_picked":["Slice","Terror","Acrobatics"],"picked":"SKIP","floor":22},{"not_picked":["Masterful Stab","Deadly Poison"],"picked":"Flying Knee+1","floor":24},{"not_picked":["Bouncing Flask","Calculated Gamble"],"picked":"Dodge and Roll+1","floor":25},{"not_picked":["Bane","Poisoned Stab"],"picked":"Deflect+1","floor":31},{"not_picked":["Glass Knife","Doppelganger"],"picked":"A Thousand Cuts","floor":33},{"not_picked":["Sucker Punch","Deflect"],"picked":"Acrobatics","floor":35},{"not_picked":["Calculated Gamble","Slice"],"picked":"Skewer+1","floor":36},{"not_picked":["Finesse","Good Instincts"],"picked":"Apotheosis","floor":38},{"not_picked":["Reflex","Expertise+1"],"picked":"Dodge and Roll","floor":41},{"not_picked":["Die Die Die","Deflect"],"picked":"Caltrops","floor":44},{"not_picked":["Slice+1","Cloak And Dagger","Bane"],"picked":"SKIP","floor":46}],"player_experience":321787,"relics_obtained":[{"floor":7,"key":"Vajra"},{"floor":8,"key":"Odd Mushroom"},{"floor":9,"key":"Juzu Bracelet"},{"floor":12,"key":"MawBank"},{"floor":14,"key":"Tiny Chest"},{"floor":24,"key":"Peace Pipe"},{"floor":26,"key":"Omamori"},{"floor":36,"key":"Thread and Needle"},{"floor":43,"key":"Pear"},{"floor":44,"key":"Boot"}],"event_choices":[{"damage_healed":0,"gold_gain":0,"player_choice":"Fought Mushrooms","damage_taken":0,"max_hp_gain":0,"max_hp_loss":0,"event_name":"Mushrooms","floor":8,"gold_loss":0},{"damage_healed":0,"gold_gain":0,"player_choice":"Lose Max HP","damage_taken":0,"relics_obtained":["Golden Idol"],"max_hp_gain":0,"max_hp_loss":6,"event_name":"Golden Idol","floor":13,"gold_loss":0},{"damage_healed":0,"gold_gain":0,"player_choice":"Inject Mutagens","damage_taken":0,"relics_obtained":["MutagenicStrength"],"max_hp_gain":0,"max_hp_loss":0,"event_name":"Drug Dealer","floor":20,"gold_loss":0},{"damage_healed":0,"gold_gain":0,"player_choice":"Trade","damage_taken":0,"relics_obtained":["FaceOfCleric"],"max_hp_gain":0,"max_hp_loss":0,"event_name":"FaceTrader","floor":27,"gold_loss":0},{"damage_healed":0,"gold_gain":0,"player_choice":"Became a vampire","damage_taken":0,"max_hp_gain":0,"max_hp_loss":18,"event_name":"Vampires","floor":29,"gold_loss":0,"cards_obtained":["Bite","Bite","Bite","Bite","Bite"]},{"cards_removed":["Bite"],"damage_healed":0,"gold_gain":0,"player_choice":"Gave Gold","damage_taken":0,"max_hp_gain":0,"max_hp_loss":0,"event_name":"Beggar","floor":30,"gold_loss":75},{"damage_healed":0,"gold_gain":0,"player_choice":"Fight","damage_taken":0,"max_hp_gain":0,"max_hp_loss":0,"event_name":"MindBloom","floor":36,"gold_loss":0},{"damage_healed":0,"gold_gain":0,"cards_transformed":["Acrobatics"],"player_choice":"Transformed","damage_taken":0,"max_hp_gain":0,"max_hp_loss":0,"event_name":"Transmorgrifier","floor":37,"gold_loss":0,"cards_obtained":["Corpse Explosion"]},{"damage_healed":0,"gold_gain":0,"player_choice":"Memory 1","damage_taken":0,"max_hp_gain":0,"max_hp_loss":0,"event_name":"SensoryStone","floor":38,"gold_loss":0},{"cards_removed":["Caltrops"],"damage_healed":0,"gold_gain":0,"player_choice":"Upgrade and Remove","damage_taken":0,"max_hp_gain":0,"max_hp_loss":0,"event_name":"Designer","floor":45,"gold_loss":110,"cards_upgraded":["Defend_G"]}],"is_beta":false,"boss_relics":[{"not_picked":["Eternal Feather","White Beast Statue"],"picked":"Philosopher\u0027s Stone"},{"not_picked":["Fusion Hammer","Snecko Eye"],"picked":"WristBlade"}],"items_purged_floors":[],"is_endless":false,"potions_floor_spawned":[2,4,11,12,16,31,33,41,44,46],"killed_by":"Time Eater","ascension_level":17}