{"gold_per_floor":[364,364,364,379,402,402,402,16,16,16,39,39,39,53,53,151,151,165,181,195,195,220,264,264,307,332,332,372,372,423,348,348,348],"floor_reached":33,"playtime":1414,"items_purged":[],"score":636,"play_id":"7bb774de-a4e0-4d05-af37-d1c19e64f57f","local_time":"20190807180159","is_ascension_mode":true,"campfire_choices":[{"data":"Zap","floor":6,"key":"SMITH"},{"data":"Self Repair","floor":10,"key":"SMITH"},{"data":"Conserve Battery","floor":13,"key":"SMITH"},{"data":"Streamline","floor":15,"key":"SMITH"},{"floor":24,"key":"REST"},{"floor":27,"key":"RECALL"},{"floor":32,"key":"REST"}],"neow_cost":"CURSE","seed_source_timestamp":483336163473011,"circlet_count":0,"master_deck":["AscendersBane","Strike_B+1","Defend_B+1","Defend_B+1","Defend_B+1","Defend_B+1","Zap+1","Dualcast","BootSequence","Self Repair+1","Conserve Battery+1","Hologram+1","Streamline+1","Electrodynamics","Rainbow+1","Meteor Strike+1","Reboot+1","Capacitor","Fusion+1","Hologram+1","Conserve Battery+1","Redo+1","Darkness+1","Fusion+1"],"relics":["Cracked Core","Golden Idol","DataDisk","PreservedInsect","Toxic Egg 2","CultistMask","Astrolabe","Enchiridion","Lantern","Blue Candle","Centennial Puzzle","Kunai"],"potions_floor_usage":[4,11,16,16,23,25,25],"damage_taken":[{"damage":14,"enemies":"Jaw Worm","floor":1,"turns":4},{"damage":8,"enemies":"Small Slimes","floor":4,"turns":3},{"damage":3,"enemies":"2 Louse","floor":5,"turns":3},{"damage":9,"enemies":"Exordium Thugs","floor":11,"turns":5},{"damage":3,"enemies":"Blue Slaver","floor":14,"turns":3},{"damage":6,"enemies":"Hexaghost","floor":16,"turns":11},{"damage":8,"enemies":"Spheric Guardian","floor":18,"turns":5},{"damage":17,"enemies":"Shell Parasite","floor":19,"turns":7},{"damage":13,"enemies":"Centurion and Healer","floor":20,"turns":5},{"damage":22,"enemies":"Shelled Parasite and Fungi","floor":22,"turns":5},{"damage":6,"enemies":"Book of Stabbing","floor":23,"turns":4},{"damage":0,"enemies":"Gremlin Leader","floor":25,"turns":4},{"damage":20,"enemies":"Slavers","floor":28,"turns":4},{"damage":65,"enemies":"Collector","floor":33,"turns":8}],"seed_played":"-2440558257712213001","potions_obtained":[{"floor":1,"key":"SkillPotion"},{"floor":4,"key":"Block Potion"},{"floor":11,"key":"SkillPotion"},{"floor":14,"key":"Block Potion"},{"floor":19,"key":"FocusPotion"},{"floor":22,"key":"PowerPotion"},{"floor":23,"key":"Weak Potion"}],"is_trial":false,"path_per_floor":["M","?","?","M","M","R","?","$","T","R","M","?","R","M","R","B",null,"M","M","M","?","M","E","R","E","T","R","E","?","T","?","R","B"],"character_chosen":"DEFECT","items_purchased":["DataDisk","PreservedInsect","Conserve Battery"],"campfire_rested":2,"item_purchase_floors":[8,8,8],"current_hp_per_floor":[50,55,29,21,18,18,11,11,11,11,12,12,12,19,19,23,63,65,58,55,34,22,36,58,58,58,58,38,38,38,38,60,0],"gold":348,"neow_bonus":"TWO_FIFTY_GOLD","is_prod":false,"is_daily":false,"chose_seed":false,"campfire_upgraded":4,"win_rate":0,"timestamp":1565226119,"path_taken":["M","?","?","M","M","R","?","$","T","R","M","?","R","M","R","BOSS","M","M","M","?","M","E","R","E","T","R","E","?","?","?","R","BOSS"],"build_version":"2019-07-18","purchased_purges":0,"victory":false,"max_hp_per_floor":[71,76,76,76,76,76,76,76,76,76,76,76,76,76,76,76,76,76,76,76,76,76,76,76,76,76,76,76,76,76,76,76,76],"card_choices":[{"not_picked":["Go for the Eyes","Sweeping Beam"],"picked":"Hello World","floor":1},{"not_picked":["Streamline","Recycle"],"picked":"BootSequence","floor":4},{"not_picked":["Rebound","Chaos"],"picked":"Self Repair","floor":5},{"not_picked":["Aggregate+1","Turbo+1"],"picked":"Hologram+1","floor":11},{"not_picked":["Rebound","Static Discharge"],"picked":"Streamline","floor":14},{"not_picked":["Hyperbeam","Rainbow+1"],"picked":"Electrodynamics","floor":16},{"not_picked":["Cold Snap","Gash"],"picked":"Capacitor","floor":18},{"not_picked":["Beam Cell","Force Field+1"],"picked":"Fusion+1","floor":19},{"not_picked":["Coolheaded+1","Compile Driver"],"picked":"Hologram+1","floor":20},{"not_picked":["Barrage","Steam+1"],"picked":"Conserve Battery+1","floor":22},{"not_picked":["Beam Cell","Sweeping Beam"],"picked":"Redo+1","floor":23},{"not_picked":["Steam+1","Beam Cell"],"picked":"Darkness+1","floor":25},{"not_picked":["Cold Snap","Meteor Strike"],"picked":"Fusion+1","floor":28}],"player_experience":2885192,"relics_obtained":[{"floor":9,"key":"Toxic Egg 2"},{"floor":21,"key":"Enchiridion"},{"floor":23,"key":"Lantern"},{"floor":25,"key":"Blue Candle"},{"floor":26,"key":"Centennial Puzzle"},{"floor":28,"key":"Kunai"}],"event_choices":[{"damage_healed":0,"gold_gain":0,"player_choice":"Donut","damage_taken":0,"max_hp_gain":5,"max_hp_loss":0,"event_name":"Big Fish","floor":2,"gold_loss":0},{"damage_healed":0,"gold_gain":0,"player_choice":"Take Damage","damage_taken":26,"relics_obtained":["Golden Idol"],"max_hp_gain":0,"max_hp_loss":0,"event_name":"Golden Idol","floor":3,"gold_loss":0},{"cards_removed":["Writhe"],"damage_healed":0,"gold_gain":0,"player_choice":"Card Removal","damage_taken":7,"max_hp_gain":0,"max_hp_loss":0,"event_name":"Golden Wing","floor":7,"gold_loss":0},{"damage_healed":0,"gold_gain":0,"player_choice":"Trade","damage_taken":0,"relics_obtained":["CultistMask"],"max_hp_gain":0,"max_hp_loss":0,"event_name":"FaceTrader","floor":12,"gold_loss":0},{"damage_healed":0,"gold_gain":0,"player_choice":"Obtained Book","damage_taken":21,"max_hp_gain":0,"max_hp_loss":0,"event_name":"Cursed Tome","floor":21,"gold_loss":0},{"damage_healed":0,"gold_gain":0,"player_choice":"Simplicity","damage_taken":0,"max_hp_gain":0,"max_hp_loss":0,"event_name":"Back to Basics","floor":29,"gold_loss":0,"cards_upgraded":["Strike_B","Defend_B","Defend_B","Defend_B","Defend_B"]},{"cards_removed":["Hello World"],"damage_healed":0,"gold_gain":0,"player_choice":"Gave Gold","damage_taken":0,"max_hp_gain":0,"max_hp_loss":0,"event_name":"Beggar","floor":31,"gold_loss":75}],"is_beta":true,"boss_relics":[{"not_picked":["Philosopher\u0027s Stone","Tiny House"],"picked":"Astrolabe"}],"items_purged_floors":[],"is_endless":false,"potions_floor_spawned":[1,4,11,14,19,22,23],"killed_by":"Collector","ascension_level":20}