{"gold_per_floor":[109,125,50,70,70,105,125,125,125,156,176,176],"floor_reached":12,"playtime":298,"items_purged":["Regret"],"score":180,"play_id":"5da2e2d4-4112-4a95-978f-b97d888686fa","local_time":"20190831133620","is_ascension_mode":true,"campfire_choices":[{"floor":8,"key":"REST"}],"neow_cost":"CURSE","seed_source_timestamp":1265322504855186,"circlet_count":0,"master_deck":["AscendersBane","Strike_R","Strike_R","Strike_R","Strike_R","Strike_R","Defend_R","Defend_R","Defend_R","Defend_R","Bash","Uppercut","Twin Strike","Thunderclap","Uppercut"],"relics":["Burning Blood","Gambling Chip","Centennial Puzzle","The Courier","Potion Belt","Blue Candle"],"potions_floor_usage":[6,7,12],"damage_taken":[{"damage":17,"enemies":"2 Louse","floor":1,"turns":5},{"damage":7,"enemies":"Cultist","floor":2,"turns":3},{"damage":3,"enemies":"Small Slimes","floor":4,"turns":4},{"damage":35,"enemies":"Lagavulin","floor":6,"turns":6},{"damage":0,"enemies":"3 Louse","floor":7,"turns":1},{"damage":30,"enemies":"Gremlin Nob","floor":10,"turns":4},{"damage":8,"enemies":"2 Fungi Beasts","floor":11,"turns":4},{"damage":13,"enemies":"Lagavulin","floor":12,"turns":6}],"seed_played":"5867733585821718518","potions_obtained":[{"floor":2,"key":"Fire Potion"},{"floor":4,"key":"Explosive Potion"},{"floor":10,"key":"EssenceOfSteel"}],"is_trial":false,"path_per_floor":["M","M","$","M","?","E","M","R","T","E","M","E"],"character_chosen":"IRONCLAD","items_purchased":[],"campfire_rested":1,"item_purchase_floors":[],"current_hp_per_floor":[57,56,56,59,48,19,25,47,47,23,21,8],"gold":176,"neow_bonus":"ONE_RARE_RELIC","is_prod":false,"is_daily":false,"chose_seed":false,"campfire_upgraded":0,"win_rate":0,"timestamp":1567272980,"path_taken":["M","M","$","M","?","E","M","R","T","E","M","E"],"build_version":"2019-07-17","purchased_purges":1,"victory":false,"max_hp_per_floor":[75,75,75,75,75,75,75,75,75,75,75,75],"card_choices":[{"not_picked":["Clash","Entrench"],"picked":"Uppercut","floor":1},{"not_picked":["Flex","Perfected Strike"],"picked":"Twin Strike","floor":2},{"not_picked":["Clash","Sword Boomerang","Reckless Charge"],"picked":"SKIP","floor":4},{"not_picked":["Havoc","Pommel Strike","Thunderclap"],"picked":"SKIP","floor":6},{"not_picked":["Havoc","Pommel Strike"],"picked":"Thunderclap","floor":6},{"not_picked":["Sword Boomerang","Sentinel"],"picked":"Uppercut","floor":7},{"not_picked":["Heavy Blade","Dark Embrace","Wild Strike"],"picked":"SKIP","floor":10},{"not_picked":["Dual Wield","Heavy Blade","Clothesline"],"picked":"SKIP","floor":11}],"player_experience":618696,"relics_obtained":[{"floor":6,"key":"The Courier"},{"floor":9,"key":"Potion Belt"},{"floor":10,"key":"Blue Candle"}],"event_choices":[{"damage_healed":0,"gold_gain":0,"player_choice":"Success","damage_taken":11,"relics_obtained":["Centennial Puzzle"],"max_hp_gain":0,"max_hp_loss":0,"event_name":"Scrap Ooze","floor":5,"gold_loss":0}],"is_beta":false,"boss_relics":[],"items_purged_floors":[3],"is_endless":false,"potions_floor_spawned":[2,4,10],"killed_by":"Lagavulin","ascension_level":20}