{"gold_per_floor":[109,109,124,137,137,165,165,179,179,197,197,208,240,6,6,6],"floor_reached":16,"playtime":595,"items_purged":["Strike_B"],"score":224,"play_id":"2c1fcd7b-d65d-4785-8bdb-8922f0e06fe0","local_time":"20190720215337","is_ascension_mode":true,"campfire_choices":[{"data":"Zap","floor":7,"key":"SMITH"},{"data":"Rainbow","floor":11,"key":"SMITH"},{"data":"Dualcast","floor":15,"key":"SMITH"}],"neow_cost":"NONE","seed_source_timestamp":652401539703300,"circlet_count":0,"master_deck":["AscendersBane","Strike_B","Strike_B","Defend_B","Defend_B","Defend_B","Defend_B","Zap+1","Dualcast+1","Ball Lightning+1","Ball Lightning","Leap","Rainbow+1","Cold Snap","Chill","White Noise","All For One","Gash","Blind"],"relics":["Cracked Core","NeowsBlessing","Bag of Preparation","Incense Burner"],"potions_floor_usage":[16],"damage_taken":[{"damage":0,"enemies":"2 Louse","floor":1,"turns":1},{"damage":0,"enemies":"Cultist","floor":3,"turns":1},{"damage":0,"enemies":"Jaw Worm","floor":4,"turns":1},{"damage":30,"enemies":"3 Sentries","floor":6,"turns":6},{"damage":9,"enemies":"Gremlin Gang","floor":8,"turns":3},{"damage":6,"enemies":"3 Louse","floor":10,"turns":2},{"damage":6,"enemies":"Blue Slaver","floor":12,"turns":3},{"damage":6,"enemies":"Gremlin Nob","floor":13,"turns":3},{"damage":18,"enemies":"Slime Boss","floor":16,"turns":8}],"seed_played":"5032794937256014512","potions_obtained":[{"floor":3,"key":"Swift Potion"},{"floor":6,"key":"SmokeBomb"}],"is_trial":false,"path_per_floor":["M","?","M","M","?","E","R","M","T","M","R","M","E","$","R","B"],"character_chosen":"DEFECT","items_purchased":["Gash","Blind"],"campfire_rested":0,"item_purchase_floors":[14,14],"current_hp_per_floor":[64,64,64,64,64,34,34,25,25,19,19,13,7,7,7,0],"gold":6,"neow_bonus":"THREE_ENEMY_KILL","is_prod":false,"is_daily":false,"chose_seed":false,"campfire_upgraded":3,"win_rate":0,"timestamp":1563684817,"path_taken":["M","?","?","M","?","E","R","M","T","?","R","?","E","$","R","BOSS"],"build_version":"2019-07-18","purchased_purges":1,"victory":false,"max_hp_per_floor":[71,71,71,71,71,71,71,71,71,71,71,71,71,71,71,71],"card_choices":[{"not_picked":["Fusion","Beam Cell"],"picked":"Ball Lightning","floor":1},{"not_picked":["Beam Cell","Streamline"],"picked":"Ball Lightning","floor":3},{"not_picked":["Genetic Algorithm","Reprogram"],"picked":"Leap","floor":4},{"not_picked":["Fusion","Force Field"],"picked":"Rainbow","floor":6},{"not_picked":["Redo","Sweeping Beam"],"picked":"Cold Snap","floor":8},{"not_picked":["Streamline","Leap"],"picked":"Chill","floor":10},{"not_picked":["Stack","Streamline"],"picked":"White Noise","floor":12},{"not_picked":["Gash","BootSequence"],"picked":"All For One","floor":13}],"player_experience":2832674,"relics_obtained":[{"floor":6,"key":"Bag of Preparation"},{"floor":13,"key":"Incense Burner"}],"event_choices":[{"cards_removed":["Strike_B"],"damage_healed":0,"gold_gain":0,"player_choice":"Card Removal","damage_taken":0,"max_hp_gain":0,"max_hp_loss":0,"event_name":"Wheel of Change","floor":2,"gold_loss":0},{"damage_healed":0,"gold_gain":0,"player_choice":"Upgraded","damage_taken":0,"max_hp_gain":0,"max_hp_loss":0,"event_name":"Upgrade Shrine","floor":5,"gold_loss":0,"cards_upgraded":["Ball Lightning"]}],"is_beta":true,"boss_relics":[],"items_purged_floors":[14],"is_endless":false,"potions_floor_spawned":[3,6,8],"killed_by":"Slime Boss","ascension_level":20}