{"gold_per_floor":[112,82,101,26,26,26,52,66,66,85,85,85,98,98,98,170,170,187,4,19,38,38,38,38,38,62,62],"floor_reached":27,"playtime":1745,"items_purged":[],"score":476,"play_id":"36da17d7-13bc-4f58-9e6d-18d17666ef1b","local_time":"20190822174403","is_ascension_mode":true,"campfire_choices":[{"data":"Multi-Cast","floor":6.0,"key":"SMITH"},{"data":"Genetic Algorithm","floor":12.0,"key":"SMITH"},{"data":"Zap","floor":15.0,"key":"SMITH"},{"data":"Buffer","floor":23.0,"key":"SMITH"},{"data":"Defragment","floor":25,"key":"SMITH"}],"neow_cost":"NONE","seed_source_timestamp":54534212050000,"circlet_count":0,"master_deck":["AscendersBane","Strike_B","Defend_B","Defend_B","Defend_B","Defend_B","Zap+1","Dualcast","Coolheaded","Conserve Battery","Multi-Cast+1","Genetic Algorithm+1","Chill","Hello World","Cold Snap","Buffer+1","Stack+1","Defragment+1","Jack Of All Trades+1","Force Field+1","Rebound+1","Writhe"],"special_seed":0,"relics":["Cracked Core","NeowsBlessing","Ornamental Fan","Toxic Egg 2","Orichalcum","Nuclear Battery","Sundial"],"potions_floor_usage":[24],"damage_taken":[{"damage":0.0,"enemies":"Small Slimes","floor":1.0,"turns":1.0},{"damage":0.0,"enemies":"Cultist","floor":3.0,"turns":1.0},{"damage":0.0,"enemies":"Lagavulin","floor":7.0,"turns":2.0},{"damage":0.0,"enemies":"2 Louse","floor":8.0,"turns":1.0},{"damage":4.0,"enemies":"Red Slaver","floor":10.0,"turns":5.0},{"damage":0.0,"enemies":"2 Fungi Beasts","floor":13.0,"turns":5.0},{"damage":15.0,"enemies":"Hexaghost","floor":16.0,"turns":16.0},{"damage":3.0,"enemies":"Shell Parasite","floor":18.0,"turns":6.0},{"damage":15.0,"enemies":"2 Thieves","floor":20.0,"turns":5.0},{"damage":6.0,"enemies":"Snake Plant","floor":21.0,"turns":6.0},{"damage":0,"enemies":"Shelled Parasite and Fungi","floor":24,"turns":1},{"damage":54,"enemies":"Gremlin Leader","floor":27,"turns":10}],"seed_played":"-8660348336646946984","potions_obtained":[{"floor":2.0,"key":"Poison Potion"},{"floor":2.0,"key":"Ancient Potion"},{"floor":8.0,"key":"EntropicBrew"},{"floor":10.0,"key":"Block Potion"},{"floor":18.0,"key":"Fire Potion"}],"is_trial":false,"path_per_floor":["M","?","M","?","?","R","E","M","T","M","?","R","M","?","R","B",null,"M","$","M","M","?","R","M","R","T","E"],"character_chosen":"DEFECT","items_purchased":["Defragment","Jack Of All Trades+1"],"campfire_rested":0,"item_purchase_floors":[19,19],"current_hp_per_floor":[64,64,64,64,64,64,64,64,64,60,25,25,25,25,25,10,56,53,53,38,32,32,32,32,32,32,0],"gold":62,"neow_bonus":"THREE_ENEMY_KILL","is_prod":false,"is_daily":false,"chose_seed":false,"campfire_upgraded":5,"win_rate":0,"timestamp":1566521043,"path_taken":["M","?","?","?","?","R","E","?","T","M","?","R","M","?","R","BOSS","M","$","?","M","?","R","M","R","T","E"],"build_version":"2019-08-15","purchased_purges":0,"victory":false,"max_hp_per_floor":[71,71,71,71,71,71,71,71,71,71,71,71,71,71,71,71,71,71,71,71,71,71,71,71,71,71,71],"card_choices":[{"not_picked":["Compile Driver","Turbo"],"picked":"Coolheaded","floor":1.0},{"not_picked":["Steam","Recycle"],"picked":"Conserve Battery","floor":3.0},{"not_picked":["Stack","Coolheaded"],"picked":"Genetic Algorithm","floor":7.0},{"not_picked":["Compile Driver","Beam Cell"],"picked":"Chill","floor":8.0},{"not_picked":["Self Repair","Hologram+1"],"picked":"Hello World","floor":10.0},{"not_picked":["Rebound","Skim+1"],"picked":"Cold Snap","floor":13.0},{"not_picked":["Reboot+1","All For One"],"picked":"Buffer","floor":16.0},{"not_picked":["Compile Driver","Go for the Eyes"],"picked":"Stack+1","floor":18.0},{"not_picked":["Self Repair","Go for the Eyes"],"picked":"Force Field+1","floor":20.0},{"not_picked":["Leap+1","Melter"],"picked":"Rebound+1","floor":21.0}],"player_experience":3036905,"relics_obtained":[{"floor":7.0,"key":"Ornamental Fan"},{"floor":9.0,"key":"Toxic Egg 2"}],"event_choices":[{"damage_healed":0.0,"max_hp_gain":0.0,"max_hp_loss":0.0,"gold_gain":0.0,"event_name":"The Woman in Blue","player_choice":"Bought 2 Potions","floor":2.0,"gold_loss":0.0,"damage_taken":0.0},{"cards_removed":["Strike_B"],"damage_healed":0.0,"max_hp_gain":0.0,"max_hp_loss":0.0,"gold_gain":0.0,"event_name":"The Cleric","player_choice":"Card Removal","floor":4.0,"gold_loss":75.0,"damage_taken":0.0},{"damage_healed":0.0,"max_hp_gain":0.0,"max_hp_loss":0.0,"gold_gain":0.0,"cards_transformed":["Strike_B"],"event_name":"Transmorgrifier","player_choice":"Transformed","floor":5.0,"gold_loss":0.0,"damage_taken":0.0,"cards_obtained":["Multi-Cast"]},{"damage_healed":0.0,"max_hp_gain":0.0,"max_hp_loss":0.0,"gold_gain":0.0,"event_name":"Scrap Ooze","player_choice":"Success","floor":11.0,"gold_loss":0.0,"damage_taken":35.0,"relics_obtained":["Orichalcum"]},{"cards_removed":["Strike_B"],"damage_healed":0.0,"max_hp_gain":0.0,"max_hp_loss":0.0,"gold_gain":0.0,"event_name":"Bonfire Elementals","player_choice":"Offered Basic","floor":14.0,"gold_loss":0.0,"damage_taken":0.0},{"damage_healed":0.0,"max_hp_gain":0.0,"max_hp_loss":0.0,"gold_gain":0.0,"event_name":"The Mausoleum","player_choice":"Opened","floor":22.0,"gold_loss":0.0,"damage_taken":0.0,"relics_obtained":["Sundial"],"cards_obtained":["Writhe"]}],"is_beta":true,"boss_relics":[{"not_picked":["Snecko Eye","Orrery"],"picked":"Nuclear Battery"}],"items_purged_floors":[],"is_endless":false,"potions_floor_spawned":[3,8,10,18,24],"killed_by":"Gremlin Leader","ascension_level":20}