{"gold_per_floor":[117,117,132,132,144,171,171,202,202,216,216],"floor_reached":11,"playtime":178,"items_purged":[],"score":166,"play_id":"f56930b3-512e-4bf4-8193-e300d1f5cacd","local_time":"20190627223836","is_ascension_mode":true,"campfire_choices":[{"data":"Reinforced Body","floor":7,"key":"SMITH"}],"neow_cost":"NONE","seed_source_timestamp":518416357611783,"circlet_count":0,"master_deck":["AscendersBane","Strike_B","Strike_B","Strike_B","Strike_B","Defend_B","Defend_B+1","Defend_B","Defend_B","Zap+1","Dualcast","Streamline","Reinforced Body+1","Pain","Rip and Tear","Chill","Coolheaded"],"relics":["Cracked Core","NeowsBlessing","WarpedTongs","Boot","Darkstone Periapt","Regal Pillow"],"potions_floor_usage":[6],"damage_taken":[{"damage":0,"enemies":"Small Slimes","floor":1,"turns":1},{"damage":0,"enemies":"Jaw Worm","floor":3,"turns":1},{"damage":0,"enemies":"Cultist","floor":5,"turns":1},{"damage":20,"enemies":"3 Sentries","floor":6,"turns":6},{"damage":11,"enemies":"Lagavulin","floor":8,"turns":6},{"damage":8,"enemies":"3 Louse","floor":10,"turns":3},{"damage":12,"enemies":"Lagavulin Event","floor":11,"turns":2}],"seed_played":"1050962322899472303","potions_obtained":[{"floor":3,"key":"Strength Potion"},{"floor":6,"key":"SpeedPotion"},{"floor":10,"key":"Block Potion"}],"is_trial":false,"path_per_floor":["M","?","M","?","M","E","R","E","T","M","?"],"character_chosen":"DEFECT","items_purchased":[],"campfire_rested":0,"item_purchase_floors":[],"current_hp_per_floor":[64,43,43,43,43,23,23,12,12,4,0],"gold":216,"neow_bonus":"THREE_ENEMY_KILL","is_prod":false,"is_daily":false,"chose_seed":false,"campfire_upgraded":1,"win_rate":0,"timestamp":1561689516,"path_taken":["M","?","M","?","?","E","R","E","T","M","?"],"build_version":"2019-01-23","purchased_purges":0,"victory":false,"max_hp_per_floor":[71,71,71,71,71,71,71,71,71,71,71],"card_choices":[{"not_picked":["Stack","Turbo"],"picked":"Streamline","floor":1},{"not_picked":["Redo","Recycle"],"picked":"Reinforced Body","floor":3},{"not_picked":["Reprogram","Rip and Tear","Stack"],"picked":"SKIP","floor":5},{"not_picked":["Reprogram","Stack"],"picked":"Rip and Tear","floor":5},{"not_picked":["Scrape","Steam Power","Compile Driver"],"picked":"SKIP","floor":6},{"not_picked":["Rebound","Reboot"],"picked":"Chill","floor":8},{"not_picked":["Hologram","Compile Driver"],"picked":"Coolheaded","floor":10}],"player_experience":474217,"relics_obtained":[{"floor":6,"key":"Boot"},{"floor":8,"key":"Darkstone Periapt"},{"floor":9,"key":"Regal Pillow"}],"event_choices":[{"damage_healed":0,"gold_gain":0,"player_choice":"Entered Light","damage_taken":21,"max_hp_gain":0,"max_hp_loss":0,"event_name":"Shining Light","floor":2,"gold_loss":0,"cards_upgraded":["Defend_B","Zap"]},{"damage_healed":0,"gold_gain":0,"player_choice":"Rummage","damage_taken":0,"relics_obtained":["WarpedTongs"],"max_hp_gain":0,"max_hp_loss":0,"event_name":"Accursed Blacksmith","floor":4,"gold_loss":0,"cards_obtained":["Pain"]},{"damage_healed":0,"gold_gain":0,"player_choice":"Searched \u00271\u0027 times","damage_taken":0,"max_hp_gain":0,"max_hp_loss":0,"event_name":"Dead Adventurer","floor":11,"gold_loss":0}],"is_beta":false,"boss_relics":[],"items_purged_floors":[],"is_endless":false,"potions_floor_spawned":[3,6,10],"killed_by":"Lagavulin Event","ascension_level":20}