{"gold_per_floor":[14,14,27,37,54,81,81,114,161,161,180,180,180,200,200,200],"floor_reached":16,"playtime":807,"items_purged":[],"score":134,"play_id":"33158e81-668f-42d7-9d17-4c5e55d376c7","local_time":"20190819203546","is_ascension_mode":true,"campfire_choices":[{"floor":7,"key":"REST"},{"floor":10,"key":"REST"},{"data":"Zap","floor":15,"key":"SMITH"}],"neow_cost":"NO_GOLD","seed_source_timestamp":9449843397301,"circlet_count":0,"master_deck":["Strike_B","Strike_B","Strike_B","Strike_B","Defend_B","Defend_B","Defend_B","Defend_B","Zap+1","Dualcast","Sweeping Beam","Coolheaded","Recycle","Go for the Eyes","All For One","Genetic Algorithm","Beam Cell","Hologram","Gash"],"relics":["Cracked Core","Girya","Ice Cream","Sundial","Lantern","Potion Belt"],"potions_floor_usage":[8,11,12,14,14,14],"damage_taken":[{"damage":1,"enemies":"Cultist","floor":1,"turns":3},{"damage":2,"enemies":"Jaw Worm","floor":3,"turns":4},{"damage":5,"enemies":"2 Louse","floor":4,"turns":3},{"damage":24,"enemies":"Lots of Slimes","floor":5,"turns":4},{"damage":20,"enemies":"Lagavulin","floor":6,"turns":8},{"damage":39,"enemies":"3 Sentries","floor":8,"turns":10},{"damage":14,"enemies":"Gremlin Gang","floor":11,"turns":2},{"damage":9,"enemies":"Lagavulin Event","floor":12,"turns":3},{"damage":0,"enemies":"Exordium Wildlife","floor":14,"turns":2},{"damage":15,"enemies":"Hexaghost","floor":16,"turns":9}],"seed_played":"-5381214893026243665","potions_obtained":[{"floor":4,"key":"SmokeBomb"},{"floor":6,"key":"PowerPotion"},{"floor":8,"key":"Weak Potion"},{"floor":13,"key":"Fire Potion"},{"floor":13,"key":"Fruit Juice"},{"floor":13,"key":"Regen Potion"}],"is_trial":false,"path_per_floor":["M","?","M","M","M","E","R","E","T","R","M","?","?","M","R","B"],"character_chosen":"DEFECT","items_purchased":[],"campfire_rested":2,"item_purchase_floors":[],"current_hp_per_floor":[74,74,72,67,43,23,45,6,6,28,14,5,5,15,15,0],"gold":200,"neow_bonus":"ONE_RARE_RELIC","is_prod":false,"is_daily":false,"chose_seed":false,"campfire_upgraded":1,"win_rate":0,"timestamp":1566214546,"path_taken":["M","?","M","?","M","E","R","E","T","R","M","?","?","M","R","BOSS"],"build_version":"2019-07-17","purchased_purges":0,"victory":false,"max_hp_per_floor":[75,75,75,75,75,75,75,75,75,75,75,75,75,80,80,80],"card_choices":[{"not_picked":["Loop","Skim"],"picked":"Sweeping Beam","floor":1},{"not_picked":["Barrage","Sweeping Beam"],"picked":"Recycle","floor":3},{"not_picked":["Steam","Ball Lightning"],"picked":"Go for the Eyes","floor":4},{"not_picked":["Barrage","Consume"],"picked":"All For One","floor":5},{"not_picked":["Steam","Aggregate"],"picked":"Genetic Algorithm","floor":6},{"not_picked":["Tempest","Steam"],"picked":"Beam Cell","floor":8},{"not_picked":["Beam Cell","Reinforced Body"],"picked":"Hologram","floor":11},{"not_picked":["Capacitor","Compile Driver"],"picked":"Gash","floor":14}],"player_experience":195702,"relics_obtained":[{"floor":6,"key":"Ice Cream"},{"floor":8,"key":"Sundial"},{"floor":9,"key":"Lantern"}],"event_choices":[{"damage_healed":0,"gold_gain":0,"player_choice":"1 cards matched","damage_taken":0,"max_hp_gain":0,"max_hp_loss":0,"event_name":"Match and Keep!","floor":2,"gold_loss":0,"cards_obtained":["Coolheaded"]},{"damage_healed":0,"gold_gain":0,"player_choice":"Searched \u00272\u0027 times","damage_taken":0,"relics_obtained":["Potion Belt"],"max_hp_gain":0,"max_hp_loss":0,"event_name":"Dead Adventurer","floor":12,"gold_loss":0},{"damage_healed":0,"gold_gain":0,"player_choice":"Got Potions","damage_taken":0,"max_hp_gain":0,"max_hp_loss":0,"event_name":"Lab","floor":13,"gold_loss":0}],"is_beta":false,"boss_relics":[],"items_purged_floors":[],"is_endless":false,"potions_floor_spawned":[4,6,8,12],"killed_by":"Hexaghost","ascension_level":4}