{"gold_per_floor":[113,130,130,130,130,130,148,165,189,239,266,79,79,92,92,170,170,189,202,252,252,270,270,280,280,303,322,322,332,348,348],"floor_reached":31,"playtime":966,"items_purged":[],"score":503,"play_id":"007988f5-a21c-451d-b0ae-b8569f162bed","local_time":"20190820205443","is_ascension_mode":true,"campfire_choices":[{"data":"Doom and Gloom","floor":6.0,"key":"SMITH"},{"data":"Biased Cognition","floor":13.0,"key":"SMITH"},{"data":"Beam Cell","floor":15.0,"key":"SMITH"},{"data":"Defragment","floor":23.0,"key":"SMITH"},{"data":"Buffer","floor":25.0,"key":"SMITH"}],"neow_cost":"NONE","seed_source_timestamp":453690724025190,"circlet_count":0,"master_deck":["AscendersBane","Strike_B","Strike_B+1","Strike_B+1","Defend_B","Defend_B","Defend_B","Defend_B","Zap","Dualcast","Ball Lightning","Doom and Gloom+1","Seek","Cold Snap","Beam Cell+1","Biased Cognition+1","Conserve Battery","BootSequence","Buffer+1","Defragment+1","Chill","Conserve Battery","Conserve Battery","Redo","Conserve Battery","Beam Cell+1","Doom and Gloom+1","Coolheaded","Blizzard","Hologram","Go for the Eyes"],"special_seed":0,"relics":["Cracked Core","Bag of Preparation","Blood Vial","Art of War","Orrery","Centennial Puzzle","Nloth\u0027s Gift"],"potions_floor_usage":[30],"damage_taken":[{"damage":1.0,"enemies":"Small Slimes","floor":1.0,"turns":4.0},{"damage":8.0,"enemies":"2 Louse","floor":2.0,"turns":2.0},{"damage":0.0,"enemies":"Cultist","floor":7.0,"turns":2.0},{"damage":4.0,"enemies":"Looter","floor":8.0,"turns":3.0},{"damage":7.0,"enemies":"3 Sentries","floor":11.0,"turns":3.0},{"damage":0.0,"enemies":"Exordium Thugs","floor":14.0,"turns":3.0},{"damage":2.0,"enemies":"Slime Boss","floor":16.0,"turns":5.0},{"damage":1.0,"enemies":"2 Thieves","floor":18.0,"turns":3.0},{"damage":13.0,"enemies":"3 Byrds","floor":19.0,"turns":5.0},{"damage":13.0,"enemies":"Cultist and Chosen","floor":22.0,"turns":7.0},{"damage":19.0,"enemies":"Sentry and Sphere","floor":24.0,"turns":7.0},{"damage":9.0,"enemies":"Snecko","floor":27.0,"turns":4.0},{"damage":15.0,"enemies":"Centurion and Healer","floor":29.0,"turns":5.0},{"damage":0,"enemies":"Shelled Parasite and Fungi","floor":30,"turns":4},{"damage":12,"enemies":"Snake Plant","floor":31,"turns":2}],"seed_played":"-6102519427377896319","potions_obtained":[{"floor":2.0,"key":"Energy Potion"},{"floor":7.0,"key":"Strength Potion"},{"floor":14.0,"key":"FocusPotion"},{"floor":21.0,"key":"PowerPotion"}],"is_trial":false,"path_per_floor":["M","M","?","?","?","R","M","M","T","?","E","$","R","M","R","B",null,"M","M","?","?","M","R","M","R","T","M","?","M","M","M"],"character_chosen":"DEFECT","items_purchased":["Art of War","Conserve Battery"],"campfire_rested":0,"item_purchase_floors":[12,12],"current_hp_per_floor":[70,62,51,28,28,28,28,24,24,24,17,17,17,19,19,19,63,64,53,53,53,42,42,25,25,25,18,18,5,7,0],"gold":348,"neow_bonus":"RANDOM_COMMON_RELIC","is_prod":false,"is_daily":false,"chose_seed":false,"campfire_upgraded":5,"win_rate":0,"timestamp":1566359683,"path_taken":["M","M","?","?","?","R","M","?","T","?","E","$","R","M","R","BOSS","M","M","?","?","?","R","M","R","T","M","?","M","?","M"],"build_version":"2019-08-15","purchased_purges":0,"victory":false,"max_hp_per_floor":[78,78,78,78,78,78,78,78,78,78,78,78,78,78,78,78,78,78,78,78,78,78,78,78,78,78,78,78,78,78,78],"card_choices":[{"not_picked":["Rebound","Capacitor"],"picked":"Ball Lightning","floor":1.0},{"not_picked":["Scrape","Barrage"],"picked":"Doom and Gloom","floor":2.0},{"not_picked":["Turbo","BootSequence"],"picked":"Cold Snap","floor":7.0},{"not_picked":["Streamline","Rebound"],"picked":"Beam Cell","floor":8.0},{"not_picked":["Rip and Tear","Reinforced Body"],"picked":"Biased Cognition","floor":11.0},{"not_picked":["Force Field","Turbo"],"picked":"BootSequence","floor":14.0},{"not_picked":["Hyperbeam","All For One"],"picked":"Buffer","floor":16.0},{"not_picked":["Leap","Cold Snap"],"picked":"Defragment","floor":17.0},{"not_picked":["White Noise","Double Energy"],"picked":"Chill","floor":17.0},{"not_picked":["Turbo","Ball Lightning"],"picked":"Conserve Battery","floor":17.0},{"not_picked":["Rebound","Sweeping Beam"],"picked":"Conserve Battery","floor":17.0},{"not_picked":["Rebound","Sweeping Beam"],"picked":"Redo","floor":17.0},{"not_picked":["Hyperbeam","Storm"],"picked":"Conserve Battery","floor":18.0},{"not_picked":["Self Repair","Doom and Gloom"],"picked":"Beam Cell+1","floor":19.0},{"not_picked":["Conserve Battery","Turbo"],"picked":"Doom and Gloom+1","floor":22.0},{"not_picked":["Sunder","Compile Driver"],"picked":"Coolheaded","floor":24.0},{"not_picked":["Scrape+1","Cold Snap"],"picked":"Blizzard","floor":27.0},{"not_picked":["Barrage","Stack"],"picked":"Hologram","floor":29.0},{"not_picked":["Redo","Rebound"],"picked":"Go for the Eyes","floor":30}],"player_experience":3019767,"relics_obtained":[{"floor":11.0,"key":"Blood Vial"},{"floor":26.0,"key":"Centennial Puzzle"}],"event_choices":[{"damage_healed":0.0,"max_hp_gain":0.0,"max_hp_loss":0.0,"gold_gain":0.0,"event_name":"Scrap Ooze","player_choice":"Success","floor":3.0,"gold_loss":0.0,"damage_taken":11.0,"relics_obtained":["Bag of Preparation"]},{"damage_healed":0.0,"max_hp_gain":0.0,"max_hp_loss":0.0,"gold_gain":0.0,"event_name":"Shining Light","player_choice":"Entered Light","floor":4.0,"gold_loss":0.0,"damage_taken":23.0,"cards_upgraded":["Strike_B","Strike_B"]},{"damage_healed":0.0,"max_hp_gain":0.0,"max_hp_loss":0.0,"gold_gain":0.0,"cards_transformed":["Strike_B"],"event_name":"Transmorgrifier","player_choice":"Transformed","floor":5.0,"gold_loss":0.0,"damage_taken":0.0,"cards_obtained":["Seek"]},{"damage_healed":0.0,"max_hp_gain":0.0,"max_hp_loss":0.0,"gold_gain":50.0,"event_name":"Golden Shrine","player_choice":"Pray","floor":10.0,"gold_loss":0.0,"damage_taken":0.0},{"damage_healed":0.0,"max_hp_gain":0.0,"max_hp_loss":0.0,"gold_gain":50.0,"event_name":"Nest","player_choice":"Stole From Cult","floor":20.0,"gold_loss":0.0,"damage_taken":0.0},{"damage_healed":0.0,"max_hp_gain":0.0,"max_hp_loss":0.0,"gold_gain":0.0,"event_name":"Lab","player_choice":"Got Potions","floor":21.0,"gold_loss":0.0,"damage_taken":0.0},{"damage_healed":0.0,"max_hp_gain":0.0,"max_hp_loss":0.0,"gold_gain":0.0,"event_name":"N\u0027loth","player_choice":"Traded Relic","floor":28.0,"relics_lost":["Strawberry"],"gold_loss":0.0,"damage_taken":0.0,"relics_obtained":["Nloth\u0027s Gift"]}],"is_beta":true,"boss_relics":[{"not_picked":["Tiny House","Pandora\u0027s Box"],"picked":"Orrery"}],"items_purged_floors":[],"is_endless":false,"potions_floor_spawned":[2,7,8,14,22,27],"killed_by":"Snake Plant","ascension_level":20}