{"gold_per_floor":[217,235,255,530,190,190,272,285,366,402,454,454,492,542,542,646,646,664,681,716,716,17,73,73,129,129,129,161,161,227,127,127,202,202,220,298,298,343,126,126,155,155,182,217,217,260,275,275,275,275],"floor_reached":51,"playtime":6555,"items_purged":["Regret","Shame"],"score":1427,"play_id":"61edfddc-8284-460d-b916-4066a1a9f348","local_time":"20190822232802","is_ascension_mode":true,"campfire_choices":[{"data":"HandOfGreed","floor":6.0,"key":"SMITH"},{"data":"Uppercut","floor":12.0,"key":"SMITH"},{"data":"Offering","floor":15.0,"key":"SMITH"},{"floor":24.0,"key":"REST"},{"floor":27.0,"key":"REST"},{"floor":29.0,"key":"RECALL"},{"floor":32.0,"key":"REST"},{"floor":40.0,"key":"REST"},{"floor":42.0,"key":"REST"},{"floor":49,"key":"REST"}],"neow_cost":"NONE","seed_source_timestamp":0,"circlet_count":0,"master_deck":["AscendersBane","Bash","Spot Weakness","Dropkick","Uppercut+1","HandOfGreed+1","Fiend Fire","Offering+1","Shrug It Off","Clothesline","Headbutt","Battle Trance","Feed","Warcry+1","Armaments+1","Flame Barrier","Whirlwind","Mayhem","Double Tap+1","Limit Break","Power Through","Offering","Barricade","Feed","Headbutt","Inflame","Shockwave","Dropkick","Combust","Heavy Blade+1","Battle Trance","Feel No Pain","Armaments","Ghostly Armor"],"special_seed":0,"relics":["Burning Blood","Prayer Wheel","Mercury Hourglass","Anchor","Blood Vial","Fusion Hammer","Bag of Marbles","Turnip","Tiny Chest","Potion Belt","Torii","War Paint","Red Mask","Pandora\u0027s Box","Pocketwatch","PreservedInsect","Bronze Scales","Art of War","Bottled Lightning"],"potions_floor_usage":[50,50],"damage_taken":[{"damage":11.0,"enemies":"Small Slimes","floor":1.0,"turns":5.0},{"damage":7.0,"enemies":"Cultist","floor":2.0,"turns":4.0},{"damage":13.0,"enemies":"Jaw Worm","floor":3.0,"turns":7.0},{"damage":20.0,"enemies":"3 Sentries","floor":7.0,"turns":6.0},{"damage":0.0,"enemies":"Looter","floor":8.0,"turns":1.0},{"damage":8.0,"enemies":"Exordium Wildlife","floor":10.0,"turns":4.0},{"damage":27.0,"enemies":"Lagavulin","floor":11.0,"turns":4.0},{"damage":0.0,"enemies":"2 Fungi Beasts","floor":13.0,"turns":3.0},{"damage":11.0,"enemies":"3 Sentries","floor":14.0,"turns":3.0},{"damage":22.0,"enemies":"The Guardian","floor":16.0,"turns":13.0},{"damage":5.0,"enemies":"2 Thieves","floor":18.0,"turns":3.0},{"damage":13.0,"enemies":"Shell Parasite","floor":19.0,"turns":4.0},{"damage":0.0,"enemies":"Centurion and Healer","floor":20.0,"turns":4.0},{"damage":47.0,"enemies":"Slavers","floor":23.0,"turns":5.0},{"damage":17.0,"enemies":"Book of Stabbing","floor":25.0,"turns":4.0},{"damage":1.0,"enemies":"Masked Bandits","floor":28.0,"turns":2.0},{"damage":1.0,"enemies":"3 Cultists","floor":30.0,"turns":5.0},{"damage":59.0,"enemies":"Automaton","floor":33.0,"turns":10.0},{"damage":0.0,"enemies":"3 Shapes","floor":35.0,"turns":2.0},{"damage":28.0,"enemies":"2 Orb Walkers","floor":36.0,"turns":3.0},{"damage":6.0,"enemies":"Orb Walker","floor":38.0,"turns":1.0},{"damage":15.0,"enemies":"Giant Head","floor":41.0,"turns":4.0},{"damage":18.0,"enemies":"Reptomancer","floor":44.0,"turns":3.0},{"damage":7,"enemies":"Jaw Worm Horde","floor":46,"turns":3},{"damage":6,"enemies":"Transient","floor":47,"turns":6},{"damage":55,"enemies":"Donu and Deca","floor":50,"turns":6}],"seed_played":"-8207802161585091021","potions_obtained":[{"floor":2.0,"key":"GamblersBrew"},{"floor":3.0,"key":"Swift Potion"},{"floor":7.0,"key":"BloodPotion"},{"floor":14.0,"key":"PowerPotion"},{"floor":18.0,"key":"SneckoOil"},{"floor":23.0,"key":"AttackPotion"},{"floor":28.0,"key":"SneckoOil"},{"floor":35.0,"key":"FearPotion"},{"floor":36.0,"key":"PowerPotion"},{"floor":47,"key":"Energy Potion"}],"is_trial":false,"path_per_floor":["M","M","M","?","$","R","E","M","T","M","E","R","M","E","R","B",null,"M","M","M","?","$","E","R","E","T","R","?","R","M","$","R","B",null,"M","?","?","M","$","R","E","R","T","E","?","M","M","?","R","B",null],"character_chosen":"IRONCLAD","items_purchased":["Fire Potion","HandOfGreed","Turnip","Whirlwind","Tiny Chest","Mayhem","PreservedInsect","Armaments"],"campfire_rested":6,"item_purchase_floors":[5,5,22,22,22,22,39,39],"current_hp_per_floor":[63,62,55,55,55,55,41,47,47,45,42,42,48,43,43,29,64,70,68,76,76,76,40,65,56,56,81,84,84,84,84,84,31,71,79,62,62,64,64,87,81,90,90,81,81,85,87,87,91,42],"gold":275,"neow_bonus":"HUNDRED_GOLD","is_prod":false,"is_daily":false,"chose_seed":false,"campfire_upgraded":3,"win_rate":0,"timestamp":1566541682,"path_taken":["M","M","M","?","$","R","E","?","T","M","E","R","M","E","R","BOSS","M","?","M","?","$","E","R","E","T","R","?","R","?","$","R","BOSS","M","?","?","?","$","R","E","R","T","E","?","M","M","?","R","BOSS"],"build_version":"2019-07-17","purchased_purges":2,"victory":true,"max_hp_per_floor":[75,75,75,75,75,75,75,75,75,75,75,75,75,75,75,75,75,78,81,81,81,81,84,84,84,84,84,84,84,84,84,84,84,84,84,87,87,87,87,87,90,90,90,93,88,91,91,91,91,91],"card_choices":[{"not_picked":["Havoc","Twin Strike"],"picked":"Spot Weakness","floor":1.0},{"not_picked":["Evolve","Metallicize"],"picked":"Dropkick","floor":2.0},{"not_picked":["Thunderclap","Carnage"],"picked":"Uppercut","floor":3.0},{"not_picked":["Dual Wield","Twin Strike"],"picked":"Fiend Fire","floor":7.0},{"not_picked":["Cleave","Iron Wave"],"picked":"Offering","floor":8.0},{"not_picked":["Fire Breathing","Wild Strike"],"picked":"Shrug It Off","floor":8.0},{"not_picked":["Power Through","Dual Wield"],"picked":"Clothesline","floor":10.0},{"not_picked":["Combust","Sword Boomerang","Twin Strike"],"picked":"SKIP","floor":10.0},{"not_picked":["True Grit","Seeing Red","Carnage"],"picked":"SKIP","floor":11.0},{"not_picked":["Warcry","Shrug It Off"],"picked":"Headbutt","floor":13.0},{"not_picked":["Warcry","Heavy Blade"],"picked":"Battle Trance","floor":13.0},{"not_picked":["Second Wind","Dropkick"],"picked":"Inflame","floor":14.0},{"not_picked":["Double Tap","Bludgeon"],"picked":"Feed","floor":16.0},{"not_picked":["Flex","Thunderclap"],"picked":"Warcry+1","floor":18.0},{"not_picked":["Thunderclap","Havoc","Dual Wield"],"picked":"SKIP","floor":18.0},{"not_picked":["Havoc","Hemokinesis+1"],"picked":"Armaments","floor":19.0},{"not_picked":["Warcry","Searing Blow","Offering"],"picked":"SKIP","floor":19.0},{"not_picked":["Metallicize","Thunderclap"],"picked":"Flame Barrier","floor":20.0},{"not_picked":["Combust","True Grit","Sever Soul"],"picked":"SKIP","floor":20.0},{"not_picked":["Thunderclap+1","Clash"],"picked":"Double Tap","floor":23.0},{"not_picked":["Carnage","Thunderclap","Sword Boomerang"],"picked":"SKIP","floor":25.0},{"not_picked":["Spot Weakness","Thunderclap","Armaments"],"picked":"SKIP","floor":30.0},{"not_picked":["Seeing Red","Perfected Strike","True Grit"],"picked":"SKIP","floor":30.0},{"not_picked":["Bludgeon","Fiend Fire"],"picked":"Limit Break","floor":33.0},{"not_picked":["Flex","Rage"],"picked":"Heavy Blade+1","floor":35.0},{"not_picked":["Clothesline+1","Pommel Strike","Burning Pact"],"picked":"SKIP","floor":35.0},{"not_picked":["Anger","Cleave"],"picked":"Feel No Pain","floor":38.0},{"not_picked":["Anger","Offering","Thunderclap"],"picked":"SKIP","floor":38.0},{"not_picked":["Perfected Strike","Thunderclap"],"picked":"Ghostly Armor","floor":41.0},{"not_picked":["Sever Soul","Thunderclap","Perfected Strike"],"picked":"SKIP","floor":44.0},{"not_picked":["Body Slam","Flex","Havoc"],"picked":"SKIP","floor":46},{"not_picked":["Headbutt+1","Thunderclap+1","Sword Boomerang"],"picked":"SKIP","floor":46},{"not_picked":["Havoc","Headbutt","Sword Boomerang"],"picked":"SKIP","floor":47},{"not_picked":["Thunderclap","True Grit","Dropkick+1"],"picked":"SKIP","floor":47}],"player_experience":641855,"relics_obtained":[{"floor":7.0,"key":"Prayer Wheel"},{"floor":9.0,"key":"Mercury Hourglass"},{"floor":11.0,"key":"Anchor"},{"floor":14.0,"key":"Blood Vial"},{"floor":23.0,"key":"Potion Belt"},{"floor":25.0,"key":"Torii"},{"floor":26.0,"key":"War Paint"},{"floor":28.0,"key":"Red Mask"},{"floor":36.0,"key":"Pocketwatch"},{"floor":41.0,"key":"Bronze Scales"},{"floor":43.0,"key":"Art of War"},{"floor":44.0,"key":"Bottled Lightning"}],"event_choices":[{"damage_healed":0.0,"max_hp_gain":0.0,"max_hp_loss":0.0,"gold_gain":275.0,"event_name":"Golden Shrine","player_choice":"Desecrate","floor":4.0,"gold_loss":0.0,"damage_taken":0.0,"cards_obtained":["Regret"]},{"damage_healed":0.0,"max_hp_gain":0.0,"max_hp_loss":0.0,"gold_gain":0.0,"event_name":"Addict","player_choice":"Stole Relic","floor":21.0,"gold_loss":0.0,"damage_taken":0.0,"relics_obtained":["Bag of Marbles"],"cards_obtained":["Shame"]},{"damage_healed":0.0,"max_hp_gain":0.0,"max_hp_loss":0.0,"gold_gain":0.0,"event_name":"Masked Bandits","player_choice":"Fought Bandits","floor":28.0,"gold_loss":0.0,"damage_taken":0.0},{"damage_healed":0.0,"max_hp_gain":0.0,"max_hp_loss":0.0,"gold_gain":0.0,"event_name":"Mysterious Sphere","player_choice":"Fight","floor":36.0,"gold_loss":0.0,"damage_taken":0.0},{"damage_healed":0.0,"max_hp_gain":0.0,"max_hp_loss":0.0,"gold_gain":0.0,"event_name":"Duplicator","player_choice":"Copied","floor":37.0,"gold_loss":0.0,"damage_taken":0.0,"cards_obtained":["Battle Trance"]},{"damage_healed":0.0,"max_hp_gain":0.0,"max_hp_loss":5.0,"gold_gain":0.0,"event_name":"Winding Halls","player_choice":"Max HP","floor":45.0,"gold_loss":0.0,"damage_taken":0.0},{"cards_removed":["Inflame"],"damage_healed":0,"gold_gain":0,"player_choice":"Removed Power","damage_taken":0,"max_hp_gain":0,"max_hp_loss":0,"event_name":"Falling","floor":48,"gold_loss":0}],"is_beta":false,"boss_relics":[{"not_picked":["Eternal Feather","Runic Cube"],"picked":"Fusion Hammer"},{"not_picked":["Coffee Dripper","White Beast Statue"],"picked":"Pandora\u0027s Box"}],"items_purged_floors":[5,31],"is_endless":false,"potions_floor_spawned":[2,3,7,14,18,23,28,35,36,47],"ascension_level":18}