{"gold_per_floor":[117,117,0,0,0,0,31,31,31,46,75,95,170,189,189,189],"floor_reached":16,"playtime":241,"items_purged":["Strike_G"],"score":266,"play_id":"5e615c1a-0fb5-48af-87ed-79860c39a12a","local_time":"20190819174001","is_ascension_mode":true,"campfire_choices":[{"data":"Dash","floor":6,"key":"SMITH"},{"data":"Neutralize","floor":8,"key":"SMITH"},{"floor":15,"key":"REST"}],"neow_cost":"NONE","seed_source_timestamp":243102957173439,"circlet_count":0,"master_deck":["AscendersBane","Strike_G","Strike_G","Strike_G","Strike_G","Defend_G","Defend_G","Defend_G","Defend_G","Defend_G","Survivor","Neutralize+1","Quick Slash+1","Dash+1","Choke+1","Cloak And Dagger","Crippling Poison"],"relics":["Ring of the Snake","NeowsBlessing","Molten Egg 2","NlothsMask","Ninja Scroll","Singing Bowl"],"potions_floor_usage":[16,16],"damage_taken":[{"damage":0,"enemies":"2 Louse","floor":1,"turns":1},{"damage":0,"enemies":"3 Sentries","floor":7,"turns":1},{"damage":0,"enemies":"Cultist","floor":10,"turns":1},{"damage":10,"enemies":"Gremlin Nob","floor":11,"turns":4},{"damage":0,"enemies":"Small Slimes","floor":12,"turns":1},{"damage":20,"enemies":"Gremlin Gang","floor":14,"turns":4},{"damage":45,"enemies":"Slime Boss","floor":16,"turns":9}],"seed_played":"-8316986352638523498","potions_obtained":[{"floor":7,"key":"EssenceOfSteel"},{"floor":10,"key":"Poison Potion"},{"floor":12,"key":"PowerPotion"}],"is_trial":false,"path_per_floor":["M","?","$","T","?","R","E","R","T","M","E","M","?","M","R","B"],"character_chosen":"THE_SILENT","items_purchased":["Dash"],"campfire_rested":1,"item_purchase_floors":[3],"current_hp_per_floor":[59,59,59,59,59,59,59,59,59,59,51,53,42,22,43,0],"gold":189,"neow_bonus":"THREE_ENEMY_KILL","is_prod":false,"is_daily":false,"chose_seed":false,"campfire_upgraded":2,"win_rate":0,"timestamp":1566250801,"path_taken":["M","?","$","?","?","R","E","R","T","?","E","M","?","M","R","BOSS"],"build_version":"2019-07-17","purchased_purges":1,"victory":false,"max_hp_per_floor":[66,66,66,66,66,66,66,66,66,66,68,70,70,70,70,70],"card_choices":[{"not_picked":["Blade Dance","Bane"],"picked":"Quick Slash","floor":1},{"not_picked":["Accuracy","Quick Slash+1"],"picked":"Choke+1","floor":7},{"not_picked":["Distraction","Quick Slash+1"],"picked":"Cloak And Dagger","floor":10},{"not_picked":["Underhanded Strike+1","Acrobatics","Deadly Poison"],"picked":"Singing Bowl","floor":11},{"not_picked":["Deadly Poison","Underhanded Strike+1","Burst"],"picked":"Singing Bowl","floor":12},{"not_picked":["Accuracy","Riddle With Holes+1"],"picked":"Crippling Poison","floor":14}],"player_experience":586213,"relics_obtained":[{"floor":4,"key":"Molten Egg 2"},{"floor":7,"key":"Ninja Scroll"},{"floor":11,"key":"Singing Bowl"}],"event_choices":[{"damage_healed":0,"gold_gain":0,"player_choice":"Upgraded","damage_taken":0,"max_hp_gain":0,"max_hp_loss":0,"event_name":"Upgrade Shrine","floor":2,"gold_loss":0,"cards_upgraded":["Quick Slash"]},{"damage_healed":0,"gold_gain":0,"player_choice":"Trade","damage_taken":0,"relics_obtained":["NlothsMask"],"max_hp_gain":0,"max_hp_loss":0,"event_name":"FaceTrader","floor":5,"gold_loss":0},{"damage_healed":0,"gold_gain":75,"player_choice":"Gather Gold","damage_taken":11,"max_hp_gain":0,"max_hp_loss":0,"event_name":"World of Goop","floor":13,"gold_loss":0}],"is_beta":false,"boss_relics":[],"items_purged_floors":[3],"is_endless":false,"potions_floor_spawned":[7,10,12],"killed_by":"Slime Boss","ascension_level":20}