{"gold_per_floor":[118,133,208,208,220,220,32,32,32,93,110,110],"floor_reached":12,"playtime":415,"items_purged":["Pain"],"score":101,"play_id":"e3784f39-abb6-46bb-992c-5c900ccf95bf","local_time":"20190215172824","is_ascension_mode":true,"campfire_choices":[{"data":"Neutralize","floor":6,"key":"SMITH"},{"data":"Cloak And Dagger","floor":8,"key":"SMITH"}],"neow_cost":"NONE","seed_source_timestamp":786284349336191,"circlet_count":0,"master_deck":["Defend_G","Defend_G","Defend_G","Defend_G","Defend_G","Strike_G","Strike_G","Strike_G","Strike_G","Strike_G","Survivor","Neutralize+1","Dagger Throw","Dodge and Roll","Footwork","Cloak And Dagger+1","A Thousand Cuts","Noxious Fumes"],"relics":["Ring of the Snake","Juzu Bracelet","WarpedTongs","Toxic Egg 2","Tiny Chest"],"potions_floor_usage":[12,12],"damage_taken":[{"damage":8,"enemies":"Small Slimes","floor":1,"turns":5},{"damage":0,"enemies":"Cultist","floor":2,"turns":5},{"damage":4,"enemies":"Jaw Worm","floor":5,"turns":5},{"damage":15,"enemies":"3 Sentries","floor":10,"turns":11},{"damage":20,"enemies":"Gremlin Gang","floor":11,"turns":5},{"damage":8,"enemies":"Lots of Slimes","floor":12,"turns":1}],"seed_played":"-6440007900484886122","potions_obtained":[{"floor":2,"key":"FearPotion"},{"floor":10,"key":"FearPotion"}],"is_trial":false,"path_per_floor":["M","M","?","?","M","R","$","R","T","E","M","M"],"character_chosen":"THE_SILENT","items_purchased":["Footwork","Cloak And Dagger"],"campfire_rested":0,"item_purchase_floors":[7,7],"current_hp_per_floor":[55,55,44,44,40,40,40,40,40,25,5,0],"gold":110,"neow_bonus":"RANDOM_COMMON_RELIC","is_prod":false,"is_daily":false,"chose_seed":false,"campfire_upgraded":2,"win_rate":0,"timestamp":1550269704,"path_taken":["M","M","?","?","M","R","$","R","T","E","M","M"],"build_version":"2019-01-23","purchased_purges":1,"victory":false,"max_hp_per_floor":[70,70,70,70,70,70,70,70,70,70,70,70],"card_choices":[{"not_picked":["Deflect","Quick Slash"],"picked":"Dagger Throw","floor":1},{"not_picked":["Bane","Outmaneuver","Concentrate"],"picked":"SKIP","floor":2},{"not_picked":["Tactician","Bane"],"picked":"Dodge and Roll","floor":5},{"not_picked":["Wraith Form v2","Sucker Punch"],"picked":"A Thousand Cuts","floor":10},{"not_picked":["Prepared+1","Outmaneuver+1"],"picked":"Noxious Fumes","floor":11}],"player_experience":81900,"relics_obtained":[{"floor":9,"key":"Toxic Egg 2"},{"floor":10,"key":"Tiny Chest"}],"event_choices":[{"damage_healed":0,"gold_gain":75,"player_choice":"Gather Gold","damage_taken":11,"max_hp_gain":0,"max_hp_loss":0,"event_name":"World of Goop","floor":3,"gold_loss":0},{"damage_healed":0,"gold_gain":0,"player_choice":"Rummage","damage_taken":0,"relics_obtained":["WarpedTongs"],"max_hp_gain":0,"max_hp_loss":0,"event_name":"Accursed Blacksmith","floor":4,"gold_loss":0,"cards_obtained":["Pain"]}],"is_beta":false,"boss_relics":[],"items_purged_floors":[7],"is_endless":false,"potions_floor_spawned":[2,10],"killed_by":"Lots of Slimes","ascension_level":6}