{"gold_per_floor":[110,110,185,185,201,233,9,34,34,54,84,84,9,22,22,96,96,96,96,158,168,180,206,221,221,297,297,310,310,360,410,410,410],"floor_reached":33,"playtime":782,"items_purged":["Strike_R"],"score":645,"play_id":"16a91fa3-2724-4c07-92ce-bc17a947f436","local_time":"20190824105834","is_ascension_mode":true,"campfire_choices":[{"data":"Bash","floor":12,"key":"SMITH"},{"data":"Armaments","floor":15,"key":"SMITH"},{"data":"Flame Barrier","floor":25,"key":"SMITH"},{"floor":27,"key":"REST"},{"data":"Headbutt","floor":29,"key":"SMITH"},{"floor":32,"key":"REST"}],"neow_cost":"NONE","seed_source_timestamp":650511542991254,"circlet_count":0,"master_deck":["AscendersBane","Defend_R","Defend_R","Defend_R","Defend_R","Bash+1","Headbutt+1","Juggernaut+1","Feel No Pain+1","Pommel Strike+1","Carnage+1","Armaments+1","Fiend Fire+1","Flame Barrier+1","Whirlwind+1","Clothesline+1","Shrug It Off","Bite+1","Bite+1","Bite+1","Bite+1","Bite+1"],"relics":["Burning Blood","NeowsBlessing","Frozen Egg 2","ClockworkSouvenir","Oddly Smooth Stone","Molten Egg 2","StoneCalendar","Snecko Eye","SsserpentHead","Bottled Flame","The Courier"],"potions_floor_usage":[8,11,16,18,22,33],"damage_taken":[{"damage":0,"enemies":"Cultist","floor":1,"turns":1},{"damage":0,"enemies":"Small Slimes","floor":5,"turns":1},{"damage":0,"enemies":"3 Sentries","floor":6,"turns":2},{"damage":40,"enemies":"Lagavulin","floor":8,"turns":8},{"damage":1,"enemies":"Jaw Worm","floor":10,"turns":6},{"damage":20,"enemies":"3 Sentries","floor":11,"turns":5},{"damage":12,"enemies":"Exordium Wildlife","floor":14,"turns":4},{"damage":11,"enemies":"The Guardian","floor":16,"turns":9},{"damage":0,"enemies":"3 Byrds","floor":18,"turns":1},{"damage":21,"enemies":"2 Thieves","floor":20,"turns":3},{"damage":31,"enemies":"Chosen and Byrds","floor":21,"turns":6},{"damage":0,"enemies":"Centurion and Healer","floor":22,"turns":6},{"damage":23,"enemies":"Slavers","floor":23,"turns":6},{"damage":0,"enemies":"Snake Plant","floor":24,"turns":2},{"damage":16,"enemies":"Cultist and Chosen","floor":28,"turns":5},{"damage":99,"enemies":"Automaton","floor":33,"turns":10}],"seed_played":"-7399931142964719673","potions_obtained":[{"floor":5,"key":"FearPotion"},{"floor":8,"key":"Explosive Potion"},{"floor":11,"key":"SmokeBomb"},{"floor":14,"key":"FearPotion"},{"floor":20,"key":"Regen Potion"},{"floor":22,"key":"SneckoOil"},{"floor":24,"key":"Explosive Potion"}],"is_trial":false,"path_per_floor":["M","?","?","T","M","E","$","E","T","M","E","R","$","M","R","B",null,"M","?","M","M","M","E","M","R","T","R","M","R","?","?","R","B"],"character_chosen":"IRONCLAD","items_purchased":["ClockworkSouvenir"],"campfire_rested":2,"item_purchase_floors":[7],"current_hp_per_floor":[74,67,56,56,64,72,72,40,40,47,35,35,35,31,31,28,63,71,71,58,35,58,43,51,51,51,73,65,65,65,44,68,0],"gold":410,"neow_bonus":"THREE_ENEMY_KILL","is_prod":false,"is_daily":false,"chose_seed":false,"campfire_upgraded":4,"win_rate":0,"timestamp":1566658714,"path_taken":["M","?","?","?","M","E","$","E","T","M","E","R","$","?","R","BOSS","M","?","?","M","M","E","M","R","T","R","M","R","?","?","R","BOSS"],"build_version":"2019-07-17","purchased_purges":1,"victory":false,"max_hp_per_floor":[75,75,75,75,75,75,75,75,75,75,75,75,75,75,75,75,75,75,75,75,75,75,75,75,75,75,75,75,75,75,80,80,80],"card_choices":[{"not_picked":["Iron Wave","Havoc"],"picked":"Headbutt","floor":1},{"not_picked":["Entrench","Sentinel","Ghostly Armor"],"picked":"SKIP","floor":5},{"not_picked":["Rage","Perfected Strike"],"picked":"Juggernaut","floor":6},{"not_picked":["Clash","Barricade+1"],"picked":"Feel No Pain+1","floor":8},{"not_picked":["Fire Breathing+1","Havoc"],"picked":"Pommel Strike+1","floor":10},{"not_picked":["Power Through","Dropkick+1"],"picked":"Carnage+1","floor":11},{"not_picked":["Blood for Blood+1","Clash+1"],"picked":"Armaments","floor":14},{"not_picked":["Exhume","Impervious"],"picked":"Fiend Fire+1","floor":16},{"not_picked":["Havoc","Seeing Red","Intimidate"],"picked":"SKIP","floor":20},{"not_picked":["Blood for Blood+1","Sword Boomerang+1"],"picked":"Flame Barrier","floor":21},{"not_picked":["True Grit","Entrench"],"picked":"Whirlwind+1","floor":22},{"not_picked":["Havoc","Second Wind","Rampage+1"],"picked":"SKIP","floor":23},{"not_picked":["Armaments","Wild Strike+1"],"picked":"Clothesline+1","floor":24},{"not_picked":["Seeing Red","Thunderclap+1"],"picked":"Shrug It Off","floor":28}],"player_experience":595317,"relics_obtained":[{"floor":4,"key":"Blood Vial"},{"floor":6,"key":"Frozen Egg 2"},{"floor":8,"key":"Oddly Smooth Stone"},{"floor":9,"key":"Molten Egg 2"},{"floor":11,"key":"StoneCalendar"},{"floor":23,"key":"Bottled Flame"},{"floor":26,"key":"The Courier"}],"event_choices":[{"cards_removed":["Strike_R"],"damage_healed":0,"gold_gain":0,"player_choice":"Card Removal","damage_taken":7,"max_hp_gain":0,"max_hp_loss":0,"event_name":"Golden Wing","floor":2,"gold_loss":0},{"damage_healed":0,"gold_gain":75,"player_choice":"Gather Gold","damage_taken":11,"max_hp_gain":0,"max_hp_loss":0,"event_name":"World of Goop","floor":3,"gold_loss":0},{"damage_healed":0,"gold_gain":0,"player_choice":"Trade","damage_taken":0,"relics_obtained":["SsserpentHead"],"max_hp_gain":0,"max_hp_loss":0,"event_name":"FaceTrader","floor":19,"gold_loss":0},{"damage_healed":0,"gold_gain":0,"player_choice":"Became a vampire (Vial)","damage_taken":0,"max_hp_gain":0,"max_hp_loss":0,"event_name":"Vampires","floor":30,"relics_lost":["Blood Vial"],"gold_loss":0,"cards_obtained":["Bite","Bite","Bite","Bite","Bite"]},{"damage_healed":0,"gold_gain":0,"player_choice":"Shed Blood","damage_taken":26,"max_hp_gain":5,"max_hp_loss":0,"event_name":"Forgotten Altar","floor":31,"gold_loss":0}],"is_beta":false,"boss_relics":[{"not_picked":["Sozu","Mark of Pain"],"picked":"Snecko Eye"}],"items_purged_floors":[13],"is_endless":false,"potions_floor_spawned":[5,8,11,14,20,22,24],"killed_by":"Automaton","ascension_level":20}