{"gold_per_floor":[118,118,134,59,79,79,105,105,131,131,92,110,127,144,144,144],"floor_reached":16,"playtime":450,"items_purged":["Pain"],"score":204,"play_id":"f43df235-8a02-4461-ae1a-4f088ca4ea66","local_time":"20190720213002","is_ascension_mode":true,"campfire_choices":[{"data":"Loop","floor":6.0,"key":"SMITH"},{"data":"Hologram","floor":8.0,"key":"SMITH"},{"data":"Hologram","floor":10.0,"key":"SMITH"},{"data":"Defragment","floor":15.0,"key":"SMITH"}],"neow_cost":"NONE","seed_source_timestamp":651050463926001,"circlet_count":0,"master_deck":["AscendersBane","Strike_B","Strike_B","Strike_B","Strike_B","Defend_B","Defend_B","Defend_B","Defend_B","Zap","Dualcast","Loop+1","Hologram+1","Ball Lightning","Hologram+1","Defragment+1","Conserve Battery","Leap","Chill"],"special_seed":0,"relics":["Cracked Core","NeowsBlessing","WarpedTongs","Vajra","Art of War"],"potions_floor_usage":[16],"damage_taken":[{"damage":0.0,"enemies":"2 Louse","floor":1.0,"turns":1.0},{"damage":0.0,"enemies":"Cultist","floor":3.0,"turns":1.0},{"damage":0.0,"enemies":"Small Slimes","floor":5.0,"turns":1.0},{"damage":35.0,"enemies":"Lagavulin","floor":7.0,"turns":6.0},{"damage":13.0,"enemies":"Blue Slaver","floor":12.0,"turns":3.0},{"damage":8.0,"enemies":"Gremlin Gang","floor":13.0,"turns":4.0},{"damage":0.0,"enemies":"Large Slime","floor":14.0,"turns":3.0},{"damage":8,"enemies":"Slime Boss","floor":16,"turns":6}],"seed_played":"-6696479204355334442","potions_obtained":[{"floor":1.0,"key":"FearPotion"},{"floor":7.0,"key":"Ancient Potion"},{"floor":12.0,"key":"GamblersBrew"}],"is_trial":false,"path_per_floor":["M","?","M","$","M","R","E","R","T","R","$","M","M","M","R","B"],"character_chosen":"DEFECT","items_purchased":["Defragment"],"campfire_rested":0,"item_purchase_floors":[11],"current_hp_per_floor":[64,64,64,64,64,64,29,29,29,29,29,16,8,8,8,0],"gold":144,"neow_bonus":"THREE_ENEMY_KILL","is_prod":false,"is_daily":false,"chose_seed":false,"campfire_upgraded":4,"win_rate":0,"timestamp":1563683402,"path_taken":["M","?","M","?","?","R","E","R","T","R","$","M","M","?","R","BOSS"],"build_version":"2019-07-18","purchased_purges":1,"victory":false,"max_hp_per_floor":[71,71,71,71,71,71,71,71,71,71,71,71,71,71,71,71],"card_choices":[{"not_picked":["Reinforced Body","Beam Cell"],"picked":"Loop","floor":1.0},{"not_picked":["Compile Driver","BootSequence"],"picked":"Hologram","floor":3.0},{"not_picked":["Steam","Rebound"],"picked":"Ball Lightning","floor":5.0},{"not_picked":["Steam Power","Compile Driver"],"picked":"Hologram","floor":7.0},{"not_picked":["Reboot","Leap"],"picked":"Conserve Battery","floor":12.0},{"not_picked":["Rebound","Hologram"],"picked":"Leap","floor":13.0},{"not_picked":["Tempest","Gash"],"picked":"Chill","floor":14.0}],"player_experience":2831452,"relics_obtained":[{"floor":7.0,"key":"Vajra"},{"floor":9.0,"key":"Art of War"}],"event_choices":[{"damage_healed":0.0,"max_hp_gain":0.0,"max_hp_loss":0.0,"gold_gain":0.0,"event_name":"Accursed Blacksmith","player_choice":"Rummage","floor":2.0,"gold_loss":0.0,"damage_taken":0.0,"relics_obtained":["WarpedTongs"],"cards_obtained":["Pain"]}],"is_beta":true,"boss_relics":[],"items_purged_floors":[4],"is_endless":false,"potions_floor_spawned":[1,7,12],"killed_by":"Slime Boss","ascension_level":20}