{"gold_per_floor":[112,128,143,143,68,68,95,95,120,66,216,234,234,249,249,324,324,335,335,335,349,349,349,362,362,362,362,362,287,287,304,304,381,381,398,378,397,413,428,428],"floor_reached":40,"playtime":1772,"items_purged":["Doubt"],"score":797,"play_id":"1ef45709-66fc-4b01-b787-3a23e4a78ee9","local_time":"20190730012326","is_ascension_mode":true,"campfire_choices":[{"data":"Sunder","floor":6,"key":"SMITH"},{"data":"Zap","floor":8,"key":"SMITH"},{"data":"Defragment","floor":13,"key":"SMITH"},{"data":"Go for the Eyes","floor":15,"key":"SMITH"},{"floor":23,"key":"REST"},{"floor":25,"key":"RECALL"},{"data":"Glacier","floor":27,"key":"SMITH"},{"data":"Cold Snap","floor":32,"key":"SMITH"}],"neow_cost":"PERCENT_DAMAGE","seed_source_timestamp":280636056694496,"circlet_count":0,"master_deck":["AscendersBane","Strike_B+1","Strike_B+1","Strike_B+1","Defend_B+1","Defend_B+1","Defend_B+1","Defend_B+1","Zap+1","Dualcast+1","Sunder+1","Glacier+1","Ball Lightning","Core Surge","Cold Snap+1","Defragment+1","Go for the Eyes+1","Machine Learning","Barrage+1","Hologram+1","Writhe","Coolheaded+1","Coolheaded","Core Surge","Storm+1","Skim+1","Conserve Battery","Ball Lightning+1"],"relics":["Cracked Core","Pen Nib","Vajra","Philosopher\u0027s Stone","Nilry\u0027s Codex","Regal Pillow","Fusion Hammer"],"potions_floor_usage":[14,14,33,37,39,40],"damage_taken":[{"damage":4,"enemies":"Small Slimes","floor":1,"turns":3},{"damage":9,"enemies":"Jaw Worm","floor":2,"turns":4},{"damage":1,"enemies":"2 Louse","floor":3,"turns":3},{"damage":9,"enemies":"3 Sentries","floor":7,"turns":5},{"damage":0,"enemies":"Blue Slaver","floor":12,"turns":3},{"damage":0,"enemies":"2 Fungi Beasts","floor":14,"turns":2},{"damage":34,"enemies":"Hexaghost","floor":16,"turns":9},{"damage":28,"enemies":"2 Thieves","floor":18,"turns":4},{"damage":0,"enemies":"Chosen","floor":21,"turns":5},{"damage":3,"enemies":"Snake Plant","floor":24,"turns":5},{"damage":0,"enemies":"Chosen and Byrds","floor":31,"turns":4},{"damage":17,"enemies":"Collector","floor":33,"turns":11},{"damage":0,"enemies":"3 Shapes","floor":35,"turns":4},{"damage":16,"enemies":"Orb Walker","floor":37,"turns":3},{"damage":21,"enemies":"Jaw Worm Horde","floor":38,"turns":4},{"damage":1,"enemies":"3 Darklings","floor":39,"turns":4},{"damage":52,"enemies":"Reptomancer","floor":40,"turns":2}],"seed_played":"-1756804093964683543","potions_obtained":[{"floor":1,"key":"AttackPotion"},{"floor":2,"key":"Energy Potion"},{"floor":18,"key":"EssenceOfSteel"},{"floor":24,"key":"Energy Potion"},{"floor":36,"key":"Weak Potion"},{"floor":37,"key":"Strength Potion"}],"is_trial":false,"path_per_floor":["M","M","M","?","?","R","E","R","T","$","?","M","R","M","R","B",null,"M","?","?","M","?","R","M","R","T","R","?","$","?","M","R","B",null,"M","?","M","M","M","E"],"character_chosen":"DEFECT","items_purchased":["Cold Snap"],"campfire_rested":1,"item_purchase_floors":[10],"current_hp_per_floor":[56,47,46,51,51,51,42,42,42,42,42,42,42,42,42,8,70,42,21,39,39,39,81,78,78,78,78,78,78,78,78,78,61,83,83,83,67,46,45,0],"gold":428,"neow_bonus":"TWENTY_PERCENT_HP_BONUS","is_prod":false,"is_daily":false,"chose_seed":false,"campfire_upgraded":6,"win_rate":0,"timestamp":1564475006,"path_taken":["M","M","M","?","?","R","E","R","T","?","?","M","R","M","R","BOSS","M","?","?","M","?","R","M","R","T","R","?","$","?","M","R","BOSS","M","?","?","M","M","E"],"build_version":"2019-07-18","purchased_purges":1,"victory":false,"max_hp_per_floor":[85,85,85,90,90,90,90,90,90,90,90,90,90,90,90,90,90,90,90,90,90,90,90,90,90,90,90,90,90,90,90,90,90,90,90,90,90,90,90,90],"card_choices":[{"not_picked":["Chill","Compile Driver"],"picked":"Sunder","floor":1},{"not_picked":["Steam","Hologram"],"picked":"Glacier","floor":2},{"not_picked":["Gash","Go for the Eyes"],"picked":"Ball Lightning","floor":3},{"not_picked":["Storm","Undo"],"picked":"Core Surge","floor":7},{"not_picked":["Stack","Compile Driver"],"picked":"Defragment","floor":12},{"not_picked":["Skim","Rebound"],"picked":"Go for the Eyes","floor":14},{"not_picked":["Multi-Cast","Fission"],"picked":"Machine Learning","floor":16},{"not_picked":["Sweeping Beam","Stack"],"picked":"Barrage+1","floor":18},{"not_picked":["Barrage","Turbo"],"picked":"Hologram+1","floor":21},{"not_picked":["Go for the Eyes","Cold Snap+1"],"picked":"Coolheaded+1","floor":24},{"not_picked":["Conserve Battery","Gash"],"picked":"Coolheaded","floor":31},{"not_picked":["Hyperbeam","Seek"],"picked":"Core Surge","floor":33},{"not_picked":["Gash+1","Sweeping Beam"],"picked":"Storm+1","floor":35},{"not_picked":["Darkness","Capacitor"],"picked":"Skim+1","floor":37},{"not_picked":["Melter","Leap"],"picked":"Conserve Battery","floor":38},{"not_picked":["Streamline","Auto Shields"],"picked":"Ball Lightning+1","floor":39}],"player_experience":2841364,"relics_obtained":[{"floor":7,"key":"Pen Nib"},{"floor":9,"key":"Vajra"},{"floor":19,"key":"Nilry\u0027s Codex"}],"event_choices":[{"damage_healed":0,"gold_gain":0,"player_choice":"Donut","damage_taken":0,"max_hp_gain":5,"max_hp_loss":0,"event_name":"Big Fish","floor":4,"gold_loss":0},{"cards_removed":["Strike_B"],"damage_healed":0,"gold_gain":0,"player_choice":"Card Removal","damage_taken":0,"max_hp_gain":0,"max_hp_loss":0,"event_name":"The Cleric","floor":5,"gold_loss":75},{"damage_healed":0,"gold_gain":150,"player_choice":"AGREE","damage_taken":0,"max_hp_gain":0,"max_hp_loss":0,"event_name":"Liars Game","floor":11,"gold_loss":0,"cards_obtained":["Doubt"]},{"damage_healed":0,"gold_gain":0,"player_choice":"Obtained Book","damage_taken":21,"max_hp_gain":0,"max_hp_loss":0,"event_name":"Cursed Tome","floor":19,"gold_loss":0},{"damage_healed":18,"gold_gain":0,"player_choice":"Heal","damage_taken":0,"max_hp_gain":0,"max_hp_loss":0,"event_name":"The Library","floor":20,"gold_loss":0},{"damage_healed":0,"gold_gain":0,"player_choice":"Opened","damage_taken":0,"relics_obtained":["Regal Pillow"],"max_hp_gain":0,"max_hp_loss":0,"event_name":"The Mausoleum","floor":22,"gold_loss":0,"cards_obtained":["Writhe"]},{"damage_healed":0,"gold_gain":0,"player_choice":"Simplicity","damage_taken":0,"max_hp_gain":0,"max_hp_loss":0,"event_name":"Back to Basics","floor":28,"gold_loss":0,"cards_upgraded":["Strike_B","Strike_B","Strike_B","Defend_B","Defend_B","Defend_B","Defend_B"]},{"damage_healed":0,"gold_gain":0,"player_choice":"Upgraded","damage_taken":0,"max_hp_gain":0,"max_hp_loss":0,"event_name":"Upgrade Shrine","floor":30,"gold_loss":0,"cards_upgraded":["Dualcast"]},{"damage_healed":0,"gold_gain":0,"player_choice":"Bought 1 Potion","damage_taken":0,"max_hp_gain":0,"max_hp_loss":0,"event_name":"The Woman in Blue","floor":36,"gold_loss":0}],"is_beta":true,"boss_relics":[{"not_picked":["Velvet Choker","Runic Pyramid"],"picked":"Philosopher\u0027s Stone"},{"not_picked":["Snecko Eye","Eternal Feather"],"picked":"Fusion Hammer"}],"items_purged_floors":[29],"is_endless":false,"potions_floor_spawned":[1,2,7,18,24,37],"killed_by":"Reptomancer","ascension_level":20}