{"gold_per_floor":[16,16,67,67,217,217,228,228,228,228,39,39,72,72,72,165,165,179,179,198,198,208,208,208,208,232,232,232,232,15,33,33,33],"floor_reached":33,"playtime":1187,"items_purged":["Doubt"],"score":474,"play_id":"f589f488-2282-4719-b0ce-34643da288bf","local_time":"20190104204015","is_ascension_mode":true,"campfire_choices":[{"floor":6.0,"key":"RECALL"},{"data":"Cold Snap","floor":10.0,"key":"SMITH"},{"data":"Capacitor","floor":12.0,"key":"SMITH"},{"floor":15.0,"key":"REST"},{"data":"Defragment","floor":23,"key":"SMITH"},{"data":"Zap","floor":25,"key":"SMITH"},{"data":"Dualcast","floor":27,"key":"SMITH"},{"data":"All For One","floor":32,"key":"SMITH"}],"neow_cost":"NO_GOLD","seed_source_timestamp":1099433660348172,"circlet_count":0,"master_deck":["AscendersBane","Strike_B+1","Strike_B","Strike_B","Defend_B","Defend_B","Defend_B","Defend_B","Zap+1","Dualcast+1","Good Instincts","Blind+1","Conserve Battery","Meteor Strike","Cold Snap+1","Ball Lightning","Capacitor+1","Defragment+1","All For One+1","Redo+1","Beam Cell","Gash","Necronomicurse","Gash"],"special_seed":0,"relics":["Cracked Core","Juzu Bracelet","Bloody Idol","Bag of Preparation","Bag of Marbles","Runic Pyramid","Necronomicon","Lee\u0027s Waffle"],"potions_floor_usage":[16,20],"damage_taken":[{"damage":0.0,"enemies":"2 Louse","floor":1.0,"turns":2.0},{"damage":4.0,"enemies":"Jaw Worm","floor":7.0,"turns":4.0},{"damage":28.0,"enemies":"3 Sentries","floor":13.0,"turns":9.0},{"damage":20,"enemies":"The Guardian","floor":16,"turns":12},{"damage":0,"enemies":"Chosen","floor":18,"turns":5},{"damage":3,"enemies":"3 Byrds","floor":20,"turns":5},{"damage":13,"enemies":"Snake Plant","floor":22,"turns":5},{"damage":13,"enemies":"Centurion and Healer","floor":31,"turns":6},{"damage":70,"enemies":"Automaton","floor":33,"turns":8}],"seed_played":"-5249802796015167052","potions_obtained":[{"floor":1.0,"key":"PowerPotion"},{"floor":7.0,"key":"Regen Potion"},{"floor":18,"key":"Fire Potion"}],"is_trial":false,"path_per_floor":["M","?","T","?","?","R","M","?","T","R","$","R","E","?","R","B",null,"M","?","M","?","M","R","?","R","T","R","?","$","$","M","R","B"],"character_chosen":"DEFECT","items_purchased":["Ball Lightning","Capacitor","Lee\u0027s Waffle"],"campfire_rested":1,"item_purchase_floors":[11,11,30],"current_hp_per_floor":[64,64,64,64,64,64,60,36,36,36,36,36,23,2,23,3,54,54,54,56,56,48,48,48,48,53,53,32,32,78,70,70,0],"gold":33,"neow_bonus":"RANDOM_COLORLESS_2","is_prod":false,"is_daily":false,"chose_seed":false,"campfire_upgraded":6,"win_rate":0,"timestamp":1546663215,"path_taken":["M","?","?","?","?","R","M","?","T","R","?","R","E","?","R","BOSS","M","?","M","?","M","R","?","R","T","R","?","?","$","M","R","BOSS"],"build_version":"2019-01-03v4","purchased_purges":1,"victory":false,"max_hp_per_floor":[71,71,71,71,71,71,71,71,71,71,71,71,71,71,71,71,71,71,71,71,71,71,71,71,71,71,71,71,71,78,78,78,78],"card_choices":[{"not_picked":["Go for the Eyes","Beam Cell"],"picked":"Conserve Battery","floor":1.0},{"not_picked":["Turbo","Stack"],"picked":"Cold Snap","floor":7.0},{"not_picked":["Multi-Cast","Hologram"],"picked":"Defragment","floor":13.0},{"not_picked":["Hyperbeam","Multi-Cast"],"picked":"All For One","floor":16},{"not_picked":["Double Energy","BootSequence"],"picked":"Redo+1","floor":18},{"not_picked":["Redo","Gash"],"picked":"Beam Cell","floor":20},{"not_picked":["Leap","Darkness"],"picked":"Gash","floor":22},{"not_picked":["Lockon","Go for the Eyes"],"picked":"Gash","floor":31}],"player_experience":2709935,"relics_obtained":[{"floor":3.0,"key":"Juzu Bracelet"},{"floor":9.0,"key":"Bag of Preparation"},{"floor":13.0,"key":"Bag of Marbles"},{"floor":28,"key":"Necronomicon"}],"event_choices":[{"damage_healed":0.0,"max_hp_gain":0.0,"max_hp_loss":0.0,"gold_gain":0.0,"cards_transformed":["Strike_B"],"event_name":"Living Wall","player_choice":"Change","floor":2.0,"gold_loss":0.0,"damage_taken":0.0,"cards_obtained":["Meteor Strike"]},{"damage_healed":0.0,"max_hp_gain":0.0,"max_hp_loss":0.0,"gold_gain":0.0,"event_name":"The Cleric","player_choice":"Leave","floor":4.0,"gold_loss":0.0,"damage_taken":0.0},{"damage_healed":0.0,"max_hp_gain":0.0,"max_hp_loss":0.0,"gold_gain":150.0,"event_name":"Liars Game","player_choice":"AGREE","floor":5.0,"gold_loss":0.0,"damage_taken":0.0,"cards_obtained":["Doubt"]},{"damage_healed":0.0,"max_hp_gain":0.0,"max_hp_loss":0.0,"gold_gain":0.0,"event_name":"Golden Idol","player_choice":"Take Damage","floor":8.0,"gold_loss":0.0,"damage_taken":24.0,"relics_obtained":["Golden Idol"]},{"damage_healed":0.0,"max_hp_gain":0.0,"max_hp_loss":0.0,"gold_gain":0.0,"event_name":"Shining Light","player_choice":"Entered Light","floor":14.0,"gold_loss":0.0,"damage_taken":21.0,"cards_upgraded":["Blind","Strike_B"]},{"damage_healed":0,"gold_gain":0,"player_choice":"Gave Idol","damage_taken":0,"relics_obtained":["Bloody Idol"],"max_hp_gain":0,"max_hp_loss":0,"event_name":"Forgotten Altar","floor":19,"relics_lost":["Golden Idol"],"gold_loss":0},{"damage_healed":0,"gold_gain":0,"player_choice":"Ignored","damage_taken":0,"max_hp_gain":0,"max_hp_loss":0,"event_name":"N\u0027loth","floor":21,"gold_loss":0},{"damage_healed":0,"gold_gain":0,"player_choice":"Ignored","damage_taken":0,"max_hp_gain":0,"max_hp_loss":0,"event_name":"Vampires","floor":24,"gold_loss":0},{"damage_healed":0,"gold_gain":0,"player_choice":"Obtained Book","damage_taken":21,"max_hp_gain":0,"max_hp_loss":0,"event_name":"Cursed Tome","floor":28,"gold_loss":0}],"is_beta":true,"boss_relics":[{"not_picked":["Pandora\u0027s Box","FrozenCore"],"picked":"Runic Pyramid"}],"items_purged_floors":[11],"is_endless":false,"potions_floor_spawned":[1,7,18],"killed_by":"Automaton","ascension_level":20}