{"gold_per_floor":[117,117,132,132,97,97,131,131,131,154,188,188,203,73,73,73],"floor_reached":16,"playtime":478,"items_purged":["Strike_B"],"score":262,"play_id":"7b43c140-73f4-4f30-bc10-9b143015331e","local_time":"20190806231241","is_ascension_mode":true,"campfire_choices":[{"data":"Zap","floor":6,"key":"SMITH"},{"floor":8,"key":"RECALL"},{"data":"Dualcast","floor":12,"key":"SMITH"},{"data":"Coolheaded","floor":15,"key":"SMITH"}],"neow_cost":"NONE","seed_source_timestamp":416514667850802,"circlet_count":0,"master_deck":["AscendersBane","Strike_B","Strike_B","Strike_B","Defend_B","Defend_B","Defend_B","Defend_B","Zap+1","Dualcast+1","Leap+1","Go for the Eyes+1","Compile Driver","Echo Form","Coolheaded+1","Conserve Battery"],"relics":["Cracked Core","NeowsBlessing","Golden Idol","Regal Pillow","Omamori","Centennial Puzzle"],"potions_floor_usage":[11],"damage_taken":[{"damage":0,"enemies":"Jaw Worm","floor":1,"turns":1},{"damage":0,"enemies":"2 Louse","floor":3,"turns":1},{"damage":0,"enemies":"Gremlin Nob","floor":7,"turns":1},{"damage":5,"enemies":"Lagavulin","floor":11,"turns":5},{"damage":4,"enemies":"Small Slimes","floor":13,"turns":3},{"damage":30,"enemies":"Hexaghost","floor":16,"turns":14}],"seed_played":"-6944579193571649405","potions_obtained":[{"floor":1,"key":"Dexterity Potion"},{"floor":3,"key":"AttackPotion"},{"floor":7,"key":"Weak Potion"}],"is_trial":false,"path_per_floor":["M","?","M","?","?","R","E","R","T","T","E","R","M","$","R","B"],"character_chosen":"DEFECT","items_purchased":["Conserve Battery"],"campfire_rested":0,"item_purchase_floors":[14],"current_hp_per_floor":[64,40,40,19,36,36,36,36,36,36,31,31,27,27,27,0],"gold":73,"neow_bonus":"THREE_ENEMY_KILL","is_prod":false,"is_daily":false,"chose_seed":false,"campfire_upgraded":3,"win_rate":0,"timestamp":1565158361,"path_taken":["M","?","M","?","?","R","E","R","T","?","E","R","?","$","R","BOSS"],"build_version":"2019-07-18","purchased_purges":1,"victory":false,"max_hp_per_floor":[71,71,71,71,71,71,71,71,71,71,71,71,71,71,71,71],"card_choices":[{"not_picked":["Darkness","Fusion"],"picked":"Leap","floor":1},{"not_picked":["Lockon","Rebound"],"picked":"Go for the Eyes","floor":3},{"not_picked":["Skim","Rebound"],"picked":"Compile Driver","floor":7},{"not_picked":["Steam","Hologram"],"picked":"Echo Form","floor":11},{"not_picked":["Scrape","White Noise"],"picked":"Coolheaded","floor":13}],"player_experience":2876122,"relics_obtained":[{"floor":7,"key":"Regal Pillow"},{"floor":10,"key":"Omamori"},{"floor":11,"key":"Centennial Puzzle"}],"event_choices":[{"damage_healed":0,"gold_gain":0,"player_choice":"Take Damage","damage_taken":24,"relics_obtained":["Golden Idol"],"max_hp_gain":0,"max_hp_loss":0,"event_name":"Golden Idol","floor":2,"gold_loss":0},{"damage_healed":0,"gold_gain":0,"player_choice":"Entered Light","damage_taken":21,"max_hp_gain":0,"max_hp_loss":0,"event_name":"Shining Light","floor":4,"gold_loss":0,"cards_upgraded":["Go for the Eyes","Leap"]},{"damage_healed":17,"gold_gain":0,"player_choice":"Healed","damage_taken":0,"max_hp_gain":0,"max_hp_loss":0,"event_name":"The Cleric","floor":5,"gold_loss":35}],"is_beta":true,"boss_relics":[],"items_purged_floors":[14],"is_endless":false,"potions_floor_spawned":[1,3,7],"killed_by":"Hexaghost","ascension_level":20}