{"gold_per_floor":[117,30,47,47,62,62,92,92,138,172,172,18,18,29,29,103,103,115,40,40,65,77,89],"floor_reached":23,"playtime":5762,"items_purged":["Strike_B"],"score":380,"play_id":"3504579b-29b9-44a5-961f-4808e36b7ae6","local_time":"20190523223454","is_ascension_mode":true,"campfire_choices":[{"data":"Loop","floor":6,"key":"SMITH"},{"floor":8,"key":"REST"},{"data":"Zap","floor":11,"key":"SMITH"},{"data":"Static Discharge","floor":13,"key":"SMITH"},{"data":"Sunder","floor":15,"key":"SMITH"}],"neow_cost":"NONE","seed_source_timestamp":1130220397034838,"circlet_count":0,"master_deck":["AscendersBane","Strike_B","Strike_B","Defend_B+1","Defend_B","Defend_B","Defend_B","Zap+1","Dualcast","Sunder+1","Loop+1","Go for the Eyes","Consume+1","Static Discharge+1","Self Repair","Biased Cognition","Coolheaded","Decay"],"relics":["Cracked Core","Blood Vial","Art of War","War Paint","Juzu Bracelet","Cursed Key","MawBank","Enchiridion"],"potions_floor_usage":[10,18,23],"damage_taken":[{"damage":2,"enemies":"2 Louse","floor":1,"turns":2},{"damage":7,"enemies":"Cultist","floor":3,"turns":4},{"damage":10,"enemies":"Small Slimes","floor":5,"turns":3},{"damage":40,"enemies":"3 Sentries","floor":7,"turns":6},{"damage":17,"enemies":"Lagavulin","floor":10,"turns":5},{"damage":13,"enemies":"Blue Slaver","floor":14,"turns":3},{"damage":12,"enemies":"The Guardian","floor":16,"turns":6},{"damage":41,"enemies":"3 Byrds","floor":18,"turns":5},{"damage":24,"enemies":"Slavers","floor":23,"turns":2}],"seed_played":"-2601461859186698981","potions_obtained":[{"floor":1,"key":"SpeedPotion"},{"floor":3,"key":"Regen Potion"}],"is_trial":false,"path_per_floor":["M","$","M","?","M","R","E","R","T","E","R","$","R","M","R","B",null,"M","?","?","T","?","E"],"character_chosen":"DEFECT","items_purchased":["Loop","Regen Potion"],"campfire_rested":1,"item_purchase_floors":[2,12],"current_hp_per_floor":[64,64,59,71,61,61,23,44,44,43,43,43,43,32,32,29,61,38,38,38,38,17,0],"gold":89,"neow_bonus":"RANDOM_COMMON_RELIC","is_prod":false,"is_daily":false,"chose_seed":false,"campfire_upgraded":4,"win_rate":0,"timestamp":1558665294,"path_taken":["M","$","M","?","M","R","E","R","T","E","R","$","R","M","R","BOSS","M","?","?","?","?","E"],"build_version":"2019-01-23","purchased_purges":1,"victory":false,"max_hp_per_floor":[71,71,71,71,71,71,71,71,71,71,71,71,71,71,71,71,71,71,71,71,71,71,71],"card_choices":[{"not_picked":["Sweeping Beam","Rebound"],"picked":"Sunder","floor":1},{"not_picked":["Streamline","Hologram"],"picked":"Go for the Eyes","floor":3},{"not_picked":["FTL","Redo","Streamline"],"picked":"SKIP","floor":5},{"not_picked":["Turbo","Meteor Strike"],"picked":"Consume","floor":7},{"not_picked":["Sweeping Beam","Auto Shields"],"picked":"Static Discharge","floor":10},{"not_picked":["Compile Driver","Melter"],"picked":"Self Repair","floor":14},{"not_picked":["Buffer","Hyperbeam"],"picked":"Biased Cognition","floor":16},{"not_picked":["Force Field","Redo","Rebound+1"],"picked":"SKIP","floor":18}],"player_experience":407218,"relics_obtained":[{"floor":7,"key":"Art of War"},{"floor":9,"key":"War Paint"},{"floor":10,"key":"Juzu Bracelet"},{"floor":21,"key":"MawBank"},{"floor":22,"key":"Enchiridion"}],"event_choices":[{"damage_healed":12,"gold_gain":0,"player_choice":"Full Heal","damage_taken":0,"max_hp_gain":0,"max_hp_loss":0,"event_name":"Wheel of Change","floor":4,"gold_loss":0},{"cards_removed":["Strike_B"],"damage_healed":0,"gold_gain":0,"player_choice":"Gave Gold","damage_taken":0,"max_hp_gain":0,"max_hp_loss":0,"event_name":"Beggar","floor":19,"gold_loss":75},{"damage_healed":0,"gold_gain":0,"player_choice":"Read","damage_taken":0,"max_hp_gain":0,"max_hp_loss":0,"event_name":"The Library","floor":20,"gold_loss":0,"cards_obtained":["Coolheaded"]},{"damage_healed":0,"gold_gain":0,"player_choice":"Obtained Book","damage_taken":21,"max_hp_gain":0,"max_hp_loss":0,"event_name":"Cursed Tome","floor":22,"gold_loss":0}],"is_beta":false,"boss_relics":[{"not_picked":["Busted Crown","Eternal Feather"],"picked":"Cursed Key"}],"items_purged_floors":[12],"is_endless":false,"potions_floor_spawned":[1,3],"killed_by":"Slavers","ascension_level":19}