{"gold_per_floor":[115,115,135,78,92,92,120,120,143,168,181,208,219,219,219,321,321,339,359,374,21,21,52,71,85,85,100,100,110,126,126,126,221,221,241,251,1,15,15,15,47,66,111,137,137,147,147,147,147,147],"floor_reached":51,"playtime":4498,"items_purged":[],"score":1069,"play_id":"002bf263-f4d6-4456-a030-482cd215b3d0","local_time":"20190301103808","is_ascension_mode":true,"campfire_choices":[{"data":"Deadly Poison","floor":6,"key":"SMITH"},{"floor":8,"key":"REST"},{"data":"Bullet Time","floor":15,"key":"SMITH"},{"floor":28,"key":"REST"},{"floor":32,"key":"REST"},{"data":"Burst","floor":40,"key":"SMITH"},{"data":"1","floor":45,"key":"LIFT"},{"floor":47,"key":"REST"},{"data":"2","floor":49,"key":"LIFT"}],"neow_cost":"NONE","seed_source_timestamp":883214085432198,"circlet_count":0,"master_deck":["AscendersBane","Defend_G+1","Defend_G+1","Defend_G+1","Defend_G+1","Defend_G+1","Strike_G+1","Strike_G+1","Survivor+1","Neutralize+1","Deadly Poison+1","Predator+1","Endless Agony+1","Dash+1","Tools of the Trade+1","Bullet Time+1","Reflex+1","Blade Dance+1","Glass Knife+1","Setup+1","Dash+1","Blur+1","Leg Sweep+1","Backflip+1","Eviscerate+1","Cloak And Dagger+1","Noxious Fumes+1","Dodge and Roll+1","Blade Dance+1","Concentrate+1","Blade Dance+1","Noxious Fumes+1","Endless Agony+1","Burst+1","Underhanded Strike+1","Skewer+1","Noxious Fumes+1","Poisoned Stab+1","Crippling Poison+1","PiercingWail+1","Catalyst+1","Distraction+1","Cloak And Dagger+1"],"relics":["Ring of the Serpent","Orichalcum","Mummified Hand","Dream Catcher","Pocketwatch","Gambling Chip","Astrolabe","Dead Branch","Nunchaku","Ornamental Fan","Gremlin Horn","Regal Pillow","Girya","War Paint","Lantern","Mark of the Bloom"],"potions_floor_usage":[7,7,16,19,19,19,23,33,41,50,50,50],"damage_taken":[{"damage":8,"enemies":"Jaw Worm","floor":1,"turns":4},{"damage":1,"enemies":"Small Slimes","floor":3,"turns":3},{"damage":0,"enemies":"Cultist","floor":5,"turns":2},{"damage":10,"enemies":"Lagavulin","floor":7,"turns":3},{"damage":6,"enemies":"Gremlin Nob","floor":10,"turns":4},{"damage":0,"enemies":"Large Slime","floor":11,"turns":5},{"damage":5,"enemies":"3 Sentries","floor":12,"turns":8},{"damage":0,"enemies":"Blue Slaver","floor":13,"turns":3},{"damage":22,"enemies":"Hexaghost","floor":16,"turns":9},{"damage":0,"enemies":"Chosen","floor":18,"turns":4},{"damage":0,"enemies":"3 Byrds","floor":19,"turns":3},{"damage":1,"enemies":"Snake Plant","floor":20,"turns":5},{"damage":34,"enemies":"Gremlin Leader","floor":23,"turns":17},{"damage":0,"enemies":"Snecko","floor":24,"turns":4},{"damage":2,"enemies":"Centurion and Healer","floor":25,"turns":6},{"damage":24,"enemies":"Chosen and Byrds","floor":27,"turns":5},{"damage":0,"enemies":"Shelled Parasite and Fungi","floor":29,"turns":4},{"damage":0,"enemies":"Snecko","floor":30,"turns":2},{"damage":1,"enemies":"Automaton","floor":33,"turns":11},{"damage":1,"enemies":"Orb Walker","floor":35,"turns":4},{"damage":9,"enemies":"3 Darklings","floor":36,"turns":3},{"damage":0,"enemies":"Spire Growth","floor":38,"turns":4},{"damage":1,"enemies":"Reptomancer","floor":41,"turns":6},{"damage":0,"enemies":"Transient","floor":42,"turns":5},{"damage":12,"enemies":"Jaw Worm Horde","floor":46,"turns":3},{"damage":35,"enemies":"Awakened One","floor":50,"turns":10}],"seed_played":"-6817692656663482408","potions_obtained":[{"floor":1,"key":"FearPotion"},{"floor":5,"key":"SkillPotion"},{"floor":12,"key":"Regen Potion"},{"floor":16,"key":"Explosive Potion"},{"floor":18,"key":"EntropicBrew"},{"floor":20,"key":"GamblersBrew"},{"floor":24,"key":"Strength Potion"},{"floor":27,"key":"Fire Potion"},{"floor":31,"key":"Regen Potion"},{"floor":38,"key":"Energy Potion"},{"floor":41,"key":"SpeedPotion"},{"floor":46,"key":"Swift Potion"}],"is_trial":false,"path_per_floor":["M","?","M","?","M","R","E","R","T","E","M","E","M","?","R","B",null,"M","M","M","$","?","E","M","M","T","M","R","M","M","?","R","B",null,"M","M","$","M","$","R","E","M","T","T","R","M","R","?","R","B",null],"character_chosen":"THE_SILENT","items_purchased":["Dead Branch","Cloak And Dagger","Regal Pillow","Noxious Fumes","Poisoned Stab"],"campfire_rested":4,"item_purchase_floors":[21,21,37,37,37],"current_hp_per_floor":[55,41,40,40,40,40,30,51,51,45,45,40,40,45,45,38,66,66,66,65,65,65,31,31,29,29,5,27,27,27,27,49,63,72,71,62,62,62,62,62,61,61,61,61,61,49,75,75,75,40],"gold":147,"neow_bonus":"THREE_CARDS","is_prod":false,"is_daily":false,"chose_seed":false,"campfire_upgraded":3,"win_rate":0,"timestamp":1551454688,"path_taken":["M","?","M","?","M","R","E","R","T","E","?","E","M","?","R","BOSS","M","M","M","$","?","E","M","M","T","M","R","M","M","?","R","BOSS","M","M","$","M","$","R","E","M","T","?","R","M","R","?","R","BOSS"],"build_version":"2019-01-23","purchased_purges":0,"victory":true,"max_hp_per_floor":[70,70,70,70,70,70,70,70,70,70,70,70,70,75,75,75,75,75,75,75,75,75,75,75,75,75,75,75,75,75,75,75,75,75,75,75,75,75,75,75,75,75,75,75,75,75,75,75,75,75],"card_choices":[{"not_picked":["Blade Dance","Dodge and Roll"],"picked":"Deadly Poison","floor":0},{"not_picked":["Eviscerate","Concentrate"],"picked":"Predator","floor":1},{"not_picked":["Dodge and Roll","Deadly Poison"],"picked":"Endless Agony","floor":3},{"not_picked":["Dagger Throw","Cloak And Dagger"],"picked":"Dash","floor":5},{"not_picked":["Masterful Stab","Dagger Throw"],"picked":"Tools of the Trade","floor":7},{"not_picked":["Deadly Poison","Dagger Throw"],"picked":"Bullet Time","floor":10},{"not_picked":["Outmaneuver","Setup"],"picked":"Reflex","floor":11},{"not_picked":["Choke","Masterful Stab"],"picked":"Blade Dance","floor":12},{"not_picked":["Terror","Dodge and Roll","Deadly Poison"],"picked":"SKIP","floor":13},{"not_picked":["Bullet Time","Storm of Steel"],"picked":"Glass Knife","floor":16},{"not_picked":["Dagger Throw+1","Blade Dance"],"picked":"Leg Sweep","floor":18},{"not_picked":["Finisher+1","Bane"],"picked":"Backflip+1","floor":19},{"not_picked":["Terror","Slice+1"],"picked":"Eviscerate","floor":20},{"not_picked":["Tactician","PiercingWail"],"picked":"Noxious Fumes+1","floor":23},{"not_picked":["Sucker Punch","Backflip"],"picked":"Dodge and Roll+1","floor":24},{"not_picked":["Deflect","Quick Slash+1"],"picked":"Blade Dance","floor":25},{"not_picked":["Backflip","Deadly Poison"],"picked":"Concentrate+1","floor":27},{"not_picked":["Deadly Poison","Dagger Throw"],"picked":"Blade Dance+1","floor":28},{"not_picked":["Glass Knife","Outmaneuver+1"],"picked":"Noxious Fumes+1","floor":29},{"not_picked":["Poisoned Stab+1","Dagger Throw"],"picked":"Endless Agony","floor":30},{"not_picked":["Noxious Fumes","Acrobatics"],"picked":"Burst","floor":32},{"not_picked":["Concentrate","Dash"],"picked":"Underhanded Strike+1","floor":35},{"not_picked":["Slice+1","Dash"],"picked":"Skewer+1","floor":36},{"not_picked":["Cloak And Dagger","Bouncing Flask+1"],"picked":"Crippling Poison","floor":38},{"not_picked":["Quick Slash+1","Venomology"],"picked":"PiercingWail+1","floor":41},{"not_picked":["Sucker Punch","Flying Knee+1"],"picked":"Catalyst+1","floor":42},{"not_picked":["Dagger Spray+1","Venomology"],"picked":"Distraction+1","floor":46},{"not_picked":["Underhanded Strike","Outmaneuver"],"picked":"Cloak And Dagger+1","floor":47}],"player_experience":154103,"relics_obtained":[{"floor":7,"key":"Mummified Hand"},{"floor":9,"key":"Dream Catcher"},{"floor":10,"key":"Pocketwatch"},{"floor":12,"key":"Gambling Chip"},{"floor":23,"key":"Ornamental Fan"},{"floor":26,"key":"Gremlin Horn"},{"floor":41,"key":"Girya"},{"floor":43,"key":"War Paint"},{"floor":44,"key":"Lantern"}],"event_choices":[{"damage_healed":0,"gold_gain":0,"player_choice":"Entered Light","damage_taken":14,"max_hp_gain":0,"max_hp_loss":0,"event_name":"Shining Light","floor":2,"gold_loss":0,"cards_upgraded":["Predator","Strike_G"]},{"damage_healed":0,"gold_gain":0,"player_choice":"Paid Gold","damage_taken":0,"relics_obtained":["Orichalcum"],"max_hp_gain":0,"max_hp_loss":0,"event_name":"WeMeetAgain","floor":4,"gold_loss":57},{"damage_healed":0,"gold_gain":0,"player_choice":"Donut","damage_taken":0,"max_hp_gain":5,"max_hp_loss":0,"event_name":"Big Fish","floor":14,"gold_loss":0},{"damage_healed":0,"gold_gain":0,"player_choice":"Opened","damage_taken":0,"relics_obtained":["Nunchaku"],"max_hp_gain":0,"max_hp_loss":0,"event_name":"The Mausoleum","floor":22,"gold_loss":0},{"damage_healed":0,"gold_gain":0,"player_choice":"Got Potions","damage_taken":0,"max_hp_gain":0,"max_hp_loss":0,"event_name":"Lab","floor":31,"gold_loss":0},{"damage_healed":0,"gold_gain":0,"player_choice":"Upgrade","damage_taken":0,"relics_obtained":["Mark of the Bloom"],"max_hp_gain":0,"max_hp_loss":0,"event_name":"MindBloom","floor":48,"gold_loss":0,"cards_upgraded":["Defend_G","Defend_G","Defend_G","Defend_G","Defend_G","Strike_G","Survivor","Neutralize","Endless Agony","Dash","Tools of the Trade","Reflex","Glass Knife","Eviscerate","Cloak And Dagger","Blade Dance","Endless Agony","Noxious Fumes","Poisoned Stab","Crippling Poison"]}],"is_beta":false,"boss_relics":[{"not_picked":["Coffee Dripper","Runic Dome"],"picked":"Astrolabe"},{"not_picked":["Cursed Key","Calling Bell"],"picked":"Ring of the Serpent"}],"items_purged_floors":[],"is_endless":false,"potions_floor_spawned":[1,5,12,16,18,20,24,25,27,30,38,41,46],"ascension_level":10}