{"gold_per_floor":[113,127,127,142,12,46,64,74,74,74,102,118,118,137,137,234,234,247,257,257,8,21,54,72,83,135,135,146,146,17,27,27,132,132,147,162,162,162,175,205,205,268,268,268,295,309,309,6,6,6],"floor_reached":51,"playtime":4304,"items_purged":[],"score":768,"play_id":"b322fd68-29cd-4dae-8cec-badfd707ce55","local_time":"20190824122253","is_ascension_mode":false,"campfire_choices":[{"data":"Armaments","floor":10,"key":"SMITH"},{"data":"Armaments","floor":13,"key":"SMITH"},{"data":"Armaments","floor":15,"key":"SMITH"},{"floor":27,"key":"REST"},{"floor":32,"key":"REST"},{"floor":41,"key":"REST"},{"floor":44,"key":"REST"},{"floor":47,"key":"REST"},{"floor":49,"key":"REST"}],"neow_cost":"NONE","seed_source_timestamp":52535100228404,"circlet_count":0,"master_deck":["Defend_R","Defend_R","Defend_R","Defend_R","Bash","Infernal Blade","Shrug It Off","Flex","Sever Soul","Heavy Blade","Uppercut","Armaments+1","Ghostly Armor","Armaments+1","Armaments+1","Thunderclap","Feed","Headbutt","Spot Weakness","Bite","Bite","Bite","Bite","Bite","Blood for Blood","Pommel Strike","Shrug It Off","Clash","Rampage","Anger","Clothesline+1","Rampage","Headbutt","Feed","Infernal Blade","Thunderclap+1","Sword Boomerang","Cleave","Rage+1","Reaper","Iron Wave+1","Armaments"],"relics":["Burning Blood","PreservedInsect","Boot","Bag of Marbles","Fusion Hammer","Self Forming Clay","Bronze Scales","Happy Flower","Runic Cube","SsserpentHead","Strawberry","Shuriken","Thread and Needle","Kunai"],"potions_floor_usage":[4,6,6,8,11,16,16,16,19,22,28,33,33,35,40,46],"damage_taken":[{"damage":5,"enemies":"Jaw Worm","floor":1,"turns":4},{"damage":6,"enemies":"Cultist","floor":2,"turns":3},{"damage":1,"enemies":"2 Louse","floor":4,"turns":3},{"damage":23,"enemies":"Gremlin Nob","floor":6,"turns":4},{"damage":5,"enemies":"Blue Slaver","floor":7,"turns":3},{"damage":18,"enemies":"Lots of Slimes","floor":8,"turns":5},{"damage":13,"enemies":"3 Sentries","floor":11,"turns":7},{"damage":3,"enemies":"Large Slime","floor":12,"turns":5},{"damage":5,"enemies":"Looter","floor":14,"turns":3},{"damage":54,"enemies":"Hexaghost","floor":16,"turns":10},{"damage":10,"enemies":"Chosen","floor":18,"turns":4},{"damage":26,"enemies":"3 Byrds","floor":19,"turns":7},{"damage":23,"enemies":"Shelled Parasite and Fungi","floor":22,"turns":3},{"damage":22,"enemies":"Slavers","floor":23,"turns":5},{"damage":7,"enemies":"Centurion and Healer","floor":24,"turns":5},{"damage":32,"enemies":"Sentry and Sphere","floor":25,"turns":6},{"damage":0,"enemies":"Snake Plant","floor":28,"turns":3},{"damage":16,"enemies":"Shelled Parasite and Fungi","floor":31,"turns":5},{"damage":72,"enemies":"Automaton","floor":33,"turns":12},{"damage":16,"enemies":"3 Shapes","floor":35,"turns":3},{"damage":5,"enemies":"Orb Walker","floor":36,"turns":4},{"damage":18,"enemies":"Jaw Worm Horde","floor":39,"turns":3},{"damage":34,"enemies":"Reptomancer","floor":40,"turns":5},{"damage":29,"enemies":"Transient","floor":42,"turns":5},{"damage":2,"enemies":"Nemesis","floor":45,"turns":3},{"damage":37,"enemies":"Writhing Mass","floor":46,"turns":5},{"damage":42,"enemies":"Awakened One","floor":50,"turns":12}],"seed_played":"-6464650171134281865","potions_obtained":[{"floor":1,"key":"Dexterity Potion"},{"floor":3,"key":"SteroidPotion"},{"floor":3,"key":"SkillPotion"},{"floor":4,"key":"Poison Potion"},{"floor":7,"key":"SteroidPotion"},{"floor":8,"key":"BloodPotion"},{"floor":12,"key":"SteroidPotion"},{"floor":14,"key":"Strength Potion"},{"floor":18,"key":"Weak Potion"},{"floor":25,"key":"Block Potion"},{"floor":31,"key":"Regen Potion"},{"floor":33,"key":"Dexterity Potion"},{"floor":35,"key":"Regen Potion"},{"floor":36,"key":"Regen Potion"},{"floor":46,"key":"Regen Potion"}],"is_trial":false,"path_per_floor":["M","M","?","M","$","E","M","M","T","R","E","M","R","M","R","B",null,"M","M","?","$","M","E","M","M","T","R","M","?","$","M","R","B",null,"M","M","?","?","M","E","R","M","T","R","E","M","R","$","R","B",null],"character_chosen":"IRONCLAD","items_purchased":["Sever Soul","Heavy Blade","Flex","Blood for Blood","BloodPotion","Pommel Strike","Shrug It Off","Rampage","Dexterity Potion","Kunai","Armaments"],"campfire_rested":6,"item_purchase_floors":[5,5,5,21,21,21,21,30,30,48,48],"current_hp_per_floor":[88,88,88,88,88,71,72,60,60,60,75,78,78,79,79,31,88,87,67,63,63,63,55,58,40,40,60,67,67,67,62,70,38,70,63,70,70,70,61,60,83,63,63,83,83,58,82,82,83,60],"gold":6,"neow_bonus":"TEN_PERCENT_HP_BONUS","is_prod":false,"is_daily":false,"chose_seed":false,"campfire_upgraded":3,"win_rate":0.0,"timestamp":1566642173,"path_taken":["M","M","?","M","$","E","?","M","T","R","E","M","R","M","R","BOSS","M","M","?","$","M","E","M","M","T","R","M","?","$","?","R","BOSS","M","M","?","?","M","E","R","?","T","R","E","M","R","$","R","BOSS"],"build_version":"2019-06-28","purchased_purges":0,"victory":true,"max_hp_per_floor":[88,88,88,88,88,88,88,88,88,88,88,88,88,88,88,88,88,91,91,63,63,63,63,63,67,67,67,67,67,67,70,70,70,70,70,73,73,73,76,83,83,83,83,83,83,83,83,83,83,83],"card_choices":[{"not_picked":["Hemokinesis","Twin Strike"],"picked":"Infernal Blade","floor":1},{"not_picked":["Ghostly Armor","Hemokinesis"],"picked":"Shrug It Off","floor":2},{"not_picked":["Searing Blow","Infernal Blade"],"picked":"Flex","floor":4},{"not_picked":["Thunderclap","Power Through"],"picked":"Uppercut","floor":6},{"not_picked":["Headbutt","Shrug It Off"],"picked":"Armaments","floor":7},{"not_picked":["Flex","Shrug It Off"],"picked":"Ghostly Armor","floor":8},{"not_picked":["Berserk","Perfected Strike"],"picked":"Armaments","floor":11},{"not_picked":["True Grit","Clothesline"],"picked":"Armaments","floor":12},{"not_picked":["Heavy Blade","Clothesline"],"picked":"Thunderclap","floor":14},{"not_picked":["Fiend Fire","Brutality"],"picked":"Feed","floor":16},{"not_picked":["Clash","Pommel Strike"],"picked":"Headbutt","floor":18},{"not_picked":["Pommel Strike","Body Slam+1"],"picked":"Spot Weakness","floor":19},{"not_picked":["Burning Pact","Seeing Red"],"picked":"Clash","floor":22},{"not_picked":["Pommel Strike+1","Limit Break"],"picked":"Rampage","floor":23},{"not_picked":["Second Wind","Shrug It Off"],"picked":"Fire Breathing","floor":24},{"not_picked":["Clash","Armaments"],"picked":"Anger","floor":25},{"not_picked":["True Grit","Twin Strike"],"picked":"Clothesline+1","floor":28},{"not_picked":["Flex","Shrug It Off"],"picked":"Headbutt","floor":31},{"not_picked":["Limit Break","Barricade"],"picked":"Feed","floor":33},{"not_picked":["Warcry","Metallicize+1"],"picked":"Infernal Blade","floor":35},{"not_picked":["Body Slam","Perfected Strike+1"],"picked":"Thunderclap+1","floor":36},{"not_picked":["Entrench+1","Warcry+1"],"picked":"Sword Boomerang","floor":39},{"not_picked":["Corruption","Sword Boomerang+1"],"picked":"Cleave","floor":40},{"not_picked":["Fire Breathing+1","Infernal Blade"],"picked":"Rage+1","floor":42},{"not_picked":["Warcry","Sword Boomerang+1"],"picked":"Reaper","floor":45},{"not_picked":["Clash","Warcry"],"picked":"Iron Wave+1","floor":46}],"player_experience":23356,"relics_obtained":[{"floor":6,"key":"PreservedInsect"},{"floor":9,"key":"Boot"},{"floor":11,"key":"Bag of Marbles"},{"floor":23,"key":"Self Forming Clay"},{"floor":26,"key":"Bronze Scales"},{"floor":40,"key":"Strawberry"},{"floor":43,"key":"Shuriken"},{"floor":45,"key":"Thread and Needle"}],"event_choices":[{"damage_healed":0,"gold_gain":0,"player_choice":"Got Potions","damage_taken":0,"max_hp_gain":0,"max_hp_loss":0,"event_name":"Lab","floor":3,"gold_loss":0},{"damage_healed":0,"gold_gain":0,"player_choice":"Became a vampire","damage_taken":0,"max_hp_gain":0,"max_hp_loss":28,"event_name":"Vampires","floor":20,"gold_loss":0,"cards_obtained":["Bite","Bite","Bite","Bite","Bite"]},{"cards_removed":["Flex"],"damage_healed":0,"gold_gain":0,"player_choice":"Gave Card","damage_taken":0,"relics_obtained":["Happy Flower"],"max_hp_gain":0,"max_hp_loss":0,"event_name":"WeMeetAgain","floor":29,"gold_loss":0},{"cards_removed":["Fire Breathing"],"damage_healed":0,"gold_gain":0,"player_choice":"Removed Power","damage_taken":0,"max_hp_gain":0,"max_hp_loss":0,"event_name":"Falling","floor":37,"gold_loss":0},{"damage_healed":0,"gold_gain":0,"player_choice":"Trade","damage_taken":0,"relics_obtained":["SsserpentHead"],"max_hp_gain":0,"max_hp_loss":0,"event_name":"FaceTrader","floor":38,"gold_loss":0}],"is_beta":true,"boss_relics":[{"not_picked":["Coffee Dripper","Lizard Tail"],"picked":"Fusion Hammer"},{"not_picked":["Snecko Eye","Runic Dome"],"picked":"Runic Cube"}],"items_purged_floors":[],"is_endless":false,"potions_floor_spawned":[1,4,7,8,12,14,18,25,31,33,35,36,46],"ascension_level":0}