{"gold_per_floor":[116,116,28,43,43,43,68,68,92,118,118,145,145,145,145,145],"floor_reached":16,"playtime":282,"items_purged":[],"score":181,"play_id":"730fd5ed-7d50-4c15-8c7e-f390771add89","local_time":"20190223123149","is_ascension_mode":true,"campfire_choices":[{"data":"Discovery","floor":6,"key":"SMITH"},{"data":"Bash","floor":11,"key":"SMITH"},{"data":"Evolve","floor":13,"key":"SMITH"},{"data":"Offering","floor":15,"key":"SMITH"}],"neow_cost":"NONE","seed_source_timestamp":375878305818302,"circlet_count":0,"master_deck":["Strike_R","Strike_R","Strike_R","Strike_R","Defend_R","Defend_R","Defend_R","Defend_R","Bash+1","Body Slam+1","Discovery+1","Evolve+1","Offering+1"],"relics":["Burning Blood","NeowsBlessing","Blood Vial","PreservedInsect","Regal Pillow","Odd Mushroom"],"potions_floor_usage":[16,16],"damage_taken":[{"damage":0,"enemies":"2 Louse","floor":1,"turns":1},{"damage":0,"enemies":"Jaw Worm","floor":4,"turns":1},{"damage":0,"enemies":"3 Sentries","floor":7,"turns":2},{"damage":8,"enemies":"Gremlin Nob","floor":10,"turns":3},{"damage":15,"enemies":"The Mushroom Lair","floor":12,"turns":5},{"damage":80,"enemies":"Hexaghost","floor":16,"turns":7}],"seed_played":"416100424179558386","potions_obtained":[{"floor":7,"key":"LiquidBronze"},{"floor":12,"key":"PowerPotion"}],"is_trial":false,"path_per_floor":["M","?","$","M","$","R","E","?","T","E","R","?","R","?","R","B"],"character_chosen":"IRONCLAD","items_purchased":["Discovery"],"campfire_rested":0,"item_purchase_floors":[3],"current_hp_per_floor":[78,71,71,77,77,77,80,80,80,78,78,71,71,71,71,0],"gold":145,"neow_bonus":"THREE_ENEMY_KILL","is_prod":false,"is_daily":false,"chose_seed":false,"campfire_upgraded":4,"win_rate":0,"timestamp":1550943109,"path_taken":["M","?","$","M","?","R","E","?","T","E","R","?","R","?","R","BOSS"],"build_version":"2019-01-23","purchased_purges":0,"victory":false,"max_hp_per_floor":[80,80,80,80,80,80,80,80,80,80,80,80,80,80,80,80],"card_choices":[{"not_picked":["Thunderclap","Hemokinesis"],"picked":"Body Slam","floor":1},{"not_picked":["Heavy Blade","Flex"],"picked":"Evolve","floor":4},{"not_picked":["Clash","Cleave","Havoc"],"picked":"SKIP","floor":7},{"not_picked":["Heavy Blade","Battle Trance"],"picked":"Offering","floor":10}],"player_experience":127427,"relics_obtained":[{"floor":7,"key":"Blood Vial"},{"floor":9,"key":"PreservedInsect"},{"floor":10,"key":"Regal Pillow"},{"floor":12,"key":"Odd Mushroom"}],"event_choices":[{"cards_removed":["Strike_R"],"damage_healed":0,"gold_gain":0,"player_choice":"Card Removal","damage_taken":7,"max_hp_gain":0,"max_hp_loss":0,"event_name":"Golden Wing","floor":2,"gold_loss":0},{"damage_healed":0,"gold_gain":0,"player_choice":"Grow","damage_taken":0,"max_hp_gain":0,"max_hp_loss":0,"event_name":"Living Wall","floor":8,"gold_loss":0,"cards_upgraded":["Body Slam"]},{"damage_healed":0,"gold_gain":0,"player_choice":"Fought Mushrooms","damage_taken":0,"max_hp_gain":0,"max_hp_loss":0,"event_name":"Mushrooms","floor":12,"gold_loss":0},{"damage_healed":0,"gold_gain":0,"player_choice":"Ignored","damage_taken":0,"max_hp_gain":0,"max_hp_loss":0,"event_name":"Liars Game","floor":14,"gold_loss":0}],"is_beta":false,"boss_relics":[],"items_purged_floors":[],"is_endless":false,"potions_floor_spawned":[7,12],"killed_by":"Hexaghost","ascension_level":8}