{"gold_per_floor":[112,37,37,137,148,148,165,178,205,27,202,202,220,220,220,315,315,332,332,357,377,397,397,412,441,467,467,467,467,487,362,362,464,514,533,240,240,240,258,258,268,268,568,602,602,636,636,636],"floor_reached":49,"playtime":1620,"items_purged":["Defend_R","Strike_R","Defend_R","Bite"],"score":1045,"play_id":"e2af55ef-e0f3-4dd0-af21-9752c9c79c1d","local_time":"20190901163549","is_ascension_mode":true,"campfire_choices":[{"data":"Bash","floor":6.0,"key":"SMITH"},{"data":"Whirlwind","floor":15.0,"key":"SMITH"},{"data":"1","floor":23.0,"key":"LIFT"},{"data":"2","floor":27,"key":"LIFT"},{"data":"3","floor":29,"key":"LIFT"},{"floor":32,"key":"REST"},{"data":"Heavy Blade","floor":40,"key":"SMITH"},{"data":"Flex","floor":45,"key":"SMITH"}],"neow_cost":"NONE","seed_source_timestamp":235868212221900,"circlet_count":0,"master_deck":["Defend_R+1","Defend_R+1","Bash+1","Dropkick","Whirlwind+1","Limit Break+1","Fiend Fire+1","Reaper+1","Heavy Blade+1","Battle Trance+1","Flex+1","Bite+1","Bite","Bite","Bite","Headbutt","Dual Wield","Whirlwind+1","Flex+1"],"special_seed":0,"relics":["Burning Blood","War Paint","Girya","Astrolabe","Red Mask","PreservedInsect","Happy Flower","Tiny House","Bag of Marbles","Old Coin","StoneCalendar","Charon\u0027s Ashes"],"potions_floor_usage":[33,35,48,48],"damage_taken":[{"damage":4.0,"enemies":"Jaw Worm","floor":1.0,"turns":6.0},{"damage":7.0,"enemies":"2 Louse","floor":5.0,"turns":3.0},{"damage":1.0,"enemies":"Cultist","floor":7.0,"turns":3.0},{"damage":8.0,"enemies":"Red Slaver","floor":8.0,"turns":4.0},{"damage":15.0,"enemies":"3 Louse","floor":13.0,"turns":5.0},{"damage":57.0,"enemies":"Slime Boss","floor":16.0,"turns":10.0},{"damage":34.0,"enemies":"Shell Parasite","floor":18.0,"turns":5.0},{"damage":54.0,"enemies":"Masked Bandits","floor":20.0,"turns":4.0},{"damage":1.0,"enemies":"3 Byrds","floor":21.0,"turns":3.0},{"damage":0.0,"enemies":"Snecko","floor":22.0,"turns":2.0},{"damage":14.0,"enemies":"Centurion and Healer","floor":24.0,"turns":5.0},{"damage":31,"enemies":"Book of Stabbing","floor":25,"turns":4},{"damage":28,"enemies":"Snake Plant","floor":30,"turns":3},{"damage":35,"enemies":"Champ","floor":33,"turns":7},{"damage":17,"enemies":"3 Shapes","floor":35,"turns":2},{"damage":36,"enemies":"3 Darklings","floor":39,"turns":4},{"damage":11,"enemies":"4 Shapes","floor":41,"turns":2},{"damage":22,"enemies":"Giant Head","floor":44,"turns":5},{"damage":35,"enemies":"Reptomancer","floor":46,"turns":4},{"damage":72,"enemies":"Donu and Deca","floor":48,"turns":5}],"seed_played":"3411701112518481961","potions_obtained":[{"floor":8.0,"key":"Swift Potion"},{"floor":18.0,"key":"Dexterity Potion"},{"floor":22.0,"key":"Explosive Potion"},{"floor":24.0,"key":"SkillPotion"},{"floor":30,"key":"SteroidPotion"},{"floor":34,"key":"GamblersBrew"},{"floor":39,"key":"FearPotion"},{"floor":46,"key":"BloodPotion"}],"is_trial":false,"path_per_floor":["M","$","?","?","M","R","M","M","T","$","?","T","M","?","R","B",null,"M","?","?","M","M","R","M","E","T","R","?","R","M","$","R","B",null,"M","$","?","?","M","R","M","?","T","E","R","E","?","B",null],"character_chosen":"IRONCLAD","items_purchased":["Dropkick","Bag of Marbles"],"campfire_rested":1,"item_purchase_floors":[10,36],"current_hp_per_floor":[80,80,85,85,84,84,85,83,83,83,83,83,74,74,74,23,85,57,57,24,44,50,50,60,35,35,35,35,35,29,29,46,29,64,55,55,55,55,54,54,52,52,52,45,45,32,32,10],"gold":636,"neow_bonus":"THREE_CARDS","is_prod":false,"is_daily":false,"chose_seed":false,"campfire_upgraded":4,"win_rate":0,"timestamp":1567380949,"path_taken":["M","$","?","?","M","R","?","M","T","?","?","?","M","?","R","BOSS","M","?","?","M","M","R","M","E","T","R","?","R","M","$","R","BOSS","M","$","?","?","M","R","?","?","T","E","R","E","?","BOSS"],"build_version":"2019-07-17","purchased_purges":4,"victory":true,"max_hp_per_floor":[80,80,85,85,85,85,85,85,85,85,85,85,85,85,85,85,85,85,85,85,85,85,85,85,85,85,85,59,59,59,59,59,59,64,64,64,64,64,64,64,64,61,61,61,61,61,61,61],"card_choices":[{"not_picked":["Iron Wave","Body Slam","Sentinel"],"picked":"SKIP","floor":1.0},{"not_picked":["Clothesline","Pommel Strike","Sword Boomerang"],"picked":"SKIP","floor":5.0},{"not_picked":["Warcry","Shrug It Off","Havoc"],"picked":"SKIP","floor":7.0},{"not_picked":["Havoc","Second Wind","Armaments"],"picked":"SKIP","floor":8.0},{"not_picked":["Reckless Charge","Clothesline"],"picked":"Whirlwind","floor":13.0},{"not_picked":["Power Through","Anger","Sword Boomerang"],"picked":"SKIP","floor":18.0},{"not_picked":["Anger","Combust"],"picked":"Battle Trance+1","floor":21.0},{"not_picked":["Rampage","Disarm"],"picked":"Flex","floor":22.0},{"not_picked":["Heavy Blade","Armaments","Wild Strike"],"picked":"SKIP","floor":24.0},{"not_picked":["Burning Pact","Armaments+1","Anger"],"picked":"SKIP","floor":25},{"not_picked":["Second Wind","Iron Wave","Clothesline"],"picked":"SKIP","floor":30},{"not_picked":["Twin Strike","Carnage"],"picked":"Headbutt","floor":34},{"not_picked":["Rage","Clash","Wild Strike+1"],"picked":"SKIP","floor":35},{"not_picked":["Evolve+1","True Grit","Anger"],"picked":"SKIP","floor":39},{"not_picked":["Anger","Iron Wave"],"picked":"Whirlwind+1","floor":41},{"not_picked":["Twin Strike","Warcry","Hemokinesis+1"],"picked":"SKIP","floor":44},{"not_picked":["Entrench+1","Perfected Strike+1"],"picked":"Flex+1","floor":46}],"player_experience":741049,"relics_obtained":[{"floor":9.0,"key":"War Paint"},{"floor":12.0,"key":"Girya"},{"floor":20.0,"key":"Red Mask"},{"floor":25,"key":"PreservedInsect"},{"floor":26,"key":"Happy Flower"},{"floor":43,"key":"Old Coin"},{"floor":44,"key":"StoneCalendar"},{"floor":46,"key":"Charon\u0027s Ashes"}],"event_choices":[{"damage_healed":0.0,"max_hp_gain":5.0,"max_hp_loss":0.0,"gold_gain":0.0,"event_name":"Big Fish","player_choice":"Donut","floor":3.0,"gold_loss":0.0,"damage_taken":0.0},{"damage_healed":0.0,"max_hp_gain":0.0,"max_hp_loss":0.0,"gold_gain":100.0,"event_name":"Wheel of Change","player_choice":"Gold","floor":4.0,"gold_loss":0.0,"damage_taken":0.0},{"damage_healed":0.0,"max_hp_gain":0.0,"max_hp_loss":0.0,"gold_gain":175.0,"event_name":"Liars Game","player_choice":"AGREE","floor":11.0,"gold_loss":0.0,"damage_taken":0.0,"cards_obtained":["Doubt"]},{"cards_removed":["Doubt"],"damage_healed":0.0,"max_hp_gain":0.0,"max_hp_loss":0.0,"gold_gain":0.0,"event_name":"Living Wall","player_choice":"Forget","floor":14.0,"gold_loss":0.0,"damage_taken":0.0},{"damage_healed":0.0,"max_hp_gain":0.0,"max_hp_loss":0.0,"gold_gain":0.0,"event_name":"The Library","player_choice":"Read","floor":19.0,"gold_loss":0.0,"damage_taken":0.0,"cards_obtained":["Heavy Blade"]},{"damage_healed":0.0,"max_hp_gain":0.0,"max_hp_loss":0.0,"gold_gain":0.0,"event_name":"Masked Bandits","player_choice":"Fought Bandits","floor":20.0,"gold_loss":0.0,"damage_taken":0.0},{"damage_healed":0,"gold_gain":0,"player_choice":"Became a vampire","damage_taken":0,"max_hp_gain":0,"max_hp_loss":26,"event_name":"Vampires","floor":28,"gold_loss":0,"cards_obtained":["Bite","Bite","Bite","Bite","Bite"]},{"damage_healed":0,"gold_gain":0,"player_choice":"Memory 1","damage_taken":0,"max_hp_gain":0,"max_hp_loss":0,"event_name":"SensoryStone","floor":37,"gold_loss":0},{"damage_healed":0,"gold_gain":0,"player_choice":"1 cards matched","damage_taken":0,"max_hp_gain":0,"max_hp_loss":0,"event_name":"Match and Keep!","floor":38,"gold_loss":0,"cards_obtained":["Dual Wield"]},{"damage_healed":0,"gold_gain":0,"player_choice":"Max HP","damage_taken":0,"max_hp_gain":0,"max_hp_loss":3,"event_name":"Winding Halls","floor":42,"gold_loss":0},{"damage_healed":0,"gold_gain":0,"player_choice":"Took Portal","damage_taken":0,"max_hp_gain":0,"max_hp_loss":0,"event_name":"SecretPortal","floor":47,"gold_loss":0}],"is_beta":false,"boss_relics":[{"not_picked":["Orrery","Runic Cube"],"picked":"Astrolabe"},{"not_picked":["Eternal Feather","Calling Bell"],"picked":"Tiny House"}],"items_purged_floors":[2,10,31,36],"is_endless":false,"potions_floor_spawned":[8,18,22,24,30,39,46],"ascension_level":1}