{"gold_per_floor":[113,129,139,155,5,37,37,37,37,63,63,63,93,149,149,244,244,256,266,286,299,299,327,341,373,443,443,218,232,260,270,270,368,368,381,209,255,57,70,70,105,105,180,196,71,83,83,102,102,102,102,102,102,133,133],"floor_reached":55,"playtime":10099,"items_purged":["Defend_G","Defend_G","Defend_G"],"score":1022,"play_id":"878587a1-5af6-43f4-9f7f-d5f3784ceeba","local_time":"20190709021835","is_ascension_mode":true,"campfire_choices":[{"data":"Neutralize","floor":7.0,"key":"SMITH"},{"data":"Doppelganger","floor":11.0,"key":"SMITH"},{"data":"Bouncing Flask","floor":15.0,"key":"SMITH"},{"data":"Calculated Gamble","floor":27.0,"key":"SMITH"},{"data":"Burst","floor":32.0,"key":"SMITH"},{"data":"Blur","floor":40.0,"key":"SMITH"},{"data":"Backflip","floor":47.0,"key":"SMITH"},{"floor":49.0,"key":"RECALL"},{"data":"Corpse Explosion","floor":52.0,"key":"SMITH"}],"neow_cost":"NONE","seed_source_timestamp":2066608429366329,"circlet_count":0,"master_deck":["Defend_G+1","Survivor","Neutralize+1","Cloak And Dagger","Endless Agony","Poisoned Stab","Predator","Doppelganger+1","Corpse Explosion+1","Bouncing Flask+1","Burst+1","Catalyst+1","Backstab+1","Well Laid Plans+1","Caltrops+1","Calculated Gamble+1","PiercingWail","Deflect+1","Backflip+1","Adrenaline+1","Blur+1","Noxious Fumes+1"],"special_seed":0,"relics":["Ring of the Snake","Blood Vial","Happy Flower","Ice Cream","Meat on the Bone","Sundial","Art of War","Bag of Preparation","Astrolabe","Ancient Tea Set","Tough Bandages","Mummified Hand","PreservedInsect","Regal Pillow","Eternal Feather","The Specimen","TwistedFunnel","Incense Burner","War Paint"],"potions_floor_usage":[55,55,55],"damage_taken":[{"damage":4.0,"enemies":"Jaw Worm","floor":1.0,"turns":6.0},{"damage":0.0,"enemies":"Small Slimes","floor":2.0,"turns":5.0},{"damage":0.0,"enemies":"2 Louse","floor":3.0,"turns":3.0},{"damage":17.0,"enemies":"Exordium Thugs","floor":4.0,"turns":9.0},{"damage":2.0,"enemies":"3 Sentries","floor":6.0,"turns":7.0},{"damage":25.0,"enemies":"Gremlin Nob","floor":10.0,"turns":5.0},{"damage":1.0,"enemies":"Lagavulin","floor":13.0,"turns":6.0},{"damage":15.0,"enemies":"Lagavulin Event","floor":14.0,"turns":5.0},{"damage":14.0,"enemies":"Hexaghost","floor":16.0,"turns":7.0},{"damage":1.0,"enemies":"Spheric Guardian","floor":18.0,"turns":3.0},{"damage":4.0,"enemies":"2 Thieves","floor":19.0,"turns":3.0},{"damage":2.0,"enemies":"Chosen and Byrds","floor":20.0,"turns":4.0},{"damage":0.0,"enemies":"Snake Plant","floor":21.0,"turns":2.0},{"damage":21.0,"enemies":"Slavers","floor":23.0,"turns":3.0},{"damage":0.0,"enemies":"Snecko","floor":24.0,"turns":4.0},{"damage":14.0,"enemies":"Book of Stabbing","floor":25.0,"turns":4.0},{"damage":0.0,"enemies":"Chosen and Byrds","floor":29.0,"turns":2.0},{"damage":0.0,"enemies":"Slavers","floor":30.0,"turns":2.0},{"damage":8.0,"enemies":"Snake Plant","floor":31.0,"turns":2.0},{"damage":0.0,"enemies":"Collector","floor":33.0,"turns":3.0},{"damage":0.0,"enemies":"3 Shapes","floor":35.0,"turns":4.0},{"damage":0.0,"enemies":"2 Orb Walkers","floor":37.0,"turns":3.0},{"damage":8.0,"enemies":"3 Darklings","floor":39.0,"turns":2.0},{"damage":0.0,"enemies":"Nemesis","floor":41.0,"turns":4.0},{"damage":10.0,"enemies":"Writhing Mass","floor":44.0,"turns":4.0},{"damage":0.0,"enemies":"Spire Growth","floor":46.0,"turns":1.0},{"damage":3.0,"enemies":"Maw","floor":48.0,"turns":3.0},{"damage":32.0,"enemies":"Awakened One","floor":50.0,"turns":10.0},{"damage":15.0,"enemies":"Shield and Spear","floor":54.0,"turns":4.0},{"damage":62,"enemies":"The Heart","floor":55,"turns":5}],"seed_played":"4710169640270708975","potions_obtained":[{"floor":4.0,"key":"AttackPotion"},{"floor":6.0,"key":"Fire Potion"},{"floor":14.0,"key":"SteroidPotion"},{"floor":19.0,"key":"Strength Potion"},{"floor":24.0,"key":"EssenceOfSteel"},{"floor":30.0,"key":"AttackPotion"},{"floor":31.0,"key":"SpeedPotion"},{"floor":33.0,"key":"Ancient Potion"},{"floor":37.0,"key":"Strength Potion"},{"floor":44.0,"key":"SpeedPotion"},{"floor":54.0,"key":"PowerPotion"}],"is_trial":false,"path_per_floor":["M","M","M","M","$","E","R","?","T","E","R","?","E","?","R","B",null,"M","M","M","M","?","E","M","E","T","R","$","M","E","M","R","B",null,"M","$","?","$","M","R","E","$","T","M","$","M","R","M","R","B",null,"R","$","E","B"],"character_chosen":"THE_SILENT","items_purchased":["Happy Flower","PreservedInsect","Blur","TwistedFunnel"],"campfire_rested":0,"item_purchase_floors":[5,28,36,38],"current_hp_per_floor":[66,68,70,53,53,53,53,58,58,47,47,40,41,40,40,40,75,74,71,71,73,73,54,56,44,44,44,44,46,48,42,42,44,75,75,75,75,75,67,75,75,75,75,65,65,67,75,72,75,43,75,75,75,60,0],"gold":133,"neow_bonus":"RANDOM_COMMON_RELIC","is_prod":false,"is_daily":false,"chose_seed":false,"campfire_upgraded":8,"win_rate":0,"timestamp":1562663915,"path_taken":["M","M","M","M","$","E","R","?","T","E","R","?","E","?","R","BOSS","M","M","M","M","?","E","M","E","T","R","$","M","E","M","R","BOSS","M","$","?","?","?","R","E","?","T","M","$","M","R","M","R","BOSS","R","$","E","BOSS"],"build_version":"2019-07-05","purchased_purges":3,"victory":false,"max_hp_per_floor":[70,70,70,70,70,70,70,75,75,75,75,75,75,75,75,75,75,75,75,75,75,75,75,75,75,75,75,75,75,75,75,75,75,75,75,75,75,75,75,75,75,75,75,75,75,75,75,75,75,75,75,75,75,75,75],"card_choices":[{"not_picked":["Deflect","Flying Knee"],"picked":"Cloak And Dagger","floor":1.0},{"not_picked":["Acrobatics","Flechettes"],"picked":"Endless Agony","floor":2.0},{"not_picked":["Dagger Throw","Reflex"],"picked":"Poisoned Stab","floor":3.0},{"not_picked":["Dagger Spray","Dagger Throw"],"picked":"Predator","floor":4.0},{"not_picked":["Dodge and Roll","Prepared"],"picked":"Doppelganger","floor":6.0},{"not_picked":["Blade Dance","Prepared","Slice"],"picked":"SKIP","floor":10.0},{"not_picked":["Prepared","Blade Dance"],"picked":"Corpse Explosion","floor":13.0},{"not_picked":["Riddle With Holes","Accuracy"],"picked":"Bouncing Flask","floor":14.0},{"not_picked":["Night Terror","Envenom"],"picked":"Burst","floor":16.0},{"not_picked":["Acrobatics","Masterful Stab+1","Well Laid Plans"],"picked":"SKIP","floor":18.0},{"not_picked":["Prepared","Outmaneuver","Bane"],"picked":"SKIP","floor":19.0},{"not_picked":["Crippling Poison","Caltrops","PiercingWail"],"picked":"SKIP","floor":20.0},{"not_picked":["Glass Knife","Poisoned Stab"],"picked":"Caltrops+1","floor":21.0},{"not_picked":["Heel Hook","Quick Slash+1","Deflect"],"picked":"SKIP","floor":23.0},{"not_picked":["Riddle With Holes+1","Skewer","PiercingWail"],"picked":"SKIP","floor":24.0},{"not_picked":["Choke","Deflect","Endless Agony"],"picked":"SKIP","floor":25.0},{"not_picked":["Heel Hook","Bane"],"picked":"Deflect+1","floor":29.0},{"not_picked":["Tactician","Cloak And Dagger","Heel Hook"],"picked":"SKIP","floor":30.0},{"not_picked":["Crippling Poison","Slice"],"picked":"Backflip","floor":31.0},{"not_picked":["Night Terror","Glass Knife"],"picked":"Adrenaline","floor":33.0},{"not_picked":["Sucker Punch+1","Backflip","Underhanded Strike+1"],"picked":"SKIP","floor":35.0},{"not_picked":["Deflect+1","All Out Attack","Backflip+1"],"picked":"SKIP","floor":39.0},{"not_picked":["Predator","Acrobatics","Glass Knife"],"picked":"SKIP","floor":41.0},{"not_picked":["Sucker Punch","Dagger Spray+1","Endless Agony+1"],"picked":"SKIP","floor":44.0},{"not_picked":["Blur+1","Blade Dance","Quick Slash"],"picked":"SKIP","floor":46.0},{"not_picked":["Masterful Stab","Heel Hook+1"],"picked":"Noxious Fumes+1","floor":48.0},{"not_picked":["Masterful Stab+1","Dagger Throw","Backflip"],"picked":"SKIP","floor":54.0}],"player_experience":210771,"relics_obtained":[{"floor":6.0,"key":"Ice Cream"},{"floor":9.0,"key":"Meat on the Bone"},{"floor":10.0,"key":"Sundial"},{"floor":13.0,"key":"Art of War"},{"floor":14.0,"key":"Bag of Preparation"},{"floor":23.0,"key":"Ancient Tea Set"},{"floor":25.0,"key":"Tough Bandages"},{"floor":26.0,"key":"Mummified Hand"},{"floor":30.0,"key":"Regal Pillow"},{"floor":37.0,"key":"The Specimen"},{"floor":41.0,"key":"Incense Burner"},{"floor":54.0,"key":"War Paint"}],"event_choices":[{"damage_healed":0.0,"max_hp_gain":5.0,"max_hp_loss":0.0,"gold_gain":0.0,"event_name":"Big Fish","player_choice":"Donut","floor":8.0,"gold_loss":0.0,"damage_taken":0.0},{"cards_removed":["Strike_G"],"damage_healed":0.0,"max_hp_gain":0.0,"max_hp_loss":0.0,"gold_gain":0.0,"event_name":"Golden Wing","player_choice":"Card Removal","floor":12.0,"gold_loss":0.0,"damage_taken":7.0},{"damage_healed":0.0,"max_hp_gain":0.0,"max_hp_loss":0.0,"gold_gain":0.0,"event_name":"Dead Adventurer","player_choice":"Searched \u00271\u0027 times","floor":14.0,"gold_loss":0.0,"damage_taken":0.0},{"damage_healed":0.0,"max_hp_gain":0.0,"max_hp_loss":0.0,"gold_gain":0.0,"cards_transformed":["Strike_G","Defend_G"],"event_name":"Drug Dealer","player_choice":"Became Test Subject","floor":22.0,"gold_loss":0.0,"damage_taken":0.0,"cards_obtained":["Calculated Gamble","PiercingWail"]},{"damage_healed":0.0,"max_hp_gain":0.0,"max_hp_loss":0.0,"gold_gain":0.0,"event_name":"Mysterious Sphere","player_choice":"Fight","floor":37.0,"gold_loss":0.0,"damage_taken":0.0}],"is_beta":false,"boss_relics":[{"not_picked":["Fusion Hammer","Philosopher\u0027s Stone"],"picked":"Astrolabe"},{"not_picked":["Calling Bell","Black Star"],"picked":"Eternal Feather"}],"items_purged_floors":[28,36,45],"is_endless":false,"potions_floor_spawned":[4,6,14,19,24,30,31,33,37,44,46,54],"killed_by":"The Heart","ascension_level":4}