{"gold_per_floor":[112,37,49,49,66,66,101,101,101,133,133,133,143,175,175,279,329,345,356,356,455,102,102,130,150,175,175,191,191,191,204,204,299,299,319,2,16,16,16,16,44,44,44,54,54,74,74,74,74,74],"floor_reached":51,"playtime":2836,"items_purged":["Writhe","Strike_G+1","Strike_G+1"],"score":814,"play_id":"12957e67-408f-4a84-a18a-e97dc76b2258","local_time":"20190817170707","is_ascension_mode":true,"campfire_choices":[{"data":"Neutralize","floor":6,"key":"SMITH"},{"data":"Noxious Fumes","floor":8,"key":"SMITH"},{"floor":11,"key":"REST"},{"data":"Escape Plan","floor":15,"key":"SMITH"},{"data":"Crippling Poison","floor":23,"key":"SMITH"},{"floor":29,"key":"REST"},{"floor":32,"key":"REST"},{"data":"Crippling Poison","floor":40,"key":"SMITH"},{"data":"Corpse Explosion","floor":45,"key":"SMITH"},{"floor":49,"key":"REST"}],"neow_cost":"CURSE","seed_source_timestamp":21335559274356,"circlet_count":0,"master_deck":["Strike_G+1","Defend_G+1","Defend_G+1","Defend_G+1","Defend_G+1","Defend_G+1","Survivor","Neutralize+1","Flying Knee","Escape Plan+1","Noxious Fumes+1","Bouncing Flask","Corpse Explosion+1","Crippling Poison+1","Crippling Poison+1","Die Die Die+1","Dodge and Roll+1","Prepared+1","Calculated Gamble+1","Tools of the Trade","Prepared","Malaise","Expertise+1","Noxious Fumes+1","Prepared+1","PiercingWail+1","Sucker Punch","Parasite","Catalyst","Madness","Madness"],"relics":["Ring of the Snake","Prayer Wheel","The Specimen","StoneCalendar","PreservedInsect","Darkstone Periapt","Omamori","Tiny House","Bottled Lightning","Gremlin Horn","Pen Nib","Enchiridion","WarpedTongs","Cursed Key","DollysMirror","Anchor","Vajra"],"potions_floor_usage":[14,19,24,31,33,41,50],"damage_taken":[{"damage":3,"enemies":"2 Louse","floor":1,"turns":4},{"damage":0,"enemies":"Jaw Worm","floor":3,"turns":4},{"damage":3,"enemies":"Cultist","floor":5,"turns":3},{"damage":21,"enemies":"Lagavulin","floor":7,"turns":9},{"damage":32,"enemies":"3 Sentries","floor":10,"turns":6},{"damage":0,"enemies":"Blue Slaver","floor":13,"turns":5},{"damage":5,"enemies":"Lagavulin","floor":14,"turns":5},{"damage":13,"enemies":"Hexaghost","floor":16,"turns":8},{"damage":5,"enemies":"Chosen","floor":18,"turns":5},{"damage":3,"enemies":"2 Thieves","floor":19,"turns":3},{"damage":27,"enemies":"Gremlin Leader","floor":24,"turns":5},{"damage":0,"enemies":"3 Cultists","floor":25,"turns":3},{"damage":18,"enemies":"Snake Plant","floor":28,"turns":5},{"damage":3,"enemies":"Cultist and Chosen","floor":31,"turns":3},{"damage":8,"enemies":"Champ","floor":33,"turns":13},{"damage":6,"enemies":"3 Darklings","floor":35,"turns":3},{"damage":7,"enemies":"3 Shapes","floor":37,"turns":4},{"damage":16,"enemies":"Reptomancer","floor":41,"turns":4},{"damage":2,"enemies":"Sphere and 2 Shapes","floor":44,"turns":2},{"damage":0,"enemies":"Writhing Mass","floor":46,"turns":6},{"damage":59,"enemies":"Awakened One","floor":50,"turns":10}],"seed_played":"1269765415101038456","potions_obtained":[{"floor":3,"key":"SteroidPotion"},{"floor":13,"key":"Energy Potion"},{"floor":14,"key":"Weak Potion"},{"floor":16,"key":"AttackPotion"},{"floor":17,"key":"GhostInAJar"},{"floor":18,"key":"Dexterity Potion"},{"floor":24,"key":"SteroidPotion"},{"floor":28,"key":"Regen Potion"},{"floor":37,"key":"Explosive Potion"},{"floor":46,"key":"Energy Potion"}],"is_trial":false,"path_per_floor":["M","$","M","?","M","R","E","R","T","E","R","T","M","E","R","B",null,"M","M","?","?","$","R","E","M","T","?","M","R","?","M","R","B",null,"M","$","M","?","$","R","E","$","T","M","R","M","?","?","R","B",null],"character_chosen":"THE_SILENT","items_purchased":["Bottled Lightning","DollysMirror"],"campfire_rested":4,"item_purchase_floors":[22,36],"current_hp_per_floor":[67,67,67,67,64,64,43,43,43,11,32,32,32,27,27,14,75,70,67,67,67,67,67,40,40,40,24,6,28,28,37,59,51,75,69,69,62,62,62,62,46,46,46,44,44,50,40,40,64,5],"gold":74,"neow_bonus":"ONE_RARE_RELIC","is_prod":false,"is_daily":false,"chose_seed":false,"campfire_upgraded":6,"win_rate":0,"timestamp":1566029227,"path_taken":["M","$","M","?","M","R","E","R","T","E","R","?","M","E","R","BOSS","M","?","?","?","$","R","E","M","T","?","M","R","?","?","R","BOSS","M","$","M","?","$","R","E","?","T","?","R","M","?","?","R","BOSS"],"build_version":"2019-07-17","purchased_purges":3,"victory":true,"max_hp_per_floor":[70,70,70,70,70,70,70,70,70,70,70,70,70,70,70,70,75,75,75,75,75,75,75,75,75,75,75,75,75,75,75,75,75,75,75,75,75,75,75,75,75,75,75,75,75,81,81,81,81,81],"card_choices":[{"not_picked":["Bane","Backflip"],"picked":"Flying Knee","floor":1},{"not_picked":["Blade Dance","Slice","Outmaneuver"],"picked":"SKIP","floor":1},{"not_picked":["Bane","PiercingWail"],"picked":"Escape Plan","floor":3},{"not_picked":["PiercingWail","Deflect"],"picked":"Noxious Fumes","floor":3},{"not_picked":["Dagger Throw","Masterful Stab","Reflex"],"picked":"SKIP","floor":5},{"not_picked":["Choke","Deflect","Finisher"],"picked":"SKIP","floor":5},{"not_picked":["Quick Slash","Dagger Throw"],"picked":"Bouncing Flask","floor":7},{"not_picked":["Poisoned Stab","Masterful Stab"],"picked":"Corpse Explosion","floor":10},{"not_picked":["Outmaneuver","Prepared"],"picked":"Crippling Poison","floor":13},{"not_picked":["Dagger Throw","Caltrops","Eviscerate"],"picked":"SKIP","floor":13},{"not_picked":["Dagger Throw","Riddle With Holes"],"picked":"Crippling Poison","floor":14},{"not_picked":["Venomology","Night Terror"],"picked":"Die Die Die","floor":16},{"not_picked":["Sucker Punch","Acrobatics"],"picked":"Backflip","floor":17},{"not_picked":["Dash+1","Well Laid Plans+1"],"picked":"Dodge and Roll+1","floor":18},{"not_picked":["Skewer+1","PiercingWail"],"picked":"Prepared+1","floor":18},{"not_picked":["Flying Knee","Quick Slash+1"],"picked":"Calculated Gamble+1","floor":19},{"not_picked":["Slice+1","Dash+1","Distraction"],"picked":"SKIP","floor":19},{"not_picked":["Quick Slash","Leg Sweep+1","Expertise"],"picked":"SKIP","floor":24},{"not_picked":["Leg Sweep","Underhanded Strike","Blade Dance"],"picked":"SKIP","floor":25},{"not_picked":["Flying Knee","Blade Dance","Cloak And Dagger"],"picked":"SKIP","floor":25},{"not_picked":["Flechettes+1","Masterful Stab"],"picked":"Tools of the Trade","floor":28},{"not_picked":["Cloak And Dagger+1","Slice"],"picked":"Prepared","floor":28},{"not_picked":["Cloak And Dagger","Heel Hook","Deadly Poison"],"picked":"SKIP","floor":31},{"not_picked":["PiercingWail","Underhanded Strike","Dodge and Roll"],"picked":"SKIP","floor":31},{"not_picked":["Envenom","A Thousand Cuts"],"picked":"Malaise","floor":33},{"not_picked":["Backstab+1","Dagger Spray+1"],"picked":"Expertise+1","floor":35},{"not_picked":["Bane+1","All Out Attack","Predator"],"picked":"SKIP","floor":35},{"not_picked":["Cloak And Dagger+1","Outmaneuver"],"picked":"Prepared+1","floor":37},{"not_picked":["Bouncing Flask","Backstab"],"picked":"PiercingWail+1","floor":37},{"not_picked":["A Thousand Cuts","Predator","Poisoned Stab"],"picked":"SKIP","floor":41},{"not_picked":["Dodge and Roll+1","Poisoned Stab","Blade Dance"],"picked":"SKIP","floor":44},{"not_picked":["Dagger Spray+1","Bouncing Flask+1","Crippling Poison"],"picked":"SKIP","floor":44},{"not_picked":["Heel Hook","Flying Knee+1"],"picked":"Catalyst","floor":46},{"not_picked":["All Out Attack","Underhanded Strike","Choke+1"],"picked":"SKIP","floor":46}],"player_experience":154392,"relics_obtained":[{"floor":7,"key":"The Specimen"},{"floor":9,"key":"StoneCalendar"},{"floor":10,"key":"PreservedInsect"},{"floor":12,"key":"Darkstone Periapt"},{"floor":14,"key":"Omamori"},{"floor":24,"key":"Gremlin Horn"},{"floor":26,"key":"Pen Nib"},{"floor":27,"key":"Enchiridion"},{"floor":41,"key":"Anchor"},{"floor":43,"key":"Vajra"}],"event_choices":[{"cards_removed":["Strike_G"],"damage_healed":0,"gold_gain":0,"player_choice":"Forget","damage_taken":0,"max_hp_gain":0,"max_hp_loss":0,"event_name":"Living Wall","floor":4,"gold_loss":0},{"damage_healed":0,"gold_gain":0,"player_choice":"Simplicity","damage_taken":0,"max_hp_gain":0,"max_hp_loss":0,"event_name":"Back to Basics","floor":20,"gold_loss":0,"cards_upgraded":["Strike_G","Strike_G","Strike_G","Strike_G","Defend_G","Defend_G","Defend_G","Defend_G","Defend_G"]},{"damage_healed":0,"gold_gain":99,"player_choice":"Stole From Cult","damage_taken":0,"max_hp_gain":0,"max_hp_loss":0,"event_name":"Nest","floor":21,"gold_loss":0},{"damage_healed":0,"gold_gain":0,"player_choice":"Obtained Book","damage_taken":16,"max_hp_gain":0,"max_hp_loss":0,"event_name":"Cursed Tome","floor":27,"gold_loss":0},{"damage_healed":0,"gold_gain":0,"player_choice":"Rummage","damage_taken":0,"relics_obtained":["WarpedTongs"],"max_hp_gain":0,"max_hp_loss":0,"event_name":"Accursed Blacksmith","floor":30,"gold_loss":0,"cards_obtained":["Pain"]},{"damage_healed":0,"gold_gain":0,"cards_transformed":["Strike_G"],"player_choice":"Transformed","damage_taken":0,"max_hp_gain":0,"max_hp_loss":0,"event_name":"Transmorgrifier","floor":38,"gold_loss":0,"cards_obtained":["Sucker Punch"]},{"damage_healed":0,"gold_gain":0,"player_choice":"Embrace Madness","damage_taken":10,"max_hp_gain":0,"max_hp_loss":0,"event_name":"Winding Halls","floor":47,"gold_loss":0,"cards_obtained":["Madness","Madness"]},{"cards_removed":["Backflip"],"damage_healed":0,"gold_gain":0,"player_choice":"Removed Skill","damage_taken":0,"max_hp_gain":0,"max_hp_loss":0,"event_name":"Falling","floor":48,"gold_loss":0}],"is_beta":false,"boss_relics":[{"not_picked":["Coffee Dripper","WristBlade"],"picked":"Tiny House"},{"not_picked":["Runic Pyramid","Runic Dome"],"picked":"Cursed Key"}],"items_purged_floors":[2,22,36],"is_endless":false,"potions_floor_spawned":[3,13,14,16,18,24,28,37,46],"ascension_level":3}