{"gold_per_floor":[109,123,135,55,75,103,103,103,103,55,98,111,125,160,160,286,286,305,328,56,80,105,105,128,164,241,65,65,81,81,102,102,230,230,251,270,270,603,603],"floor_reached":39,"playtime":2077,"items_purged":["Defend_R","Strike_R"],"score":645,"play_id":"7a68dca1-7ce8-425c-a504-dfe1f5b8d53c","local_time":"20190902034826","is_ascension_mode":true,"campfire_choices":[{"floor":7.0,"key":"REST"},{"floor":15.0,"key":"REST"},{"floor":23.0,"key":"REST"},{"data":"Body Slam","floor":28.0,"key":"SMITH"},{"floor":32.0,"key":"REST"}],"neow_cost":"NONE","seed_source_timestamp":533406856016709,"circlet_count":0,"master_deck":["Defend_R+1","Defend_R+1","Bash","Iron Wave","Body Slam","Limit Break","Thunderclap","Shrug It Off","Body Slam+1","Barricade","Headbutt+1","Disarm+1","Uppercut+1","Entrench","Entrench","Shrug It Off+1","Demon Form"],"special_seed":0,"relics":["Burning Blood","Boot","Bag of Marbles","Singing Bowl","Red Skull","War Paint","Mercury Hourglass","Astrolabe","DollysMirror","Ice Cream","Mummified Hand","Empty Cage"],"potions_floor_usage":[],"damage_taken":[{"damage":0.0,"enemies":"2 Louse","floor":1.0,"turns":2.0},{"damage":6.0,"enemies":"Cultist","floor":2.0,"turns":3.0},{"damage":2.0,"enemies":"Jaw Worm","floor":3.0,"turns":3.0},{"damage":26.0,"enemies":"Exordium Wildlife","floor":5.0,"turns":5.0},{"damage":39.0,"enemies":"Gremlin Nob","floor":6.0,"turns":5.0},{"damage":15.0,"enemies":"Lagavulin","floor":11.0,"turns":5.0},{"damage":6.0,"enemies":"Looter","floor":12.0,"turns":3.0},{"damage":11.0,"enemies":"Lots of Slimes","floor":13.0,"turns":3.0},{"damage":16.0,"enemies":"Gremlin Nob","floor":14.0,"turns":3.0},{"damage":15.0,"enemies":"Slime Boss","floor":16.0,"turns":8.0},{"damage":30.0,"enemies":"2 Thieves","floor":18.0,"turns":5.0},{"damage":23.0,"enemies":"Chosen","floor":19.0,"turns":5.0},{"damage":17.0,"enemies":"Snake Plant","floor":21.0,"turns":4.0},{"damage":17.0,"enemies":"Cultist and Chosen","floor":22.0,"turns":7.0},{"damage":10.0,"enemies":"Centurion and Healer","floor":24.0,"turns":8.0},{"damage":39.0,"enemies":"Slavers","floor":25.0,"turns":6.0},{"damage":12.0,"enemies":"3 Cultists","floor":29.0,"turns":4.0},{"damage":4.0,"enemies":"Snecko","floor":31.0,"turns":5.0},{"damage":14.0,"enemies":"Automaton","floor":33.0,"turns":13.0},{"damage":6.0,"enemies":"Orb Walker","floor":35.0,"turns":4.0},{"damage":5.0,"enemies":"3 Shapes","floor":36.0,"turns":3.0},{"damage":81.0,"enemies":"2 Orb Walkers","floor":37.0,"turns":6.0},{"damage":29,"enemies":"3 Darklings","floor":39,"turns":4}],"seed_played":"7693164844567592606","potions_obtained":[{"floor":5.0,"key":"FearPotion"},{"floor":6.0,"key":"SkillPotion"},{"floor":13.0,"key":"Swift Potion"},{"floor":14.0,"key":"Regen Potion"},{"floor":16.0,"key":"Poison Potion"},{"floor":19.0,"key":"Swift Potion"},{"floor":24.0,"key":"Dexterity Potion"},{"floor":30.0,"key":"Fire Potion"},{"floor":30.0,"key":"FearPotion"},{"floor":30.0,"key":"SmokeBomb"},{"floor":31.0,"key":"PowerPotion"},{"floor":33.0,"key":"FearPotion"},{"floor":36.0,"key":"Regen Potion"}],"is_trial":false,"path_per_floor":["M","M","M","?","M","E","R","?","T","$","E","M","M","E","R","B",null,"M","M","$","M","M","R","M","E","T","$","R","M","?","M","R","B",null,"M","M","?","?","M"],"character_chosen":"IRONCLAD","items_purchased":["Shrug It Off","DollysMirror","Demon Form"],"campfire_rested":4,"item_purchase_floors":[10,20,27],"current_hp_per_floor":[78,78,80,80,60,29,53,33,33,33,26,28,23,13,38,46,78,56,39,39,30,19,46,44,13,13,13,13,9,9,13,43,37,86,88,91,21,21,0],"gold":603,"neow_bonus":"RANDOM_COMMON_RELIC","is_prod":false,"is_daily":false,"chose_seed":false,"campfire_upgraded":1,"win_rate":0,"timestamp":1567388906,"path_taken":["M","M","M","?","?","E","R","?","T","?","E","M","M","E","R","BOSS","M","M","$","M","M","R","M","E","T","$","R","M","?","?","R","BOSS","M","M","?","?","M"],"build_version":"2019-07-17","purchased_purges":2,"victory":false,"max_hp_per_floor":[80,80,80,80,80,82,82,82,82,82,84,86,86,86,86,88,88,90,90,90,92,92,92,94,96,96,96,96,98,98,100,100,102,102,104,106,106,106,106],"card_choices":[{"not_picked":["True Grit","Clothesline"],"picked":"Iron Wave","floor":1.0},{"not_picked":["Inflame","Clash"],"picked":"Body Slam","floor":2.0},{"not_picked":["Flame Barrier","Combust"],"picked":"Limit Break","floor":3.0},{"not_picked":["Heavy Blade","Perfected Strike"],"picked":"Thunderclap","floor":5.0},{"not_picked":["Power Through","Flame Barrier","Ghostly Armor"],"picked":"Singing Bowl","floor":6.0},{"not_picked":["Headbutt","Clash","Thunderclap"],"picked":"Singing Bowl","floor":11.0},{"not_picked":["Thunderclap","Clothesline","Iron Wave"],"picked":"Singing Bowl","floor":12.0},{"not_picked":["Headbutt","Rage"],"picked":"Body Slam","floor":13.0},{"not_picked":["Demon Form","Clothesline"],"picked":"Barricade","floor":14.0},{"not_picked":["Offering","Immolate","Dark Embrace"],"picked":"Singing Bowl","floor":16.0},{"not_picked":["Pummel","Clothesline","Iron Wave+1"],"picked":"Singing Bowl","floor":18.0},{"not_picked":["Thunderclap","Clothesline"],"picked":"Entrench","floor":19.0},{"not_picked":["Shockwave","Combust","Flex"],"picked":"Singing Bowl","floor":21.0},{"not_picked":["Shockwave","Searing Blow+1"],"picked":"Shrug It Off+1","floor":22.0},{"not_picked":["Thunderclap","Searing Blow","Pommel Strike+1"],"picked":"Singing Bowl","floor":24.0},{"not_picked":["Iron Wave+1","Armaments","Clash"],"picked":"Singing Bowl","floor":25.0},{"not_picked":["Power Through","Clash+1","Heavy Blade"],"picked":"Singing Bowl","floor":29.0},{"not_picked":["Flex","Power Through","Wild Strike"],"picked":"Singing Bowl","floor":31.0},{"not_picked":["Fiend Fire","Feed","Demon Form"],"picked":"Singing Bowl","floor":33.0},{"not_picked":["Sever Soul","Body Slam+1","Pommel Strike"],"picked":"Singing Bowl","floor":35.0},{"not_picked":["Iron Wave","Infernal Blade+1","Havoc"],"picked":"Singing Bowl","floor":36.0}],"player_experience":165748,"relics_obtained":[{"floor":6.0,"key":"Singing Bowl"},{"floor":9.0,"key":"Red Skull"},{"floor":11.0,"key":"War Paint"},{"floor":14.0,"key":"Mercury Hourglass"},{"floor":25.0,"key":"Ice Cream"},{"floor":26.0,"key":"Mummified Hand"}],"event_choices":[{"damage_healed":0.0,"max_hp_gain":0.0,"max_hp_loss":0.0,"gold_gain":0.0,"event_name":"WeMeetAgain","player_choice":"Paid Gold","floor":4.0,"gold_loss":80.0,"damage_taken":0.0,"relics_obtained":["Bag of Marbles"]},{"damage_healed":0.0,"max_hp_gain":0.0,"max_hp_loss":0.0,"gold_gain":0.0,"event_name":"Golden Idol","player_choice":"Take Damage","floor":8.0,"gold_loss":0.0,"damage_taken":20.0,"relics_obtained":["Golden Idol"]},{"damage_healed":0.0,"max_hp_gain":0.0,"max_hp_loss":0.0,"gold_gain":0.0,"event_name":"Lab","player_choice":"Got Potions","floor":30.0,"gold_loss":0.0,"damage_taken":0.0},{"damage_healed":0.0,"max_hp_gain":0.0,"max_hp_loss":0.0,"gold_gain":0.0,"event_name":"Mysterious Sphere","player_choice":"Fight","floor":37.0,"gold_loss":0.0,"damage_taken":0.0},{"damage_healed":0.0,"max_hp_gain":0.0,"max_hp_loss":0.0,"gold_gain":333.0,"event_name":"The Moai Head","player_choice":"Gave Idol","floor":38.0,"relics_lost":["Golden Idol"],"gold_loss":0.0,"damage_taken":0.0}],"is_beta":false,"boss_relics":[{"not_picked":["Coffee Dripper","Black Blood"],"picked":"Astrolabe"},{"not_picked":["Lizard Tail","Runic Dome"],"picked":"Empty Cage"}],"items_purged_floors":[20,27],"is_endless":false,"potions_floor_spawned":[5,6,13,14,16,19,24,31,33,36],"killed_by":"3 Darklings","ascension_level":8}