{"gold_per_floor":[365,40,50,50,69,69,94,94,94,94,44,78,78,28,28,102,102,113,113,15,28,45,45,76,76,99,130,146,158,158,178,178,250,250,269,269,62,62,12,12,44,20,44,58,58,71,71],"floor_reached":47,"playtime":1318,"items_purged":["Doubt","Strike_B","Turbo","Writhe"],"score":933,"play_id":"040ea2f6-3e93-4439-b52e-c0245a8baafc","local_time":"20190405234743","is_ascension_mode":true,"campfire_choices":[{"data":"The Bomb","floor":6,"key":"SMITH"},{"data":"White Noise","floor":8,"key":"SMITH"},{"floor":10,"key":"REST"},{"data":"Zap","floor":13,"key":"SMITH"},{"data":"Cold Snap","floor":15,"key":"SMITH"},{"floor":23,"key":"REST"},{"floor":25,"key":"REST"},{"floor":30,"key":"REST"},{"floor":32,"key":"REST"},{"data":"Electrodynamics","floor":40,"key":"SMITH"},{"floor":45,"key":"REST"}],"neow_cost":"CURSE","seed_source_timestamp":2007800940147251,"circlet_count":0,"master_deck":["AscendersBane","Zap+1","Cold Snap+1","The Bomb+1","Rip and Tear+1","Chill","White Noise+1","Electrodynamics+1","Capacitor","Fusion","Hologram","Tempest+1","White Noise","FTL","Loop","FTL","Force Field","Coolheaded","Core Surge","Amplify","Sweeping Beam","Multi-Cast","Darkness","Skim","Hologram","BootSequence","Stack","White Noise+1","Lockon"],"relics":["Cracked Core","Matryoshka","Question Card","Whetstone","Smiling Mask","Cables","Philosopher\u0027s Stone","Bottled Tornado","Blue Candle","Bag of Marbles","Art of War","Pandora\u0027s Box","Runic Capacitor","Regal Pillow","Potion Belt"],"potions_floor_usage":[12,24,24,31,33,41,46,47],"damage_taken":[{"damage":4,"enemies":"Jaw Worm","floor":1,"turns":3},{"damage":5,"enemies":"2 Louse","floor":3,"turns":2},{"damage":0,"enemies":"Cultist","floor":5,"turns":3},{"damage":15,"enemies":"3 Sentries","floor":7,"turns":4},{"damage":8,"enemies":"Gremlin Nob","floor":12,"turns":4},{"damage":0,"enemies":"The Guardian","floor":16,"turns":9},{"damage":11,"enemies":"3 Byrds","floor":18,"turns":3},{"damage":11,"enemies":"Spheric Guardian","floor":21,"turns":4},{"damage":5,"enemies":"Cultist and Chosen","floor":22,"turns":4},{"damage":13,"enemies":"Gremlin Leader","floor":24,"turns":4},{"damage":40,"enemies":"Slavers","floor":27,"turns":3},{"damage":0,"enemies":"3 Cultists","floor":28,"turns":3},{"damage":5,"enemies":"Centurion and Healer","floor":29,"turns":3},{"damage":14,"enemies":"Cultist and Chosen","floor":31,"turns":4},{"damage":33,"enemies":"Collector","floor":33,"turns":9},{"damage":23,"enemies":"Orb Walker","floor":35,"turns":3},{"damage":30,"enemies":"Reptomancer","floor":41,"turns":5},{"damage":8,"enemies":"3 Darklings","floor":44,"turns":2},{"damage":26,"enemies":"Jaw Worm Horde","floor":46,"turns":2},{"damage":46,"enemies":"Giant Head","floor":47,"turns":5}],"seed_played":"1297186453174622587","potions_obtained":[{"floor":1,"key":"SteroidPotion"},{"floor":3,"key":"SpeedPotion"},{"floor":7,"key":"Block Potion"},{"floor":16,"key":"Energy Potion"},{"floor":21,"key":"Explosive Potion"},{"floor":24,"key":"SteroidPotion"},{"floor":29,"key":"Regen Potion"},{"floor":31,"key":"Poison Potion"},{"floor":33,"key":"PowerPotion"},{"floor":41,"key":"FocusPotion"},{"floor":44,"key":"Strength Potion"}],"is_trial":false,"path_per_floor":["M","$","M","?","M","R","E","R","T","R","?","E","R","$","R","B",null,"M","?","$","M","M","R","E","R","T","E","M","M","R","M","R","B",null,"M","?","$","?","$","R","E","$","T","M","R","M","E"],"character_chosen":"DEFECT","items_purchased":["The Bomb","Rip and Tear","Hologram","Runic Capacitor","Stack"],"campfire_rested":6,"item_purchase_floors":[2,2,20,37,42],"current_hp_per_floor":[60,60,55,43,43,43,28,28,28,49,49,41,41,41,41,41,64,53,53,53,42,37,58,45,66,66,26,26,21,42,40,61,28,60,37,37,37,55,55,55,25,25,25,17,53,27,0],"gold":71,"neow_bonus":"TWO_FIFTY_GOLD","is_prod":false,"is_daily":false,"chose_seed":false,"campfire_upgraded":5,"win_rate":0,"timestamp":1554522463,"path_taken":["M","$","M","?","M","R","E","R","T","R","?","E","R","$","R","BOSS","M","?","$","M","M","R","E","R","T","E","M","M","R","M","R","BOSS","M","?","?","?","?","R","E","?","T","M","R","?","E"],"build_version":"2019-01-23","purchased_purges":4,"victory":false,"max_hp_per_floor":[71,71,71,71,71,71,71,71,71,71,71,71,71,71,71,71,71,71,71,71,71,71,71,71,71,71,71,71,71,71,71,71,71,71,71,71,71,71,71,71,71,71,71,71,71,71,71],"card_choices":[{"not_picked":["Redo","Sweeping Beam"],"picked":"Cold Snap","floor":1},{"not_picked":["Compile Driver","Steam Power"],"picked":"Chill","floor":3},{"not_picked":["Storm","Ball Lightning"],"picked":"White Noise","floor":5},{"not_picked":["Rebound","Multi-Cast","Steam"],"picked":"SKIP","floor":7},{"not_picked":["Streamline","Doom and Gloom","Rebound","Stack"],"picked":"SKIP","floor":12},{"not_picked":["Hyperbeam","Machine Learning","Multi-Cast"],"picked":"Electrodynamics","floor":16},{"not_picked":["Heatsinks","Gash+1","Steam"],"picked":"Capacitor","floor":18},{"not_picked":["Steam","Gash","Sunder"],"picked":"Tempest+1","floor":21},{"not_picked":["Cold Snap","Beam Cell","Turbo"],"picked":"White Noise","floor":22},{"not_picked":["Hologram+1","Reprogram","Loop"],"picked":"FTL","floor":24},{"not_picked":["Chill","Capacitor","Steam Power"],"picked":"Loop","floor":27},{"not_picked":["Reprogram","Turbo+1","Sweeping Beam+1"],"picked":"FTL","floor":28},{"not_picked":["Streamline","Leap","Darkness"],"picked":"Force Field","floor":29},{"not_picked":["Steam","Beam Cell","Rebound"],"picked":"Coolheaded","floor":31},{"not_picked":["Machine Learning","Meteor Strike","Electrodynamics"],"picked":"Core Surge","floor":33},{"not_picked":["Beam Cell","Rebound+1","Stack"],"picked":"Hologram","floor":35},{"not_picked":["Steam Power","Beam Cell","Sweeping Beam"],"picked":"BootSequence","floor":41},{"not_picked":["FTL","Gash+1","Barrage"],"picked":"White Noise+1","floor":44},{"not_picked":["Go for the Eyes","Conserve Battery","Hologram"],"picked":"Lockon","floor":46}],"player_experience":240642,"relics_obtained":[{"floor":7,"key":"Question Card"},{"floor":9,"key":"Whetstone"},{"floor":9,"key":"Smiling Mask"},{"floor":12,"key":"Cables"},{"floor":24,"key":"Bottled Tornado"},{"floor":26,"key":"Blue Candle"},{"floor":26,"key":"Bag of Marbles"},{"floor":27,"key":"Art of War"},{"floor":41,"key":"Regal Pillow"},{"floor":43,"key":"Potion Belt"}],"event_choices":[{"damage_healed":0,"gold_gain":0,"player_choice":"Success","damage_taken":12,"relics_obtained":["Matryoshka"],"max_hp_gain":0,"max_hp_loss":0,"event_name":"Scrap Ooze","floor":4,"gold_loss":0},{"cards_removed":["Strike_B"],"damage_healed":0,"gold_gain":0,"player_choice":"Card Removal","damage_taken":0,"max_hp_gain":0,"max_hp_loss":0,"event_name":"The Cleric","floor":11,"gold_loss":50},{"damage_healed":0,"gold_gain":0,"cards_transformed":["Strike_B","Dualcast"],"player_choice":"Became Test Subject","damage_taken":0,"max_hp_gain":0,"max_hp_loss":0,"event_name":"Drug Dealer","floor":19,"gold_loss":0,"cards_obtained":["Fusion","Turbo"]},{"damage_healed":0,"gold_gain":0,"player_choice":"Ignored","damage_taken":0,"max_hp_gain":0,"max_hp_loss":0,"event_name":"SecretPortal","floor":36,"gold_loss":0},{"damage_healed":18,"gold_gain":0,"player_choice":"Writhe","damage_taken":0,"max_hp_gain":0,"max_hp_loss":0,"event_name":"Winding Halls","floor":38,"gold_loss":0,"cards_obtained":["Writhe"]}],"is_beta":false,"boss_relics":[{"not_picked":["Empty Cage","Coffee Dripper"],"picked":"Philosopher\u0027s Stone"},{"not_picked":["Velvet Choker","Snecko Eye"],"picked":"Pandora\u0027s Box"}],"items_purged_floors":[2,14,20,39],"is_endless":false,"potions_floor_spawned":[1,3,7,16,21,24,29,31,33,41,44],"killed_by":"Giant Head","ascension_level":14}