{"gold_per_floor":[115,127,146,96,96,132,132,176,203,10,54,75,75,93,93,218,218,242,232,271,546,68,112,112,152,175,206,222,253,268,268,268,396,396,416,416,434,88,88,122,146,146,169,169,200,224,46,67,67,67],"floor_reached":51,"playtime":2009,"items_purged":["Regret","Strike_R"],"score":1059,"play_id":"945fed15-bdf9-4a09-bc47-e70ba25fe35b","local_time":"20190210193844","is_ascension_mode":true,"campfire_choices":[{"data":"Feed","floor":7,"key":"SMITH"},{"data":"Rage","floor":15,"key":"SMITH"},{"floor":24,"key":"REST"},{"floor":32,"key":"REST"},{"data":"Corruption","floor":42,"key":"SMITH"},{"data":"Barricade","floor":49,"key":"SMITH"}],"neow_cost":"NONE","seed_source_timestamp":360478232262171,"circlet_count":0,"master_deck":["Strike_R","Strike_R","Strike_R+1","Defend_R","Defend_R","Defend_R","Bash+1","Headbutt","Feed+1","Rage+1","Shrug It Off","Dual Wield+1","Shrug It Off","Corruption+1","Cleave","Double Tap","Seeing Red","Flame Barrier","Dramatic Entrance","Flex+1","Shrug It Off+1","Impervious","Rage+1","Barricade+1","Whirlwind+1","Inflame+1","Body Slam","Shockwave","Infernal Blade+1","True Grit+1","Trip+1","Metallicize","True Grit+1","Armaments+1"],"relics":["Burning Blood","PreservedInsect","Golden Idol","Whetstone","Smiling Mask","Potion Belt","Vajra","Question Card","Runic Pyramid","Red Mask","Bag of Preparation","ClockworkSouvenir","Paper Frog","Mercury Hourglass","Omamori","Champion Belt","Bag of Marbles","Velvet Choker","Strange Spoon","Lantern","Pen Nib","Toxic Egg 2","Ancient Tea Set"],"potions_floor_usage":[6,8,12,16,19,19,33,41,50,50,50],"damage_taken":[{"damage":5,"enemies":"Cultist","floor":1,"turns":4},{"damage":0,"enemies":"Small Slimes","floor":2,"turns":3},{"damage":7,"enemies":"2 Louse","floor":3,"turns":3},{"damage":36,"enemies":"Lagavulin","floor":6,"turns":5},{"damage":0,"enemies":"Gremlin Nob","floor":8,"turns":2},{"damage":25,"enemies":"3 Sentries","floor":11,"turns":6},{"damage":2,"enemies":"Red Slaver","floor":12,"turns":2},{"damage":0,"enemies":"3 Louse","floor":14,"turns":3},{"damage":17,"enemies":"Slime Boss","floor":16,"turns":11},{"damage":7,"enemies":"Chosen","floor":18,"turns":6},{"damage":12,"enemies":"2 Thieves","floor":19,"turns":4},{"damage":82,"enemies":"Masked Bandits","floor":20,"turns":7},{"damage":32,"enemies":"Slavers","floor":23,"turns":4},{"damage":19,"enemies":"Book of Stabbing","floor":25,"turns":5},{"damage":7,"enemies":"Gremlin Leader","floor":27,"turns":4},{"damage":8,"enemies":"Centurion and Healer","floor":28,"turns":8},{"damage":3,"enemies":"Slavers","floor":29,"turns":3},{"damage":0,"enemies":"Shelled Parasite and Fungi","floor":30,"turns":4},{"damage":77,"enemies":"Champ","floor":33,"turns":16},{"damage":0,"enemies":"Orb Walker","floor":35,"turns":2},{"damage":0,"enemies":"3 Shapes","floor":37,"turns":2},{"damage":4,"enemies":"Nemesis","floor":40,"turns":3},{"damage":0,"enemies":"Maw","floor":41,"turns":6},{"damage":1,"enemies":"Giant Head","floor":45,"turns":6},{"damage":0,"enemies":"Spire Growth","floor":46,"turns":4},{"damage":0,"enemies":"Jaw Worm Horde","floor":48,"turns":3},{"damage":7,"enemies":"Donu and Deca","floor":50,"turns":8}],"seed_played":"-8373220657699921017","potions_obtained":[{"floor":3,"key":"PowerPotion"},{"floor":6,"key":"SteroidPotion"},{"floor":11,"key":"Block Potion"},{"floor":12,"key":"SpeedPotion"},{"floor":14,"key":"Swift Potion"},{"floor":18,"key":"SkillPotion"},{"floor":23,"key":"Poison Potion"},{"floor":25,"key":"EssenceOfSteel"},{"floor":28,"key":"EssenceOfSteel"},{"floor":33,"key":"Dexterity Potion"},{"floor":35,"key":"Swift Potion"},{"floor":37,"key":"SpeedPotion"},{"floor":41,"key":"Fruit Juice"}],"is_trial":false,"path_per_floor":["M","M","M","?","?","E","R","E","T","$","E","M","?","M","R","B",null,"M","M","?","?","$","E","R","E","T","E","M","E","M","?","R","B",null,"M","?","M","$","?","E","M","R","T","T","E","M","$","M","R","B",null],"character_chosen":"IRONCLAD","items_purchased":["Dual Wield","Vajra","Bag of Preparation","ClockworkSouvenir","Dramatic Entrance","Strange Spoon","Body Slam","Shockwave","Trip+1","Metallicize","True Grit+1"],"campfire_rested":2,"item_purchase_floors":[10,10,22,22,22,38,38,38,47,47,47],"current_hp_per_floor":[80,80,79,79,74,47,47,57,57,57,42,46,46,56,56,57,101,104,102,38,38,38,24,63,54,54,53,59,66,76,76,121,50,153,153,153,153,153,153,153,162,162,162,162,166,166,166,170,170,173],"gold":67,"neow_bonus":"RANDOM_COMMON_RELIC","is_prod":false,"is_daily":false,"chose_seed":false,"campfire_upgraded":4,"win_rate":0,"timestamp":1549845524,"path_taken":["M","?","M","?","?","E","R","E","T","$","E","M","?","M","R","BOSS","M","M","?","?","$","E","R","E","T","E","M","E","?","?","R","BOSS","M","?","M","$","?","E","M","R","T","?","E","M","$","M","R","BOSS"],"build_version":"2019-01-23","purchased_purges":2,"victory":true,"max_hp_per_floor":[80,80,80,80,74,77,77,81,81,81,85,85,85,89,89,101,101,105,109,121,121,121,133,133,137,137,137,145,149,153,153,153,153,153,153,153,153,153,153,153,162,162,162,162,166,166,166,170,170,174],"card_choices":[{"not_picked":["Wild Strike","Rupture","Clash"],"picked":"SKIP","floor":1},{"not_picked":["Iron Wave","Rupture"],"picked":"Headbutt","floor":2},{"not_picked":["Searing Blow","Cleave"],"picked":"Feed","floor":3},{"not_picked":["Flex","Armaments"],"picked":"Rage","floor":6},{"not_picked":["Infernal Blade","Barricade"],"picked":"Shrug It Off","floor":8},{"not_picked":["Infernal Blade","Cleave"],"picked":"Shrug It Off","floor":11},{"not_picked":["Infernal Blade","Blood for Blood","Warcry"],"picked":"Corruption","floor":12},{"not_picked":["Searing Blow","Anger","Perfected Strike"],"picked":"Cleave","floor":14},{"not_picked":["Brutality","Juggernaut","Exhume"],"picked":"Double Tap","floor":16},{"not_picked":["Sentinel","Wild Strike","Havoc"],"picked":"Seeing Red","floor":18},{"not_picked":["Armaments","Perfected Strike+1","Twin Strike","Bloodletting+1"],"picked":"SKIP","floor":19},{"not_picked":["Armaments","Combust+1","Blood for Blood"],"picked":"Flame Barrier","floor":20},{"not_picked":["Combust+1","Offering","Armaments"],"picked":"Flex+1","floor":23},{"not_picked":["Burning Pact+1","Berserk","Clash"],"picked":"Shrug It Off+1","floor":25},{"not_picked":["Perfected Strike","Cleave","Twin Strike"],"picked":"Impervious","floor":27},{"not_picked":["Warcry","Wild Strike","Headbutt+1","Whirlwind"],"picked":"SKIP","floor":28},{"not_picked":["Headbutt","Iron Wave","Wild Strike+1","Flex"],"picked":"SKIP","floor":29},{"not_picked":["Rupture","Havoc","Wild Strike+1"],"picked":"Rage+1","floor":30},{"not_picked":["Dark Embrace","Brutality","Bludgeon"],"picked":"Barricade","floor":33},{"not_picked":["Iron Wave+1","Clash","Headbutt+1"],"picked":"Whirlwind+1","floor":35},{"not_picked":["Iron Wave+1","Flex+1","Clothesline"],"picked":"Inflame+1","floor":37},{"not_picked":["Anger","Blood for Blood+1","Rage+1","Twin Strike"],"picked":"SKIP","floor":40},{"not_picked":["Offering","Clash","Corruption","Armaments"],"picked":"SKIP","floor":41},{"not_picked":["Sword Boomerang+1","Pommel Strike+1","Cleave"],"picked":"Infernal Blade+1","floor":45},{"not_picked":["Perfected Strike+1","Shrug It Off+1","Cleave"],"picked":"True Grit+1","floor":46},{"not_picked":["Clothesline+1","Juggernaut","True Grit+1"],"picked":"Armaments+1","floor":48}],"player_experience":51408,"relics_obtained":[{"floor":6,"key":"Whetstone"},{"floor":8,"key":"Smiling Mask"},{"floor":9,"key":"Potion Belt"},{"floor":11,"key":"Question Card"},{"floor":20,"key":"Red Mask"},{"floor":23,"key":"Paper Frog"},{"floor":25,"key":"Mercury Hourglass"},{"floor":26,"key":"Omamori"},{"floor":27,"key":"Champion Belt"},{"floor":29,"key":"Bag of Marbles"},{"floor":40,"key":"Lantern"},{"floor":43,"key":"Pen Nib"},{"floor":44,"key":"Toxic Egg 2"},{"floor":45,"key":"Ancient Tea Set"}],"event_choices":[{"cards_removed":["Strike_R"],"damage_healed":0,"gold_gain":0,"player_choice":"Card Removal","damage_taken":0,"max_hp_gain":0,"max_hp_loss":0,"event_name":"The Cleric","floor":4,"gold_loss":50},{"damage_healed":0,"gold_gain":0,"player_choice":"Lose Max HP","damage_taken":0,"relics_obtained":["Golden Idol"],"max_hp_gain":0,"max_hp_loss":6,"event_name":"Golden Idol","floor":5,"gold_loss":0},{"damage_healed":0,"gold_gain":0,"player_choice":"Upgraded","damage_taken":0,"max_hp_gain":0,"max_hp_loss":0,"event_name":"Upgrade Shrine","floor":13,"gold_loss":0,"cards_upgraded":["Dual Wield"]},{"damage_healed":0,"gold_gain":0,"player_choice":"Fought Bandits","damage_taken":0,"max_hp_gain":0,"max_hp_loss":0,"event_name":"Masked Bandits","floor":20,"gold_loss":0},{"damage_healed":0,"gold_gain":275,"player_choice":"Desecrate","damage_taken":0,"max_hp_gain":0,"max_hp_loss":0,"event_name":"Golden Shrine","floor":21,"gold_loss":0,"cards_obtained":["Regret"]},{"damage_healed":0,"gold_gain":0,"player_choice":"Cursed","damage_taken":0,"max_hp_gain":0,"max_hp_loss":0,"event_name":"Wheel of Change","floor":31,"gold_loss":0,"cards_obtained":["Decay"]},{"cards_removed":["Defend_R"],"damage_healed":0,"gold_gain":0,"player_choice":"Removed Skill","damage_taken":0,"max_hp_gain":0,"max_hp_loss":0,"event_name":"Falling","floor":36,"gold_loss":0},{"damage_healed":0,"gold_gain":0,"player_choice":"Ignored","damage_taken":0,"max_hp_gain":0,"max_hp_loss":0,"event_name":"Mysterious Sphere","floor":39,"gold_loss":0}],"is_beta":false,"boss_relics":[{"not_picked":["Empty Cage","Orrery"],"picked":"Runic Pyramid"},{"not_picked":["White Beast Statue","Pandora\u0027s Box"],"picked":"Velvet Choker"}],"items_purged_floors":[22,38],"is_endless":false,"potions_floor_spawned":[3,6,11,12,14,18,23,25,28,33,35,37,41],"ascension_level":4}