{"gold_per_floor":[117,131,142,153,171,201,201,213,236,236,261,361,361,27,27,125,125,136,136,136,61,27,27,37,37,37,37,63,63,27,27,27,27],"floor_reached":33,"playtime":1880,"items_purged":[],"score":296,"play_id":"9e106e01-c6c0-4395-9ea0-60dc1914d377","local_time":"20190827221504","is_ascension_mode":false,"campfire_choices":[{"data":"Corruption","floor":7,"key":"SMITH"},{"data":"Searing Blow","floor":10,"key":"SMITH"},{"data":"Searing Blow+1","floor":13,"key":"SMITH"},{"floor":15,"key":"REST"},{"data":"Searing Blow+2","floor":23,"key":"SMITH"},{"data":"Searing Blow+3","floor":25,"key":"SMITH"},{"data":"Searing Blow+4","floor":27,"key":"SMITH"},{"data":"Searing Blow+5","floor":29,"key":"SMITH"},{"data":"Disarm","floor":32,"key":"SMITH"}],"neow_cost":"NONE","seed_source_timestamp":350983135481131,"circlet_count":0,"master_deck":["Defend_R","Defend_R","Defend_R","Defend_R","Bash","Warcry","Searing Blow+6","Corruption+1","Shockwave","Pommel Strike","Headbutt","Juggernaut","Clothesline","Impervious","Violence","Double Tap","Warcry","Second Wind","Metallicize+1","Offering","Disarm+1","Bite","Bite","Bite","Bite","Bite"],"relics":["Burning Blood","Juzu Bracelet","Happy Flower","Runic Cube","Bag of Preparation","Red Skull","Meat on the Bone","Paper Frog"],"potions_floor_usage":[5,5,6,28,33],"damage_taken":[{"damage":3,"enemies":"Cultist","floor":1,"turns":6},{"damage":8,"enemies":"Jaw Worm","floor":2,"turns":5},{"damage":0,"enemies":"Small Slimes","floor":3,"turns":3},{"damage":18,"enemies":"3 Louse","floor":4,"turns":5},{"damage":4,"enemies":"Exordium Thugs","floor":5,"turns":4},{"damage":44,"enemies":"Lagavulin","floor":6,"turns":7},{"damage":10,"enemies":"Red Slaver","floor":8,"turns":4},{"damage":17,"enemies":"Gremlin Nob","floor":11,"turns":4},{"damage":23,"enemies":"Slime Boss","floor":16,"turns":12},{"damage":25,"enemies":"Chosen","floor":18,"turns":5},{"damage":22,"enemies":"3 Byrds","floor":24,"turns":5},{"damage":43,"enemies":"Slavers","floor":28,"turns":5},{"damage":51,"enemies":"Automaton","floor":33,"turns":6}],"seed_played":"-8276027799949842245","potions_obtained":[{"floor":1,"key":"FearPotion"},{"floor":4,"key":"Energy Potion"},{"floor":5,"key":"Poison Potion"},{"floor":16,"key":"SpeedPotion"},{"floor":24,"key":"BloodPotion"},{"floor":28,"key":"EssenceOfSteel"}],"is_trial":false,"path_per_floor":["M","M","M","M","M","E","R","M","T","R","E","?","R","$","R","B",null,"M","?","?","?","$","R","M","R","T","R","E","R","$","?","R","B"],"character_chosen":"IRONCLAD","items_purchased":["Impervious","Violence","Second Wind","Disarm"],"campfire_rested":1,"item_purchase_floors":[14,14,22,30],"current_hp_per_floor":[80,78,80,68,70,32,32,28,28,28,17,17,17,17,41,24,80,61,61,61,61,61,61,45,45,45,45,40,40,40,40,40,0],"gold":27,"neow_bonus":"REMOVE_CARD","is_prod":false,"is_daily":false,"chose_seed":false,"campfire_upgraded":8,"win_rate":0,"timestamp":1566936904,"path_taken":["M","M","?","M","M","E","R","M","T","R","E","?","R","$","R","BOSS","M","?","?","?","$","R","M","R","T","R","E","R","$","?","R","BOSS"],"build_version":"2019-06-28","purchased_purges":0,"victory":false,"max_hp_per_floor":[80,80,80,80,80,80,80,80,80,80,80,80,80,80,80,80,80,80,80,80,80,80,80,80,80,80,80,80,80,80,56,56,56],"card_choices":[{"not_picked":["Clash","Armaments"],"picked":"Warcry","floor":1},{"not_picked":["Iron Wave","Shrug It Off"],"picked":"Searing Blow","floor":2},{"not_picked":["Rampage","Thunderclap"],"picked":"Corruption","floor":3},{"not_picked":["Rage","Clash"],"picked":"Shockwave","floor":4},{"not_picked":["Combust","Twin Strike"],"picked":"Pommel Strike","floor":5},{"not_picked":["Carnage","Warcry"],"picked":"Headbutt","floor":6},{"not_picked":["Carnage","Second Wind"],"picked":"Juggernaut","floor":8},{"not_picked":["Clash","Seeing Red"],"picked":"Clothesline","floor":11},{"not_picked":["Impervious","Feed"],"picked":"Double Tap","floor":16},{"not_picked":["Corruption","Thunderclap"],"picked":"Warcry","floor":18},{"not_picked":["Twin Strike","Sword Boomerang"],"picked":"Metallicize+1","floor":24},{"not_picked":["Thunderclap","Pummel+1"],"picked":"Offering","floor":28}],"player_experience":113931,"relics_obtained":[{"floor":6,"key":"Juzu Bracelet"},{"floor":11,"key":"Happy Flower"},{"floor":26,"key":"Meat on the Bone"},{"floor":28,"key":"Paper Frog"}],"event_choices":[{"damage_healed":0,"gold_gain":100,"player_choice":"Pray","damage_taken":0,"max_hp_gain":0,"max_hp_loss":0,"event_name":"Golden Shrine","floor":12,"gold_loss":0},{"damage_healed":0,"gold_gain":0,"player_choice":"Opened","damage_taken":0,"relics_obtained":["Bag of Preparation"],"max_hp_gain":0,"max_hp_loss":0,"event_name":"The Mausoleum","floor":19,"gold_loss":0},{"damage_healed":0,"gold_gain":0,"player_choice":"Gave Potion","damage_taken":0,"relics_obtained":["Red Skull"],"max_hp_gain":0,"max_hp_loss":0,"event_name":"WeMeetAgain","floor":20,"gold_loss":0},{"cards_removed":["Strike_R"],"damage_healed":0,"gold_gain":0,"player_choice":"Gave Gold","damage_taken":0,"max_hp_gain":0,"max_hp_loss":0,"event_name":"Beggar","floor":21,"gold_loss":75},{"damage_healed":0,"gold_gain":0,"player_choice":"Became a vampire","damage_taken":0,"max_hp_gain":0,"max_hp_loss":24,"event_name":"Vampires","floor":31,"gold_loss":0,"cards_obtained":["Bite","Bite","Bite","Bite","Bite"]}],"is_beta":true,"boss_relics":[{"not_picked":["Runic Pyramid","Velvet Choker"],"picked":"Runic Cube"}],"items_purged_floors":[],"is_endless":false,"potions_floor_spawned":[1,4,5,16,24,28],"killed_by":"Automaton","ascension_level":0}