{"gold_per_floor":[113,60,60,79,95,95,95,120,120,4,4,24,50,70,70,143,143,153,78,78,88,107,107,137,137,137,64,74,88,88,100,100,175,175,195,195,248,266,283,310,310],"floor_reached":41,"playtime":1943,"items_purged":[],"score":936,"play_id":"672f30b0-a558-472f-b3eb-795ecf2ec848","local_time":"20181004223408","is_ascension_mode":true,"campfire_choices":[{"data":"Sunder","floor":7.0,"key":"SMITH"},{"data":"Zap","floor":11.0,"key":"SMITH"},{"data":"Hologram","floor":15.0,"key":"SMITH"},{"floor":23.0,"key":"REST"},{"data":"Consume","floor":25.0,"key":"SMITH"},{"floor":30.0,"key":"REST"},{"data":"Defragment","floor":32.0,"key":"SMITH"}],"neow_cost":"NONE","seed_source_timestamp":1842455127859546,"circlet_count":0,"master_deck":["Strike_B+1","Strike_B+1","Defend_B+1","Defend_B+1","Defend_B+1","Defend_B+1","Zap+1","Dualcast","AscendersBane","Consume+1","Ball Lightning","Undo","Sunder+1","Hologram+1","Beam Cell","Rip and Tear","Beam Cell","Leap","Beam Cell","Electrodynamics","Stack","Undo","Chill","Defragment+1","Hologram+1","Storm+1","FTL","Creative AI","Static Discharge+1"],"special_seed":0,"relics":["Runic Dome","The Courier","Ornamental Fan","DataDisk","PreservedInsect","Busted Crown","Art of War","Toxic Egg 2","Nuclear Battery","Thread and Needle","Centennial Puzzle","Ancient Tea Set"],"potions_floor_usage":[41],"damage_taken":[{"damage":5.0,"enemies":"Small Slimes","floor":1.0,"turns":3.0},{"damage":1.0,"enemies":"Cultist","floor":4.0,"turns":3.0},{"damage":0.0,"enemies":"2 Louse","floor":5.0,"turns":3.0},{"damage":14.0,"enemies":"Gremlin Nob","floor":8.0,"turns":3.0},{"damage":11.0,"enemies":"2 Fungi Beasts","floor":12.0,"turns":3.0},{"damage":0.0,"enemies":"Large Slime","floor":14.0,"turns":3.0},{"damage":11.0,"enemies":"Hexaghost","floor":16.0,"turns":6.0},{"damage":10.0,"enemies":"Chosen","floor":18.0,"turns":5.0},{"damage":0.0,"enemies":"Spheric Guardian","floor":21.0,"turns":3.0},{"damage":10.0,"enemies":"Centurion and Healer","floor":22.0,"turns":4.0},{"damage":0.0,"enemies":"Book of Stabbing","floor":24.0,"turns":3.0},{"damage":5.0,"enemies":"Snecko","floor":28.0,"turns":4.0},{"damage":16.0,"enemies":"Snake Plant","floor":29.0,"turns":4.0},{"damage":0.0,"enemies":"3 Cultists","floor":31.0,"turns":3.0},{"damage":71.0,"enemies":"Automaton","floor":33.0,"turns":11.0},{"damage":0.0,"enemies":"3 Darklings","floor":35.0,"turns":4.0},{"damage":0.0,"enemies":"Mind Bloom Boss Battle","floor":36.0,"turns":4.0},{"damage":0.0,"enemies":"3 Shapes","floor":38.0,"turns":3.0},{"damage":0.0,"enemies":"3 Darklings","floor":39.0,"turns":4.0},{"damage":20.0,"enemies":"Nemesis","floor":40.0,"turns":5.0},{"damage":38,"enemies":"Reptomancer","floor":41,"turns":5}],"seed_played":"-4910540208389600957","potions_obtained":[{"floor":4.0,"key":"PowerPotion"},{"floor":5.0,"key":"Energy Potion"},{"floor":21.0,"key":"PowerPotion"},{"floor":24.0,"key":"Regen Potion"},{"floor":35.0,"key":"Energy Potion"},{"floor":36.0,"key":"AttackPotion"},{"floor":38.0,"key":"Block Potion"}],"is_trial":false,"path_per_floor":["M","$","?","M","M","?","R","E","T","$","R","M","T","M","R","B",null,"M","?","?","M","M","R","E","R","T","$","M","M","R","M","R","B",null,"M","?","T","M","M","E"],"character_chosen":"DEFECT","items_purchased":["Ball Lightning","Beam Cell","Rip and Tear","Beam Cell","Defragment"],"campfire_rested":2,"item_purchase_floors":[2,10,10,10,27],"current_hp_per_floor":[59,59,59,58,58,53,53,39,39,39,39,28,28,28,28,17,58,48,48,48,48,38,59,59,59,59,59,54,38,59,59,59,3,54,54,54,54,54,54,34,0],"gold":310,"neow_bonus":"BOSS_RELIC","is_prod":false,"is_daily":false,"chose_seed":false,"campfire_upgraded":5,"win_rate":0,"timestamp":1538717648,"path_taken":["M","$","?","M","M","?","R","E","T","?","R","M","?","M","R","BOSS","M","?","?","M","M","R","E","R","T","$","?","M","R","M","R","BOSS","M","?","?","M","?","E","M"],"build_version":"2018-10-04","purchased_purges":0,"victory":false,"max_hp_per_floor":[71,71,71,71,71,71,71,71,71,71,71,71,71,71,71,71,71,71,71,71,71,71,71,71,71,71,71,71,71,71,71,71,71,71,71,71,71,71,71,71,71],"card_choices":[{"not_picked":["Go for the Eyes","Rebound"],"picked":"Consume","floor":1.0},{"not_picked":["Turbo","Recycle"],"picked":"Undo","floor":4.0},{"not_picked":["Barrage","Chill"],"picked":"Sunder","floor":5.0},{"not_picked":["Tempest","Stack"],"picked":"Hologram","floor":8.0},{"not_picked":["Turbo","Skim"],"picked":"Leap","floor":12.0},{"not_picked":["Streamline","Redo"],"picked":"Beam Cell","floor":14.0},{"not_picked":["Rainbow","Creative AI"],"picked":"Electrodynamics","floor":16.0},{"not_picked":[],"picked":"Stack","floor":18.0},{"not_picked":["Turbo"],"picked":"SKIP","floor":21.0},{"not_picked":[],"picked":"Undo","floor":22.0},{"not_picked":[],"picked":"Chill","floor":24.0},{"not_picked":[],"picked":"Hologram+1","floor":28.0},{"not_picked":[],"picked":"Storm+1","floor":29.0},{"not_picked":[],"picked":"FTL","floor":31.0},{"not_picked":[],"picked":"Creative AI","floor":33.0},{"not_picked":[],"picked":"Static Discharge+1","floor":35.0},{"not_picked":["Reprogram+1"],"picked":"SKIP","floor":38.0},{"not_picked":["Gash"],"picked":"SKIP","floor":39.0},{"not_picked":["Doom and Gloom"],"picked":"SKIP","floor":40.0}],"player_experience":2474129,"relics_obtained":[{"floor":8.0,"key":"Ornamental Fan"},{"floor":9.0,"key":"DataDisk"},{"floor":13.0,"key":"PreservedInsect"},{"floor":24.0,"key":"Art of War"},{"floor":26.0,"key":"Toxic Egg 2"},{"floor":36.0,"key":"Thread and Needle"},{"floor":37.0,"key":"Centennial Puzzle"},{"floor":40.0,"key":"Ancient Tea Set"}],"event_choices":[{"event_name":"Purifier","player_choice":"One Purge","floor":3.0,"damage_taken":0.0},{"event_name":"Scrap Ooze","player_choice":"success","floor":6.0,"damage_taken":5.0},{"event_name":"Beggar","player_choice":"Gave Gold","floor":19.0,"damage_taken":0.0},{"event_name":"Back to Basics","player_choice":"Simplicity","floor":20.0,"damage_taken":0.0},{"event_name":"MindBloom","player_choice":"Fight","floor":36.0,"damage_taken":0.0}],"is_beta":true,"boss_relics":[{"not_picked":["Calling Bell","Velvet Choker"],"picked":"Busted Crown"},{"not_picked":["Fusion Hammer","Pandora\u0027s Box"],"picked":"Nuclear Battery"}],"items_purged_floors":[],"is_endless":false,"potions_floor_spawned":[4,5,14,21,24,28,31,35,36,38],"killed_by":"Reptomancer","ascension_level":20}