{"gold_per_floor":[115,115,132,145,162,194,205,205,205,217,217,91,91,125,125,125],"floor_reached":16,"playtime":19323,"items_purged":["Strike_B"],"score":224,"play_id":"e5fcf7ea-fcf1-4827-8fc4-2adcbc03d0dc","local_time":"20190705181008","is_ascension_mode":true,"campfire_choices":[{"data":"Genetic Algorithm","floor":8,"key":"SMITH"},{"data":"Genetic Algorithm","floor":11,"key":"SMITH"},{"floor":15,"key":"REST"}],"neow_cost":"NONE","seed_source_timestamp":38512530134018,"circlet_count":0,"master_deck":["AscendersBane","Strike_B","Strike_B","Strike_B","Defend_B","Defend_B","Defend_B+1","Defend_B","Zap+1","Dualcast","Deep Breath+1","Ball Lightning","Ball Lightning","Genetic Algorithm+1","Steam","Rainbow","Cold Snap","Genetic Algorithm+1","Self Repair","Static Discharge"],"relics":["Cracked Core","The Courier","Bag of Preparation","GremlinMask","War Paint"],"potions_floor_usage":[14,14],"damage_taken":[{"damage":7,"enemies":"Small Slimes","floor":1,"turns":3},{"damage":2,"enemies":"2 Louse","floor":3,"turns":3},{"damage":1,"enemies":"Cultist","floor":4,"turns":3},{"damage":0,"enemies":"Large Slime","floor":5,"turns":4},{"damage":11,"enemies":"3 Sentries","floor":6,"turns":5},{"damage":9,"enemies":"Looter","floor":7,"turns":3},{"damage":0,"enemies":"Blue Slaver","floor":10,"turns":2},{"damage":34,"enemies":"Gremlin Nob","floor":14,"turns":5},{"damage":46,"enemies":"Slime Boss","floor":16,"turns":6}],"seed_played":"6100850248508677123","potions_obtained":[{"floor":6,"key":"Weak Potion"},{"floor":7,"key":"Regen Potion"}],"is_trial":false,"path_per_floor":["M","?","M","M","M","E","M","R","T","M","R","$","?","E","R","B"],"character_chosen":"DEFECT","items_purchased":["Self Repair"],"campfire_rested":1,"item_purchase_floors":[12],"current_hp_per_floor":[57,57,55,54,54,43,34,34,34,34,34,34,34,21,42,0],"gold":125,"neow_bonus":"RANDOM_COLORLESS","is_prod":false,"is_daily":false,"chose_seed":false,"campfire_upgraded":2,"win_rate":0,"timestamp":1562364608,"path_taken":["M","?","M","M","M","E","M","R","T","M","R","$","?","E","R","BOSS"],"build_version":"2019-07-01","purchased_purges":1,"victory":false,"max_hp_per_floor":[71,71,71,71,71,71,71,71,71,71,71,71,71,71,71,71],"card_choices":[{"not_picked":["Stack","Rebound"],"picked":"Ball Lightning","floor":1},{"not_picked":["Hologram","Auto Shields"],"picked":"Ball Lightning","floor":3},{"not_picked":["Streamline","Compile Driver"],"picked":"Genetic Algorithm","floor":4},{"not_picked":["Sweeping Beam","Stack"],"picked":"Steam","floor":5},{"not_picked":["Beam Cell","Stack"],"picked":"Rainbow","floor":6},{"not_picked":["Streamline","Conserve Battery"],"picked":"Cold Snap","floor":7},{"not_picked":["Tempest","Conserve Battery"],"picked":"Genetic Algorithm","floor":10},{"not_picked":["Rebound","Tempest"],"picked":"Static Discharge","floor":14}],"player_experience":496176,"relics_obtained":[{"floor":6,"key":"The Courier"},{"floor":9,"key":"Bag of Preparation"},{"floor":14,"key":"War Paint"}],"event_choices":[{"damage_healed":0,"gold_gain":0,"player_choice":"Grow","damage_taken":0,"max_hp_gain":0,"max_hp_loss":0,"event_name":"Living Wall","floor":2,"gold_loss":0,"cards_upgraded":["Zap"]},{"damage_healed":0,"gold_gain":0,"player_choice":"Trade","damage_taken":0,"relics_obtained":["GremlinMask"],"max_hp_gain":0,"max_hp_loss":0,"event_name":"FaceTrader","floor":13,"gold_loss":0}],"is_beta":false,"boss_relics":[],"items_purged_floors":[12],"is_endless":false,"potions_floor_spawned":[6,7],"killed_by":"Slime Boss","ascension_level":20}