{"gold_per_floor":[11,11,11,26,37,37,52,52,52,202,2,2,16,51,51,130,130,142,154,172,172,172,172,85,101,101,114,126,51,51,64,64,142,142,160,160,260,260,279,279,308,326,349,349,404,404,404,404,404,404,404,404,404,5,32,32],"floor_reached":57,"playtime":4910,"items_purged":["Doubt","Defend_B"],"score":2485,"play_id":"bc3568e6-8249-47b2-a241-a6c2980822df","local_time":"20190106093550","is_ascension_mode":true,"campfire_choices":[{"data":"Zap","floor":6.0,"key":"SMITH"},{"data":"Streamline","floor":8.0,"key":"SMITH"},{"data":"Glacier","floor":12.0,"key":"SMITH"},{"data":"Go for the Eyes","floor":15.0,"key":"SMITH"},{"floor":23.0,"key":"RECALL"},{"data":"Seek","floor":30.0,"key":"SMITH"},{"data":"Go for the Eyes","floor":32.0,"key":"SMITH"},{"data":"1","floor":40.0,"key":"LIFT"},{"floor":44.0,"key":"REST"},{"data":"2","floor":49.0,"key":"LIFT"},{"data":"3","floor":53.0,"key":"LIFT"}],"neow_cost":"NO_GOLD","seed_source_timestamp":0,"circlet_count":0,"master_deck":["AscendersBane","Strike_B+1","Defend_B+1","Zap+1","Dualcast","Go for the Eyes+1","Seek+1","Glacier+1","Streamline+1","Loop+1","Chill","Go for the Eyes+1","Creative AI+1","Core Surge","Chill","Aggregate+1","Coolheaded","Undo","Go for the Eyes+1","Capacitor+1","Defragment+1","Cold Snap","All For One+1","Steam Power+1","Compile Driver","Loop+1","Blizzard","Impatience","Defragment+1"],"special_seed":0,"relics":["Cracked Core","Frozen Egg 2","Pantograph","Bronze Scales","White Beast Statue","Fusion Hammer","Girya","Juzu Bracelet","Whetstone","Strawberry","Oddly Smooth Stone","Symbiotic Virus"],"potions_floor_usage":[56,56],"damage_taken":[{"damage":2.0,"enemies":"Jaw Worm","floor":1.0,"turns":3.0},{"damage":1.0,"enemies":"2 Louse","floor":4.0,"turns":3.0},{"damage":4.0,"enemies":"Small Slimes","floor":5.0,"turns":6.0},{"damage":0.0,"enemies":"Looter","floor":7.0,"turns":3.0},{"damage":0.0,"enemies":"Exordium Wildlife","floor":13.0,"turns":4.0},{"damage":15.0,"enemies":"3 Sentries","floor":14.0,"turns":15.0},{"damage":14.0,"enemies":"Hexaghost","floor":16.0,"turns":7.0},{"damage":0.0,"enemies":"3 Byrds","floor":18.0,"turns":3.0},{"damage":16.0,"enemies":"Chosen","floor":19.0,"turns":5.0},{"damage":6.0,"enemies":"Centurion and Healer","floor":20.0,"turns":9.0},{"damage":11.0,"enemies":"Colosseum Slavers","floor":21.0,"turns":6.0},{"damage":6.0,"enemies":"Cultist and Chosen","floor":25.0,"turns":8.0},{"damage":3.0,"enemies":"Snake Plant","floor":27.0,"turns":6.0},{"damage":0.0,"enemies":"3 Cultists","floor":28.0,"turns":7.0},{"damage":1.0,"enemies":"Centurion and Healer","floor":31.0,"turns":11.0},{"damage":2.0,"enemies":"Automaton","floor":33.0,"turns":13.0},{"damage":0.0,"enemies":"3 Shapes","floor":35.0,"turns":7.0},{"damage":0.0,"enemies":"Mind Bloom Boss Battle","floor":37.0,"turns":8.0},{"damage":24.0,"enemies":"3 Darklings","floor":39.0,"turns":5.0},{"damage":15.0,"enemies":"Reptomancer","floor":41.0,"turns":13.0},{"damage":13.0,"enemies":"Jaw Worm Horde","floor":42.0,"turns":5.0},{"damage":28.0,"enemies":"Awakened One","floor":50.0,"turns":12.0},{"damage":21.0,"enemies":"Donu and Deca","floor":51.0,"turns":13.0},{"damage":24.0,"enemies":"Shield and Spear","floor":55.0,"turns":12.0},{"damage":60,"enemies":"The Heart","floor":56,"turns":15}],"seed_played":"6931591347148641940","potions_obtained":[{"floor":1.0,"key":"Fire Potion"},{"floor":7.0,"key":"PowerPotion"},{"floor":16.0,"key":"Regen Potion"},{"floor":18.0,"key":"Swift Potion"},{"floor":19.0,"key":"GamblersBrew"},{"floor":20.0,"key":"Swift Potion"},{"floor":25.0,"key":"Block Potion"},{"floor":27.0,"key":"Weak Potion"},{"floor":31.0,"key":"SpeedPotion"},{"floor":33.0,"key":"FocusPotion"},{"floor":39.0,"key":"SpeedPotion"},{"floor":41.0,"key":"Dexterity Potion"},{"floor":42.0,"key":"SkillPotion"},{"floor":55.0,"key":"Block Potion"}],"is_trial":false,"path_per_floor":["M","?","T","M","M","R","M","R","T","?","$","R","M","E","R","B",null,"M","M","M","?","?","R","$","M","T","M","M","?","R","M","R","B",null,"M","$","?","?","M","R","E","M","T","R","T","?","?","?","R","B","B",null,"R","$","E","B",null],"character_chosen":"DEFECT","items_purchased":["Loop+1","Chill","Capacitor+1","Defragment+1","Oddly Smooth Stone","PowerPotion"],"campfire_rested":1,"item_purchase_floors":[11,11,24,54,54,54],"current_hp_per_floor":[62,41,41,40,36,36,36,36,36,36,36,36,36,21,21,32,61,61,59,53,42,42,42,42,36,36,33,33,33,33,32,32,55,67,67,67,71,71,47,47,32,19,19,40,47,47,47,47,47,44,48,71,71,71,47,12],"gold":32,"neow_bonus":"REMOVE_TWO","is_prod":false,"is_daily":false,"chose_seed":false,"campfire_upgraded":6,"win_rate":0,"timestamp":1546796150,"path_taken":["M","?","?","M","?","R","M","R","T","?","?","R","?","E","R","BOSS","M","M","M","?","?","R","$","M","T","M","M","?","R","M","R","BOSS","M","$","?","?","M","R","E","M","T","R","?","?","?","?","R","BOSS","BOSS","R","$","E","BOSS"],"build_version":"2019-01-03v4","purchased_purges":2,"victory":true,"max_hp_per_floor":[71,71,71,71,71,71,71,71,71,71,71,71,71,71,71,71,71,71,71,71,71,71,71,71,71,71,71,71,71,71,71,71,71,71,71,71,71,71,71,71,71,71,71,71,78,78,78,78,78,78,78,78,78,78,78,78],"card_choices":[{"not_picked":["Sweeping Beam","Stack"],"picked":"Go for the Eyes","floor":1.0},{"not_picked":["Streamline","Chill"],"picked":"Seek","floor":4.0},{"not_picked":["Redo","Gash"],"picked":"Glacier","floor":5.0},{"not_picked":["Sweeping Beam","White Noise"],"picked":"Streamline","floor":7.0},{"not_picked":["Hyperbeam","Coolheaded"],"picked":"Go for the Eyes","floor":13.0},{"not_picked":["Fusion","Sweeping Beam"],"picked":"Creative AI+1","floor":14.0},{"not_picked":["Meteor Strike","All For One"],"picked":"Core Surge","floor":16.0},{"not_picked":["FTL","Leap"],"picked":"Chill","floor":18.0},{"not_picked":["Conserve Battery","Coolheaded"],"picked":"Aggregate+1","floor":19.0},{"not_picked":["Stack","Rebound"],"picked":"Coolheaded","floor":20.0},{"not_picked":["Beam Cell","Hyperbeam"],"picked":"Steam","floor":25.0},{"not_picked":["Compile Driver","Auto Shields"],"picked":"Defragment+1","floor":27.0},{"not_picked":["Go for the Eyes","Darkness"],"picked":"Cold Snap","floor":28.0},{"not_picked":["Beam Cell","Double Energy","Barrage"],"picked":"SKIP","floor":31.0},{"not_picked":["Creative AI+1","Fission"],"picked":"All For One","floor":33.0},{"not_picked":["Compile Driver","Go for the Eyes"],"picked":"Steam Power+1","floor":35.0},{"not_picked":["BootSequence","Rip and Tear"],"picked":"Compile Driver","floor":37.0},{"not_picked":["Blizzard","Compile Driver+1"],"picked":"Loop+1","floor":39.0},{"not_picked":["Hologram","Rainbow"],"picked":"Blizzard","floor":41.0},{"not_picked":["Go for the Eyes","Coolheaded","Aggregate"],"picked":"SKIP","floor":42.0},{"not_picked":["Bandage Up","Mind Blast"],"picked":"Impatience","floor":46.0},{"not_picked":["Hello World+1","Electrodynamics+1","Barrage+1"],"picked":"SKIP","floor":55.0}],"player_experience":2722256,"relics_obtained":[{"floor":3.0,"key":"Frozen Egg 2"},{"floor":9.0,"key":"Pantograph"},{"floor":14.0,"key":"Bronze Scales"},{"floor":37.0,"key":"Girya"},{"floor":41.0,"key":"Juzu Bracelet"},{"floor":43.0,"key":"Whetstone"},{"floor":45.0,"key":"Strawberry"},{"floor":55.0,"key":"Symbiotic Virus"}],"event_choices":[{"damage_healed":0.0,"max_hp_gain":0.0,"max_hp_loss":0.0,"gold_gain":0.0,"event_name":"Shining Light","player_choice":"Entered Light","floor":2.0,"gold_loss":0.0,"damage_taken":21.0,"cards_upgraded":["Defend_B","Strike_B"]},{"damage_healed":0.0,"max_hp_gain":0.0,"max_hp_loss":0.0,"gold_gain":150.0,"event_name":"Liars Game","player_choice":"AGREE","floor":10.0,"gold_loss":0.0,"damage_taken":0.0,"cards_obtained":["Doubt"]},{"damage_healed":0.0,"max_hp_gain":0.0,"max_hp_loss":0.0,"gold_gain":0.0,"event_name":"Colosseum","player_choice":"Fight","floor":21.0,"gold_loss":0.0,"damage_taken":0.0},{"damage_healed":0.0,"max_hp_gain":0.0,"max_hp_loss":0.0,"gold_gain":0.0,"event_name":"Colosseum","player_choice":"Fled From Nobs","floor":21.0,"gold_loss":0.0,"damage_taken":0.0},{"damage_healed":0.0,"max_hp_gain":0.0,"max_hp_loss":0.0,"gold_gain":0.0,"cards_transformed":["Strike_B","Defend_B"],"event_name":"Drug Dealer","player_choice":"Became Test Subject","floor":22.0,"gold_loss":0.0,"damage_taken":0.0,"cards_obtained":["Undo","Go for the Eyes"]},{"cards_removed":["Defend_B"],"damage_healed":0.0,"max_hp_gain":0.0,"max_hp_loss":0.0,"gold_gain":0.0,"event_name":"Beggar","player_choice":"Gave Gold","floor":29.0,"gold_loss":75.0,"damage_taken":0.0},{"damage_healed":0.0,"max_hp_gain":0.0,"max_hp_loss":0.0,"gold_gain":0.0,"event_name":"MindBloom","player_choice":"Fight","floor":37.0,"gold_loss":0.0,"damage_taken":0.0},{"damage_healed":0.0,"max_hp_gain":0.0,"max_hp_loss":0.0,"gold_gain":0.0,"event_name":"Tomb of Lord Red Mask","player_choice":"Ignored","floor":38.0,"gold_loss":0.0,"damage_taken":0.0},{"damage_healed":0.0,"max_hp_gain":0.0,"max_hp_loss":0.0,"gold_gain":0.0,"event_name":"SensoryStone","player_choice":"Memory 1","floor":46.0,"gold_loss":0.0,"damage_taken":0.0},{"damage_healed":0.0,"max_hp_gain":0.0,"max_hp_loss":0.0,"gold_gain":0.0,"event_name":"Mysterious Sphere","player_choice":"Ignored","floor":47.0,"gold_loss":0.0,"damage_taken":0.0},{"cards_removed":["Steam"],"damage_healed":0.0,"max_hp_gain":0.0,"max_hp_loss":0.0,"gold_gain":0.0,"event_name":"Falling","player_choice":"Removed Skill","floor":48.0,"gold_loss":0.0,"damage_taken":0.0}],"is_beta":true,"boss_relics":[{"not_picked":["Pandora\u0027s Box","Black Star"],"picked":"White Beast Statue"},{"not_picked":["Empty Cage","Inserter"],"picked":"Fusion Hammer"}],"items_purged_floors":[11,54],"is_endless":false,"potions_floor_spawned":[1,7,16,18,19,20,21,25,27,28,31,33,35,37,39,41,42,55],"ascension_level":20}