{"gold_per_floor":[15,35,45,45,45,45,64,64,89,152,165,176,196,216,216,287,287,306,31,47,97,41,41,56,56,56,68,83,83,100,119,119,195,195,213,31,31,47,58,58,87,87,138,138,154,154,154,172,172,172,172],"floor_reached":52,"playtime":2375,"items_purged":[],"score":1835,"play_id":"badcae5a-c600-42c7-8521-c34b3304cd85","local_time":"20181002012211","is_ascension_mode":true,"campfire_choices":[{"data":"Buffer","floor":6.0,"key":"SMITH"},{"data":"Streamline","floor":8.0,"key":"SMITH"},{"data":"Electrodynamics","floor":15.0,"key":"SMITH"},{"data":"Fission","floor":23.0,"key":"SMITH"},{"floor":25.0,"key":"REST"},{"floor":32.0,"key":"REST"},{"data":"Hologram","floor":40.0,"key":"SMITH"},{"data":"Hologram","floor":44.0,"key":"SMITH"},{"floor":47.0,"key":"REST"},{"data":"The Bomb","floor":49.0,"key":"SMITH"}],"neow_cost":"NO_GOLD","seed_source_timestamp":0,"circlet_count":0,"master_deck":["Strike_B+1","Strike_B+1","Strike_B+1","Strike_B+1","Defend_B+1","Defend_B+1","Defend_B+1","Defend_B+1","Zap","Dualcast","AscendersBane","Electrodynamics+1","Glacier","Genetic Algorithm","Buffer+1","Streamline+1","White Noise","Force Field","Leap","Beam Cell","Reboot","Fission+1","Ball Lightning","Sweeping Beam","Hologram+1","Leap+1","Compile Driver+1","Self Repair+1","FTL+1","Electrodynamics+1","Sweeping Beam+1","Storm+1","Chill","The Bomb+1","Hologram+1","Chill","Static Discharge+1","Go for the Eyes+1"],"special_seed":0,"relics":["Cracked Core","Boot","Busted Crown","Frozen Egg 2","Molten Egg 2","Nuclear Battery","Omamori","Bronze Scales","Du-Vu Doll"],"potions_floor_usage":[51,51],"damage_taken":[{"damage":7.0,"enemies":"Jaw Worm","floor":1.0,"turns":3.0},{"damage":6.0,"enemies":"Cultist","floor":2.0,"turns":3.0},{"damage":2.0,"enemies":"2 Louse","floor":3.0,"turns":2.0},{"damage":0.0,"enemies":"Large Slime","floor":7.0,"turns":7.0},{"damage":9.0,"enemies":"Red Slaver","floor":11.0,"turns":4.0},{"damage":0.0,"enemies":"Looter","floor":12.0,"turns":5.0},{"damage":6.0,"enemies":"3 Louse","floor":13.0,"turns":4.0},{"damage":8.0,"enemies":"Lots of Slimes","floor":14.0,"turns":2.0},{"damage":0.0,"enemies":"Slime Boss","floor":16.0,"turns":11.0},{"damage":9.0,"enemies":"Chosen","floor":18.0,"turns":8.0},{"damage":0.0,"enemies":"3 Byrds","floor":20.0,"turns":2.0},{"damage":21.0,"enemies":"Snake Plant","floor":24.0,"turns":5.0},{"damage":0.0,"enemies":"Centurion and Healer","floor":27.0,"turns":6.0},{"damage":0.0,"enemies":"Chosen and Byrds","floor":28.0,"turns":6.0},{"damage":21.0,"enemies":"Snake Plant","floor":30.0,"turns":4.0},{"damage":1.0,"enemies":"Centurion and Healer","floor":31.0,"turns":5.0},{"damage":28.0,"enemies":"Champ","floor":33.0,"turns":18.0},{"damage":0.0,"enemies":"3 Darklings","floor":35.0,"turns":3.0},{"damage":0.0,"enemies":"3 Shapes","floor":38.0,"turns":5.0},{"damage":0.0,"enemies":"Sphere and 2 Shapes","floor":39.0,"turns":3.0},{"damage":15.0,"enemies":"2 Orb Walkers","floor":41.0,"turns":3.0},{"damage":24.0,"enemies":"Spire Growth","floor":45.0,"turns":5.0},{"damage":0.0,"enemies":"Mind Bloom Boss Battle","floor":46.0,"turns":3.0},{"damage":0.0,"enemies":"Reptomancer","floor":48.0,"turns":3.0},{"damage":18.0,"enemies":"Donu and Deca","floor":50.0,"turns":10.0},{"damage":57,"enemies":"Time Eater","floor":51,"turns":13}],"seed_played":"6389723492711614438","potions_obtained":[{"floor":3.0,"key":"LiquidBronze"},{"floor":11.0,"key":"SpeedPotion"},{"floor":13.0,"key":"FocusPotion"},{"floor":33.0,"key":"Swift Potion"},{"floor":48.0,"key":"Swift Potion"}],"is_trial":false,"path_per_floor":["M","M","M","?","?","R","M","R","T","?","M","M","M","M","R","B",null,"M","$","M","?","$","R","M","R","T","M","M","?","M","M","R","B",null,"M","$","?","M","M","R","E","?","T","R","M","?","R","M","R","B","B"],"character_chosen":"DEFECT","items_purchased":["Frozen Egg 2","Hologram","Storm+1","Chill"],"campfire_rested":3,"item_purchase_floors":[19,22,36,36],"current_hp_per_floor":[57,51,49,49,49,49,49,49,49,49,40,40,34,26,26,26,60,51,51,51,51,51,51,30,51,51,51,51,51,30,39,60,42,64,64,64,64,64,64,64,59,59,59,59,45,45,66,66,66,68,11],"gold":172,"neow_bonus":"THREE_RARE_CARDS","is_prod":false,"is_daily":false,"chose_seed":false,"campfire_upgraded":7,"win_rate":0,"timestamp":1538468531,"path_taken":["M","M","M","?","?","R","M","R","T","?","M","M","?","M","R","BOSS","M","$","?","?","?","R","?","R","T","M","M","?","M","M","R","BOSS","M","$","?","M","M","R","E","?","T","R","M","?","R","M","R","BOSS","BOSS"],"build_version":"2018-10-01","purchased_purges":0,"victory":true,"max_hp_per_floor":[71,71,71,71,71,71,71,71,71,71,71,71,71,71,71,71,71,71,71,71,71,71,71,71,71,71,71,71,71,71,71,71,71,71,71,71,71,71,71,71,71,71,71,71,71,71,71,71,71,71,71],"card_choices":[{"not_picked":["Hyperbeam","Seek"],"picked":"Electrodynamics","floor":0.0},{"not_picked":["Barrage","White Noise"],"picked":"Glacier","floor":1.0},{"not_picked":["Gash","Go for the Eyes"],"picked":"Genetic Algorithm","floor":2.0},{"not_picked":["Go for the Eyes","Sweeping Beam"],"picked":"Buffer","floor":3.0},{"not_picked":["Double Energy","Streamline"],"picked":"White Noise","floor":7.0},{"not_picked":["Rebound","Lockon"],"picked":"Force Field","floor":11.0},{"not_picked":["Beam Cell","Redo"],"picked":"Leap","floor":12.0},{"not_picked":["Genetic Algorithm","Melter"],"picked":"Beam Cell","floor":13.0},{"not_picked":["FTL","Ball Lightning"],"picked":"Reboot","floor":14.0},{"not_picked":["Meteor Strike","Creative AI"],"picked":"Fission","floor":16.0},{"not_picked":[],"picked":"Ball Lightning","floor":18.0},{"not_picked":[],"picked":"Sweeping Beam","floor":20.0},{"not_picked":[],"picked":"Leap+1","floor":24.0},{"not_picked":[],"picked":"Compile Driver+1","floor":27.0},{"not_picked":["Darkness"],"picked":"SKIP","floor":28.0},{"not_picked":[],"picked":"Self Repair+1","floor":30.0},{"not_picked":[],"picked":"FTL+1","floor":31.0},{"not_picked":[],"picked":"Electrodynamics+1","floor":33.0},{"not_picked":[],"picked":"Sweeping Beam+1","floor":35.0},{"not_picked":[],"picked":"The Bomb","floor":37.0},{"not_picked":["Double Energy"],"picked":"SKIP","floor":38.0},{"not_picked":[],"picked":"Hologram","floor":39.0},{"not_picked":[],"picked":"Chill","floor":41.0},{"not_picked":[],"picked":"Static Discharge+1","floor":45.0},{"not_picked":[],"picked":"Go for the Eyes+1","floor":46.0},{"not_picked":["Skim"],"picked":"SKIP","floor":48.0}],"player_experience":2454816,"relics_obtained":[{"floor":9.0,"key":"Boot"},{"floor":26.0,"key":"Molten Egg 2"},{"floor":41.0,"key":"Omamori"},{"floor":43.0,"key":"Bronze Scales"},{"floor":46.0,"key":"Du-Vu Doll"}],"event_choices":[{"event_name":"Match and Keep!","player_choice":"1 cards matched","floor":4.0,"damage_taken":0.0},{"event_name":"Liars Game","player_choice":"disagreed","floor":5.0,"damage_taken":0.0},{"event_name":"Golden Wing","player_choice":"Gained Gold","floor":10.0,"damage_taken":0.0},{"event_name":"Golden Shrine","player_choice":"Pray","floor":21.0,"damage_taken":0.0},{"event_name":"Back to Basics","player_choice":"Simplicity","floor":29.0,"damage_taken":0.0},{"event_name":"SensoryStone","player_choice":"Memory 1","floor":37.0,"damage_taken":0.0},{"event_name":"SecretPortal","player_choice":"Rejected Portal.","floor":42.0,"damage_taken":0.0},{"event_name":"MindBloom","player_choice":"Fight","floor":46.0,"damage_taken":0.0}],"is_beta":true,"boss_relics":[{"not_picked":["Velvet Choker","FrozenCore"],"picked":"Busted Crown"},{"not_picked":["Snecko Eye","Cursed Key"],"picked":"Nuclear Battery"}],"items_purged_floors":[],"is_endless":false,"potions_floor_spawned":[3,11,13,16,24,27,28,33,35,38,48],"ascension_level":20}