{"gold_per_floor":[110,3,3,14,33,33,48,82,82,82,82,82,102,117,117,213,213,228,83,93,104,104,104,115,142,142,67,67,80,98,98,98,98],"floor_reached":33,"playtime":1211,"items_purged":["Defend_R"],"score":319,"play_id":"866ff9f6-d0c2-4f3d-8c1a-d1964c913fdc","local_time":"20190901141552","is_ascension_mode":false,"campfire_choices":[{"data":"Flex","floor":6.0,"key":"SMITH"},{"data":"Bash","floor":10.0,"key":"SMITH"},{"data":"Battle Trance","floor":12.0,"key":"SMITH"},{"data":"Flex","floor":15.0,"key":"SMITH"},{"data":"Whirlwind","floor":23,"key":"SMITH"},{"data":"Flex","floor":28,"key":"SMITH"},{"floor":32,"key":"REST"}],"neow_cost":"NONE","seed_source_timestamp":227992599851100,"circlet_count":0,"master_deck":["Strike_R","Strike_R","Strike_R","Strike_R","Strike_R","Defend_R","Defend_R","Bash+1","Battle Trance+1","Dropkick","Flex+1","Flex","Flex+1","Offering","Headbutt","Heavy Blade","Offering","Shrug It Off","Armaments+1","Whirlwind+1","Heavy Blade+1","Flex","Warcry+1","Flex+1"],"special_seed":0,"relics":["Burning Blood","NeowsBlessing","Self Forming Clay","Prayer Wheel","Du-Vu Doll","Orrery","Pantograph","Bag of Preparation"],"potions_floor_usage":[24,25,33,33],"damage_taken":[{"damage":0.0,"enemies":"Jaw Worm","floor":1.0,"turns":1.0},{"damage":0.0,"enemies":"Cultist","floor":4.0,"turns":1.0},{"damage":0.0,"enemies":"2 Louse","floor":5.0,"turns":1.0},{"damage":16.0,"enemies":"Large Slime","floor":7.0,"turns":5.0},{"damage":0.0,"enemies":"Gremlin Nob","floor":8.0,"turns":2.0},{"damage":15.0,"enemies":"Exordium Wildlife","floor":13.0,"turns":3.0},{"damage":14.0,"enemies":"Gremlin Gang","floor":14.0,"turns":3.0},{"damage":36.0,"enemies":"Hexaghost","floor":16.0,"turns":8.0},{"damage":19,"enemies":"2 Thieves","floor":18,"turns":4},{"damage":14,"enemies":"Shell Parasite","floor":20,"turns":4},{"damage":19,"enemies":"Snake Plant","floor":21,"turns":2},{"damage":10,"enemies":"3 Cultists","floor":24,"turns":4},{"damage":32,"enemies":"Book of Stabbing","floor":25,"turns":4},{"damage":6,"enemies":"Sentry and Sphere","floor":29,"turns":3},{"damage":33,"enemies":"Shelled Parasite and Fungi","floor":30,"turns":3},{"damage":81,"enemies":"Automaton","floor":33,"turns":6}],"seed_played":"526200190195363518","potions_obtained":[{"floor":4.0,"key":"Block Potion"},{"floor":5.0,"key":"Energy Potion"},{"floor":14.0,"key":"Poison Potion"},{"floor":18,"key":"Ancient Potion"},{"floor":20,"key":"AttackPotion"},{"floor":21,"key":"BloodPotion"},{"floor":30,"key":"SkillPotion"}],"is_trial":false,"path_per_floor":["M","$","?","M","M","R","M","E","T","R","?","R","M","M","R","B",null,"M","$","M","M","?","R","M","E","T","?","R","M","M","$","R","B"],"character_chosen":"IRONCLAD","items_purchased":["Battle Trance","Dropkick","Whirlwind"],"campfire_rested":1,"item_purchase_floors":[2,2,19],"current_hp_per_floor":[80,80,80,80,80,80,70,76,76,76,69,69,60,52,52,22,80,67,67,59,46,46,46,42,36,36,36,36,36,9,9,33,0],"gold":98,"neow_bonus":"THREE_ENEMY_KILL","is_prod":false,"is_daily":false,"chose_seed":false,"campfire_upgraded":6,"win_rate":0,"timestamp":1567372552,"path_taken":["M","$","?","?","M","R","M","E","T","R","?","R","M","M","R","BOSS","M","$","M","M","?","R","M","E","T","?","R","?","M","$","R","BOSS"],"build_version":"2019-07-17","purchased_purges":1,"victory":false,"max_hp_per_floor":[80,80,80,80,80,80,80,80,80,80,80,80,80,80,80,80,80,80,80,80,80,80,80,80,80,80,80,80,80,80,80,80,80],"card_choices":[{"not_picked":["Armaments","Seeing Red","Havoc"],"picked":"SKIP","floor":1.0},{"not_picked":["Armaments","Havoc","Clash"],"picked":"SKIP","floor":4.0},{"not_picked":["Sword Boomerang","Havoc"],"picked":"Flex","floor":5.0},{"not_picked":["Clothesline","Pommel Strike","Clash"],"picked":"SKIP","floor":7.0},{"not_picked":["Anger","Cleave","Sentinel"],"picked":"SKIP","floor":8.0},{"not_picked":["Combust","Feel No Pain"],"picked":"Flex","floor":13.0},{"not_picked":["Body Slam","Infernal Blade","Cleave"],"picked":"SKIP","floor":13.0},{"not_picked":["Clash","Headbutt"],"picked":"Flex","floor":14.0},{"not_picked":["Sever Soul","Rage","Evolve"],"picked":"SKIP","floor":14.0},{"not_picked":["Dark Embrace","Reaper"],"picked":"Offering","floor":16.0},{"not_picked":["Searing Blow","Intimidate"],"picked":"Headbutt","floor":17},{"not_picked":["Wild Strike","Flex"],"picked":"Heavy Blade","floor":17},{"not_picked":["Heavy Blade","Rampage"],"picked":"Offering","floor":17},{"not_picked":["Clothesline","Armaments"],"picked":"Shrug It Off","floor":17},{"not_picked":["Body Slam","Thunderclap"],"picked":"Armaments+1","floor":18},{"not_picked":["Spot Weakness+1","Clothesline","Cleave"],"picked":"SKIP","floor":18},{"not_picked":["Iron Wave","Clash"],"picked":"Heavy Blade+1","floor":20},{"not_picked":["Wild Strike","Warcry","Sentinel"],"picked":"SKIP","floor":20},{"not_picked":["Heavy Blade+1","Thunderclap","Dark Embrace"],"picked":"SKIP","floor":21},{"not_picked":["Pommel Strike","Fire Breathing","Thunderclap"],"picked":"SKIP","floor":21},{"not_picked":["True Grit+1","Clothesline"],"picked":"Warcry+1","floor":24},{"not_picked":["Armaments","Power Through","Pommel Strike"],"picked":"SKIP","floor":24},{"not_picked":["Body Slam","Twin Strike"],"picked":"Flex","floor":25},{"not_picked":["Brutality","Perfected Strike","Headbutt"],"picked":"SKIP","floor":29},{"not_picked":["Body Slam","True Grit","Wild Strike"],"picked":"SKIP","floor":29},{"not_picked":["Combust","Wild Strike+1","Headbutt+1"],"picked":"SKIP","floor":30},{"not_picked":["True Grit","Iron Wave","Body Slam"],"picked":"SKIP","floor":30}],"player_experience":738734,"relics_obtained":[{"floor":8.0,"key":"Self Forming Clay"},{"floor":9.0,"key":"Prayer Wheel"},{"floor":25,"key":"Pantograph"},{"floor":26,"key":"Bag of Preparation"}],"event_choices":[{"damage_healed":0.0,"max_hp_gain":0.0,"max_hp_loss":0.0,"gold_gain":0.0,"event_name":"WeMeetAgain","player_choice":"Ignored","floor":3.0,"gold_loss":0.0,"damage_taken":0.0},{"damage_healed":0.0,"max_hp_gain":0.0,"max_hp_loss":0.0,"gold_gain":0.0,"event_name":"Scrap Ooze","player_choice":"Success","floor":11.0,"gold_loss":0.0,"damage_taken":7.0,"relics_obtained":["Du-Vu Doll"]},{"damage_healed":0,"gold_gain":0,"player_choice":"Read","damage_taken":0,"max_hp_gain":0,"max_hp_loss":0,"event_name":"The Library","floor":22,"gold_loss":0,"cards_obtained":["Flex"]},{"cards_removed":["Defend_R"],"damage_healed":0,"gold_gain":0,"player_choice":"Gave Gold","damage_taken":0,"max_hp_gain":0,"max_hp_loss":0,"event_name":"Beggar","floor":27,"gold_loss":75}],"is_beta":false,"boss_relics":[{"not_picked":["Lizard Tail","Calling Bell"],"picked":"Orrery"}],"items_purged_floors":[19],"is_endless":false,"potions_floor_spawned":[4,5,14,18,20,21,30],"killed_by":"Automaton","ascension_level":0}