{"gold_per_floor":[111,129,57,81,97,97,97,135,158,158,179,214,214,214,214,338,338,354,33,33,58,58,58,73,94,94,94],"floor_reached":27,"playtime":1322,"items_purged":[],"score":298,"play_id":"ba404420-4635-47b4-a046-88971815f5e3","local_time":"20190813173951","is_ascension_mode":true,"campfire_choices":[{"data":"Noxious Fumes","floor":6,"key":"SMITH"},{"floor":10,"key":"REST"},{"floor":13,"key":"REST"},{"floor":15,"key":"REST"},{"floor":23,"key":"REST"}],"neow_cost":"NONE","seed_source_timestamp":76798589997177,"circlet_count":0,"master_deck":["Strike_G+1","Strike_G","Strike_G","Strike_G","Strike_G","Defend_G","Defend_G","Defend_G+1","Defend_G","Defend_G","Survivor","Neutralize","Poisoned Stab","Noxious Fumes+1","Infinite Blades","Poisoned Stab","Bane","Noxious Fumes","Backflip","Deflect","Poisoned Stab","After Image","Slice","Bandage Up","Well Laid Plans","Master of Strategy","Cloak And Dagger","Backflip","Parasite"],"relics":["Ring of the Snake","NeowsBlessing","Vajra","Golden Idol","Dream Catcher","Juzu Bracelet","Smiling Mask","Cursed Key","Blue Candle"],"potions_floor_usage":[8,12,16,24,25],"damage_taken":[{"damage":0,"enemies":"Cultist","floor":1,"turns":1},{"damage":0,"enemies":"Small Slimes","floor":2,"turns":1},{"damage":0,"enemies":"2 Louse","floor":5,"turns":1},{"damage":21,"enemies":"3 Sentries","floor":8,"turns":6},{"damage":12,"enemies":"Exordium Wildlife","floor":11,"turns":6},{"damage":26,"enemies":"Lagavulin","floor":12,"turns":6},{"damage":33,"enemies":"Hexaghost","floor":16,"turns":8},{"damage":13,"enemies":"Chosen","floor":18,"turns":6},{"damage":11,"enemies":"Spheric Guardian","floor":21,"turns":5},{"damage":45,"enemies":"Cultist and Chosen","floor":24,"turns":7},{"damage":10,"enemies":"3 Cultists","floor":25,"turns":7},{"damage":8,"enemies":"Snake Plant","floor":27,"turns":1}],"seed_played":"-998669926096250256","potions_obtained":[{"floor":5,"key":"PowerPotion"},{"floor":8,"key":"Fire Potion"},{"floor":11,"key":"PowerPotion"},{"floor":12,"key":"SpeedPotion"},{"floor":24,"key":"SkillPotion"}],"is_trial":false,"path_per_floor":["M","M","$","T","M","R","?","E","T","R","M","E","R","?","R","B",null,"M","$","?","M","$","R","M","M","T","M"],"character_chosen":"THE_SILENT","items_purchased":["Infinite Blades","Bandage Up","Well Laid Plans","Master of Strategy"],"campfire_rested":4,"item_purchase_floors":[3,19,19,19],"current_hp_per_floor":[63,63,63,63,63,63,46,25,25,46,34,8,29,15,36,3,53,40,40,40,33,33,54,13,7,7,0],"gold":94,"neow_bonus":"THREE_ENEMY_KILL","is_prod":false,"is_daily":false,"chose_seed":false,"campfire_upgraded":1,"win_rate":0,"timestamp":1565732391,"path_taken":["M","?","$","?","M","R","?","E","T","R","M","E","R","?","R","BOSS","M","$","?","M","$","R","M","M","T","M"],"build_version":"2019-07-17","purchased_purges":0,"victory":false,"max_hp_per_floor":[70,70,70,70,70,70,70,70,70,70,70,70,70,70,70,70,70,70,70,70,70,70,70,70,70,70,70],"card_choices":[{"not_picked":["Flying Knee","Accuracy"],"picked":"Poisoned Stab","floor":1},{"not_picked":["Poisoned Stab","Blade Dance"],"picked":"Noxious Fumes","floor":2},{"not_picked":["Predator","All Out Attack","Dagger Spray"],"picked":"SKIP","floor":5},{"not_picked":["Burst","Blade Dance"],"picked":"Poisoned Stab","floor":8},{"not_picked":["Setup","Expertise"],"picked":"Bane","floor":10},{"not_picked":["Caltrops","Deflect"],"picked":"Noxious Fumes","floor":11},{"not_picked":["Quick Slash","Terror"],"picked":"Backflip","floor":12},{"not_picked":["Acrobatics","Accuracy"],"picked":"Deflect","floor":13},{"not_picked":["Expertise","Skewer"],"picked":"Poisoned Stab","floor":15},{"not_picked":["Night Terror","Phantasmal Killer"],"picked":"After Image","floor":16},{"not_picked":["Prepared+1","Choke"],"picked":"Slice","floor":18},{"not_picked":["Dagger Spray","Quick Slash"],"picked":"Cloak And Dagger","floor":21},{"not_picked":["Masterful Stab","Riddle With Holes"],"picked":"Backflip","floor":24},{"not_picked":["Blade Dance","Dash","Dagger Throw+1"],"picked":"SKIP","floor":25}],"player_experience":189158,"relics_obtained":[{"floor":4,"key":"Vajra"},{"floor":8,"key":"Dream Catcher"},{"floor":9,"key":"Juzu Bracelet"},{"floor":12,"key":"Smiling Mask"},{"floor":26,"key":"Blue Candle"}],"event_choices":[{"damage_healed":0,"gold_gain":0,"player_choice":"Take Damage","damage_taken":17,"relics_obtained":["Golden Idol"],"max_hp_gain":0,"max_hp_loss":0,"event_name":"Golden Idol","floor":7,"gold_loss":0},{"damage_healed":0,"gold_gain":0,"player_choice":"Entered Light","damage_taken":14,"max_hp_gain":0,"max_hp_loss":0,"event_name":"Shining Light","floor":14,"gold_loss":0,"cards_upgraded":["Strike_G","Defend_G"]},{"damage_healed":0,"gold_gain":0,"player_choice":"Ignored","damage_taken":0,"max_hp_gain":0,"max_hp_loss":0,"event_name":"Ghosts","floor":20,"gold_loss":0}],"is_beta":false,"boss_relics":[{"not_picked":["Astrolabe","Runic Dome"],"picked":"Cursed Key"}],"items_purged_floors":[],"is_endless":false,"potions_floor_spawned":[5,8,11,12,24],"killed_by":"Snake Plant","ascension_level":7}