{"gold_per_floor":[115,135,135,154,165,165,181,181,231,249,249,424,424,439,439,535,535,548,519,538,538],"floor_reached":21,"playtime":2999,"items_purged":[],"score":175,"play_id":"73f49f94-2d6c-4f0b-a4a8-0f0b215ebac8","local_time":"20190829192027","is_ascension_mode":false,"campfire_choices":[{"floor":6,"key":"REST"},{"data":"Flame Barrier","floor":8,"key":"SMITH"},{"data":"Shrug It Off","floor":11,"key":"SMITH"},{"data":"Bash","floor":15,"key":"SMITH"}],"neow_cost":"NONE","seed_source_timestamp":512941429717818,"circlet_count":0,"master_deck":["Strike_R","Strike_R","Strike_R","Defend_R","Defend_R","Defend_R","Defend_R","Bash+1","Flame Barrier+1","Shrug It Off+1","Burning Pact+1","Havoc+1","Battle Trance+1","Battle Trance+1","Shockwave+1","Dark Embrace","Pain","Body Slam+1","Clash+1","Metallicize","Warcry+1","Warcry+1"],"relics":["Burning Blood","Strawberry","Toxic Egg 2","Vajra","Astrolabe"],"potions_floor_usage":[10,16,20,21],"damage_taken":[{"damage":1,"enemies":"Cultist","floor":1,"turns":3},{"damage":0,"enemies":"2 Louse","floor":2,"turns":2},{"damage":5,"enemies":"Jaw Worm","floor":4,"turns":6},{"damage":14,"enemies":"Exordium Wildlife","floor":5,"turns":8},{"damage":2,"enemies":"Looter","floor":7,"turns":4},{"damage":24,"enemies":"Gremlin Gang","floor":10,"turns":7},{"damage":0,"enemies":"Large Slime","floor":14,"turns":6},{"damage":45,"enemies":"Hexaghost","floor":16,"turns":13},{"damage":4,"enemies":"3 Byrds","floor":18,"turns":4},{"damage":3,"enemies":"2 Thieves","floor":19,"turns":5},{"damage":18,"enemies":"Centurion and Healer","floor":20,"turns":5},{"damage":94,"enemies":"Cultist and Chosen","floor":21,"turns":16}],"seed_played":"-1527125338741388830","potions_obtained":[{"floor":2,"key":"SpeedPotion"},{"floor":5,"key":"Fruit Juice"},{"floor":14,"key":"Poison Potion"},{"floor":18,"key":"Regen Potion"},{"floor":19,"key":"PowerPotion"}],"is_trial":false,"path_per_floor":["M","M","?","M","M","R","M","R","T","M","R","?","?","M","R","B",null,"M","M","M","M"],"character_chosen":"IRONCLAD","items_purchased":[],"campfire_rested":1,"item_purchase_floors":[],"current_hp_per_floor":[87,87,87,87,79,87,87,87,87,74,74,74,74,80,80,41,92,92,92,92,0],"gold":538,"neow_bonus":"RANDOM_COMMON_RELIC","is_prod":false,"is_daily":false,"chose_seed":false,"campfire_upgraded":3,"win_rate":0,"timestamp":1567099227,"path_taken":["M","?","?","M","M","R","M","R","T","M","R","?","?","?","R","BOSS","M","M","M","M"],"build_version":"2019-06-28","purchased_purges":0,"victory":false,"max_hp_per_floor":[87,87,87,87,87,87,87,87,87,92,92,92,92,92,92,92,92,92,92,92,92],"card_choices":[{"not_picked":["Cleave","Sever Soul"],"picked":"Flame Barrier","floor":1},{"not_picked":["Flex","Sword Boomerang"],"picked":"Shrug It Off","floor":2},{"not_picked":["Metallicize","Blood for Blood"],"picked":"Burning Pact+1","floor":4},{"not_picked":["Twin Strike","Clash"],"picked":"Havoc+1","floor":5},{"not_picked":["Infernal Blade+1","Armaments+1"],"picked":"Battle Trance+1","floor":7},{"not_picked":["Havoc+1","Anger"],"picked":"Battle Trance+1","floor":10},{"not_picked":["Cleave","Dark Embrace"],"picked":"Shockwave+1","floor":14},{"not_picked":["Reaper","Feed"],"picked":"Dark Embrace","floor":16},{"not_picked":["Anger","Heavy Blade"],"picked":"Metallicize","floor":18},{"not_picked":["Flex+1","Sword Boomerang+1"],"picked":"Warcry+1","floor":19},{"not_picked":["Thunderclap","Rupture"],"picked":"Warcry+1","floor":20}],"player_experience":149419,"relics_obtained":[{"floor":9,"key":"Vajra"}],"event_choices":[{"damage_healed":0,"gold_gain":0,"player_choice":"Box","damage_taken":0,"relics_obtained":["Toxic Egg 2"],"max_hp_gain":0,"max_hp_loss":0,"event_name":"Big Fish","floor":3,"gold_loss":0,"cards_obtained":["Regret"]},{"damage_healed":0,"gold_gain":175,"player_choice":"AGREE","damage_taken":0,"max_hp_gain":0,"max_hp_loss":0,"event_name":"Liars Game","floor":12,"gold_loss":0,"cards_obtained":["Doubt"]},{"cards_removed":["Regret"],"damage_healed":0,"gold_gain":0,"player_choice":"Card Removal","damage_taken":0,"max_hp_gain":0,"max_hp_loss":0,"event_name":"Wheel of Change","floor":13,"gold_loss":0}],"is_beta":true,"boss_relics":[{"not_picked":["Runic Dome","Lizard Tail"],"picked":"Astrolabe"}],"items_purged_floors":[],"is_endless":false,"potions_floor_spawned":[2,5,14,18,19],"killed_by":"Cultist and Chosen","ascension_level":0}