{"gold_per_floor":[368,385,6,23,23,23,41,41,110,20,34,55,55,86,86,86],"floor_reached":16,"playtime":528,"items_purged":[],"score":163,"play_id":"e57c5e84-d45b-44bf-8c4f-698fa6f293b4","local_time":"20190321224628","is_ascension_mode":true,"campfire_choices":[{"data":"Noxious Fumes","floor":6.0,"key":"SMITH"},{"data":"Catalyst","floor":8.0,"key":"SMITH"},{"data":"Footwork","floor":13.0,"key":"SMITH"},{"floor":15.0,"key":"REST"}],"neow_cost":"CURSE","seed_source_timestamp":708796450332060,"circlet_count":0,"master_deck":["AscendersBane","Defend_G","Defend_G","Defend_G","Defend_G","Defend_G","Strike_G","Strike_G","Strike_G","Strike_G","Strike_G","Survivor","Neutralize","Parasite","Noxious Fumes+1","Crippling Poison","Catalyst+1","Deadly Poison","Acrobatics","Footwork+1","Cloak And Dagger","Unload","Skewer","Tactician"],"special_seed":0,"relics":["Ring of the Snake","Tingsha","Golden Idol","Letter Opener","Vajra"],"potions_floor_usage":[16],"damage_taken":[{"damage":9.0,"enemies":"Cultist","floor":1.0,"turns":5.0},{"damage":3.0,"enemies":"2 Louse","floor":2.0,"turns":5.0},{"damage":3.0,"enemies":"Jaw Worm","floor":4.0,"turns":5.0},{"damage":19.0,"enemies":"Large Slime","floor":7.0,"turns":8.0},{"damage":10.0,"enemies":"Exordium Wildlife","floor":11.0,"turns":7.0},{"damage":8.0,"enemies":"Looter","floor":12.0,"turns":3.0},{"damage":10.0,"enemies":"Lagavulin","floor":14.0,"turns":5.0},{"damage":32,"enemies":"Slime Boss","floor":16,"turns":8}],"seed_played":"4041271918266099668","potions_obtained":[{"floor":2.0,"key":"PowerPotion"},{"floor":4.0,"key":"SneckoOil"},{"floor":11.0,"key":"Regen Potion"},{"floor":12.0,"key":"AttackPotion"}],"is_trial":false,"path_per_floor":["M","M","$","M","?","R","M","R","T","$","M","M","R","E","R","B"],"character_chosen":"THE_SILENT","items_purchased":["Tingsha","Catalyst","Footwork","Cloak And Dagger"],"campfire_rested":1,"item_purchase_floors":[3,3,10,10],"current_hp_per_floor":[54,51,51,48,48,48,29,29,29,29,19,23,23,13,32,0],"gold":86,"neow_bonus":"TWO_FIFTY_GOLD","is_prod":false,"is_daily":false,"chose_seed":false,"campfire_upgraded":3,"win_rate":0,"timestamp":1553222788,"path_taken":["M","?","$","?","?","R","M","R","T","$","M","M","R","E","R","BOSS"],"build_version":"2019-01-23","purchased_purges":0,"victory":false,"max_hp_per_floor":[70,70,70,70,65,65,65,65,65,65,65,65,65,65,65,65],"card_choices":[{"not_picked":["Cloak And Dagger","Endless Agony"],"picked":"Noxious Fumes","floor":1.0},{"not_picked":["Underhanded Strike","Deflect"],"picked":"Crippling Poison","floor":2.0},{"not_picked":["Caltrops","Acrobatics"],"picked":"Deadly Poison","floor":4.0},{"not_picked":["Eviscerate","Deadly Poison"],"picked":"Acrobatics","floor":7.0},{"not_picked":["Acrobatics","Dagger Throw"],"picked":"Unload","floor":11.0},{"not_picked":["Dagger Spray","Caltrops"],"picked":"Skewer","floor":12.0},{"not_picked":["Underhanded Strike","Skewer"],"picked":"Tactician","floor":14.0}],"player_experience":198692,"relics_obtained":[{"floor":9.0,"key":"Letter Opener"},{"floor":14.0,"key":"Vajra"}],"event_choices":[{"damage_healed":0.0,"max_hp_gain":0.0,"max_hp_loss":5.0,"gold_gain":0.0,"event_name":"Golden Idol","player_choice":"Lose Max HP","floor":5.0,"gold_loss":0.0,"damage_taken":0.0,"relics_obtained":["Golden Idol"]}],"is_beta":false,"boss_relics":[],"items_purged_floors":[],"is_endless":false,"potions_floor_spawned":[2,4,11,12],"killed_by":"Slime Boss","ascension_level":12}