{"gold_per_floor":[117,136,0,0,14,49,49,74,74,48,83,33,43,59,59,132,132,146,160,85,85,100,100,133,8,32,8,8,41,41,76,76,153,153,164,144,163,175,188,188,188,188,238,255,15,34,34,52,52,52],"floor_reached":51,"playtime":1929,"items_purged":[],"score":1358,"play_id":"a1a6c7e2-f63c-4b97-9c1c-293aae49df28","local_time":"20190405114142","is_ascension_mode":true,"campfire_choices":[{"data":"Demon Form","floor":7.0,"key":"SMITH"},{"floor":15.0,"key":"REST"},{"floor":23.0,"key":"REST"},{"floor":28,"key":"REST"},{"data":"Disarm","floor":30,"key":"SMITH"},{"floor":32,"key":"REST"},{"floor":40,"key":"REST"},{"data":"Feel No Pain","floor":42,"key":"SMITH"},{"floor":47,"key":"REST"},{"data":"Bash","floor":49,"key":"SMITH"}],"neow_cost":"CURSE","seed_source_timestamp":1963589250920745,"circlet_count":0,"master_deck":["AscendersBane","Strike_R","Strike_R","Strike_R+1","Strike_R","Defend_R","Defend_R","Defend_R","Defend_R","Bash+1","Twin Strike","Flex","Clothesline+1","Feel No Pain+1","Shrug It Off","Demon Form+1","Disarm+1","Shrug It Off+1","Armaments+1","Twin Strike+1","Whirlwind+1","Fiend Fire+1","Anger+1","Body Slam+1","True Grit+1","Jack Of All Trades+1","Rage+1","Shrug It Off+1","Shockwave+1","Infernal Blade+1","Impervious+1","Shrug It Off+1","Feel No Pain+1","Injury","Entrench+1","Headbutt+1","Feel No Pain+1"],"special_seed":0,"relics":["Burning Blood","Gambling Chip","Molten Egg 2","Whetstone","Toxic Egg 2","Pantograph","Cursed Key","Bottled Lightning","Oddly Smooth Stone","Lantern","Paper Frog","Busted Crown","Vajra","Membership Card"],"potions_floor_usage":[24,24,36,50,50],"damage_taken":[{"damage":8.0,"enemies":"Jaw Worm","floor":1.0,"turns":5.0},{"damage":10.0,"enemies":"2 Louse","floor":2.0,"turns":3.0},{"damage":3.0,"enemies":"Small Slimes","floor":5.0,"turns":3.0},{"damage":21.0,"enemies":"3 Sentries","floor":6.0,"turns":11.0},{"damage":26.0,"enemies":"Gremlin Nob","floor":8.0,"turns":4.0},{"damage":19.0,"enemies":"3 Sentries","floor":11.0,"turns":6.0},{"damage":16.0,"enemies":"Gremlin Gang","floor":13.0,"turns":5.0},{"damage":0.0,"enemies":"Blue Slaver","floor":14.0,"turns":5.0},{"damage":57.0,"enemies":"Slime Boss","floor":16.0,"turns":11.0},{"damage":16.0,"enemies":"2 Thieves","floor":18.0,"turns":4.0},{"damage":8.0,"enemies":"Shell Parasite","floor":19.0,"turns":6.0},{"damage":34.0,"enemies":"Shelled Parasite and Fungi","floor":22.0,"turns":5.0},{"damage":6,"enemies":"Slavers","floor":24,"turns":1},{"damage":23,"enemies":"Book of Stabbing","floor":29,"turns":6},{"damage":35,"enemies":"Slavers","floor":31,"turns":5},{"damage":39,"enemies":"Collector","floor":33,"turns":8},{"damage":12,"enemies":"3 Shapes","floor":35,"turns":5},{"damage":0,"enemies":"Orb Walker","floor":37,"turns":3},{"damage":14,"enemies":"Jaw Worm Horde","floor":38,"turns":6},{"damage":50,"enemies":"Sphere and 2 Shapes","floor":39,"turns":7},{"damage":20,"enemies":"Writhing Mass","floor":44,"turns":6},{"damage":20,"enemies":"Jaw Worm Horde","floor":46,"turns":3},{"damage":0,"enemies":"4 Shapes","floor":48,"turns":6},{"damage":47,"enemies":"Awakened One","floor":50,"turns":14}],"seed_played":"-8174813965101821585","potions_obtained":[{"floor":6.0,"key":"FearPotion"},{"floor":8.0,"key":"Energy Potion"},{"floor":14.0,"key":"BloodPotion"},{"floor":16.0,"key":"Fire Potion"},{"floor":18.0,"key":"SteroidPotion"},{"floor":22.0,"key":"SkillPotion"},{"floor":35,"key":"Ancient Potion"},{"floor":36,"key":"Fruit Juice"},{"floor":44,"key":"LiquidBronze"},{"floor":46,"key":"Regen Potion"}],"is_trial":false,"path_per_floor":["M","M","$","?","M","E","R","E","T","$","E","?","M","M","R","B",null,"M","M","?","?","M","R","E","$","T","$","R","E","R","E","R","B",null,"M","?","M","M","M","R","?","R","T","M","$","M","R","M","R","B",null],"character_chosen":"IRONCLAD","items_purchased":["Clothesline","Feel No Pain","Fire Potion","Shrug It Off+1","Jack Of All Trades+1","Rage+1","Shrug It Off+1","Membership Card","Entrench+1"],"campfire_rested":6,"item_purchase_floors":[3,3,3,10,25,25,27,45,45],"current_hp_per_floor":[80,76,76,69,72,57,57,37,37,37,24,24,14,20,46,28,74,64,62,62,45,17,45,45,45,45,45,73,56,56,27,55,47,82,76,81,87,79,35,64,64,64,64,50,50,36,64,70,70,69],"gold":52,"neow_bonus":"TWENTY_PERCENT_HP_BONUS","is_prod":false,"is_daily":false,"chose_seed":false,"campfire_upgraded":4,"win_rate":0,"timestamp":1554478902,"path_taken":["M","M","$","?","M","E","R","E","T","$","E","?","M","M","R","BOSS","M","M","?","?","M","R","E","$","T","$","R","E","R","E","R","BOSS","M","?","M","?","M","R","?","R","T","?","$","?","R","M","R","BOSS"],"build_version":"2019-01-23","purchased_purges":0,"victory":true,"max_hp_per_floor":[89,89,89,89,89,89,89,89,89,89,89,89,89,89,89,89,89,89,89,89,94,94,94,94,94,94,94,94,94,94,94,94,94,94,94,99,99,99,99,99,96,96,96,96,96,96,96,96,96,96],"card_choices":[{"not_picked":["Havoc","Clash"],"picked":"Twin Strike","floor":1.0},{"not_picked":["Dropkick","Searing Blow"],"picked":"Flex","floor":2.0},{"not_picked":["Flex","Clash"],"picked":"Shrug It Off","floor":5.0},{"not_picked":["Ghostly Armor","Cleave"],"picked":"Demon Form","floor":6.0},{"not_picked":["Perfected Strike+1","Entrench"],"picked":"Disarm","floor":8.0},{"not_picked":["Thunderclap+1","Body Slam+1"],"picked":"Armaments+1","floor":11.0},{"not_picked":["Cleave+1","Burning Pact+1"],"picked":"Twin Strike+1","floor":13.0},{"not_picked":["Havoc+1","Immolate+1"],"picked":"Whirlwind+1","floor":14.0},{"not_picked":["Bludgeon+1","Berserk"],"picked":"Fiend Fire+1","floor":16.0},{"not_picked":["Flex+1","Headbutt+1"],"picked":"Anger+1","floor":18.0},{"not_picked":["Sentinel+1","Cleave+1"],"picked":"Body Slam+1","floor":19.0},{"not_picked":["Twin Strike+1","Reckless Charge+1","Flex+1"],"picked":"SKIP","floor":22.0},{"not_picked":["Berserk","Sword Boomerang+1"],"picked":"True Grit+1","floor":24},{"not_picked":["Bloodletting+1","Havoc+1"],"picked":"Shockwave+1","floor":29},{"not_picked":["Bloodletting+1","Intimidate+1"],"picked":"Infernal Blade+1","floor":31},{"not_picked":["Feed+1","Juggernaut"],"picked":"Impervious+1","floor":33},{"not_picked":[],"picked":"Shrug It Off+1","floor":35},{"not_picked":[],"picked":"Feel No Pain+1","floor":37},{"not_picked":["Sever Soul+1"],"picked":"SKIP","floor":38},{"not_picked":["Anger+1"],"picked":"SKIP","floor":39},{"not_picked":["Dropkick+1"],"picked":"SKIP","floor":44},{"not_picked":[],"picked":"Headbutt+1","floor":46},{"not_picked":[],"picked":"Feel No Pain+1","floor":48}],"player_experience":235482,"relics_obtained":[{"floor":6.0,"key":"Molten Egg 2"},{"floor":8.0,"key":"Whetstone"},{"floor":9.0,"key":"Toxic Egg 2"},{"floor":11.0,"key":"Pantograph"},{"floor":24,"key":"Bottled Lightning"},{"floor":26,"key":"Oddly Smooth Stone"},{"floor":29,"key":"Lantern"},{"floor":31,"key":"Paper Frog"},{"floor":43,"key":"Vajra"}],"event_choices":[{"damage_healed":0.0,"max_hp_gain":0.0,"max_hp_loss":0.0,"gold_gain":0.0,"event_name":"Scrap Ooze","player_choice":"Success","floor":4.0,"gold_loss":0.0,"damage_taken":7.0,"relics_obtained":["Gambling Chip"]},{"cards_removed":["Clumsy"],"damage_healed":0.0,"max_hp_gain":0.0,"max_hp_loss":0.0,"gold_gain":0.0,"event_name":"The Cleric","player_choice":"Card Removal","floor":12.0,"gold_loss":50.0,"damage_taken":0.0},{"cards_removed":["Strike_R"],"damage_healed":0.0,"max_hp_gain":0.0,"max_hp_loss":0.0,"gold_gain":0.0,"event_name":"Beggar","player_choice":"Gave Gold","floor":20.0,"gold_loss":75.0,"damage_taken":0.0},{"damage_healed":0.0,"max_hp_gain":5.0,"max_hp_loss":0.0,"gold_gain":0.0,"event_name":"Forgotten Altar","player_choice":"Shed Blood","floor":21.0,"gold_loss":0.0,"damage_taken":22.0},{"damage_healed":0,"gold_gain":0,"player_choice":"Bought 1 Potion","damage_taken":0,"max_hp_gain":0,"max_hp_loss":0,"event_name":"The Woman in Blue","floor":36,"gold_loss":0},{"cards_removed":["Parasite"],"damage_healed":0,"gold_gain":0,"player_choice":"Removed Curses","damage_taken":0,"max_hp_gain":0,"max_hp_loss":0,"event_name":"Fountain of Cleansing","floor":41,"gold_loss":0}],"is_beta":false,"boss_relics":[{"not_picked":["Runic Cube","Velvet Choker"],"picked":"Cursed Key"},{"not_picked":["Black Blood","Black Star"],"picked":"Busted Crown"}],"items_purged_floors":[],"is_endless":false,"potions_floor_spawned":[6,8,14,16,18,22,35,44,46,48],"ascension_level":14}