{"gold_per_floor":[117,131,151,151,166,166,51,51,51,51,70,17,29,129,129,227,227,247,247,247,247,262,262,272,272,272,33,33,51,68,68,68,68],"floor_reached":33,"playtime":2516,"items_purged":[],"score":287,"play_id":"39d67699-1caf-470b-b292-fb6a403ce676","local_time":"20190824021308","is_ascension_mode":false,"campfire_choices":[{"data":"Zap","floor":6,"key":"SMITH"},{"floor":10,"key":"REST"},{"floor":15,"key":"REST"},{"floor":23,"key":"REST"},{"floor":25,"key":"REST"},{"floor":32,"key":"REST"}],"neow_cost":"NONE","seed_source_timestamp":17629213292271,"circlet_count":0,"master_deck":["Strike_B+1","Strike_B+1","Strike_B+1","Strike_B+1","Defend_B+1","Defend_B+1","Defend_B+1","Defend_B+1","Zap+1","Dualcast+1","Redo","Auto Shields","Lockon","BootSequence","Static Discharge","Streamline","Conserve Battery","Cold Snap","Rainbow","Barrage","Purity","Flash of Steel","Panacea","Conserve Battery","Electrodynamics","Capacitor","Genetic Algorithm","BootSequence","Gash","Ghostly","Ghostly","Ghostly","Ghostly","Ghostly","FTL+1","Tempest","RitualDagger"],"relics":["Cracked Core","Whetstone","Ginger","Juzu Bracelet","Runic Pyramid","Potion Belt"],"potions_floor_usage":[16,16,16,33,33],"damage_taken":[{"damage":1,"enemies":"Cultist","floor":1,"turns":3},{"damage":5,"enemies":"2 Louse","floor":2,"turns":2},{"damage":7,"enemies":"Small Slimes","floor":3,"turns":4},{"damage":24,"enemies":"Gremlin Gang","floor":5,"turns":4},{"damage":3,"enemies":"Lots of Slimes","floor":11,"turns":3},{"damage":1,"enemies":"Large Slime","floor":13,"turns":4},{"damage":18,"enemies":"The Guardian","floor":16,"turns":7},{"damage":10,"enemies":"Spheric Guardian","floor":18,"turns":6},{"damage":8,"enemies":"Chosen","floor":22,"turns":4},{"damage":17,"enemies":"Shelled Parasite and Fungi","floor":24,"turns":6},{"damage":6,"enemies":"Snake Plant","floor":29,"turns":5},{"damage":7,"enemies":"Centurion and Healer","floor":30,"turns":6},{"damage":81,"enemies":"Automaton","floor":33,"turns":12}],"seed_played":"-4540684012717580492","potions_obtained":[{"floor":2,"key":"FocusPotion"},{"floor":5,"key":"Strength Potion"},{"floor":11,"key":"FocusPotion"},{"floor":24,"key":"Fire Potion"},{"floor":30,"key":"SteroidPotion"}],"is_trial":false,"path_per_floor":["M","M","M","T","M","R","$","?","T","R","M","?","M","?","R","B",null,"M","?","?","?","M","R","M","R","T","$","?","M","M","?","R","B"],"character_chosen":"DEFECT","items_purchased":["Static Discharge","Streamline","Capacitor","Genetic Algorithm","BootSequence","Gash"],"campfire_rested":5,"item_purchase_floors":[7,7,27,27,27,27],"current_hp_per_floor":[81,76,69,69,45,45,45,29,29,53,50,50,49,49,73,55,82,72,72,72,40,32,56,39,63,63,63,41,35,28,22,34,0],"gold":68,"neow_bonus":"TEN_PERCENT_HP_BONUS","is_prod":false,"is_daily":false,"chose_seed":false,"campfire_upgraded":1,"win_rate":0.0,"timestamp":1566605588,"path_taken":["M","M","?","?","M","R","$","?","T","R","M","?","M","?","R","BOSS","M","?","?","?","M","R","M","R","T","?","?","M","M","?","R","BOSS"],"build_version":"2019-06-28","purchased_purges":0,"victory":false,"max_hp_per_floor":[82,82,82,82,82,82,82,82,82,82,82,82,82,82,82,82,82,82,82,82,82,82,82,82,82,82,82,41,41,41,41,41,41],"card_choices":[{"not_picked":["Beam Cell","Steam"],"picked":"Redo","floor":1},{"not_picked":["Barrage","Compile Driver"],"picked":"Auto Shields","floor":2},{"not_picked":["Force Field","Leap"],"picked":"Lockon","floor":3},{"not_picked":["Cold Snap","Streamline"],"picked":"BootSequence","floor":5},{"not_picked":["Aggregate","Auto Shields"],"picked":"Conserve Battery","floor":11},{"not_picked":["Genetic Algorithm","Beam Cell"],"picked":"Cold Snap","floor":13},{"not_picked":["Seek","Fission"],"picked":"Rainbow","floor":16},{"not_picked":["Beam Cell+1","Coolheaded"],"picked":"Barrage","floor":18},{"not_picked":["Barrage","Go for the Eyes"],"picked":"Conserve Battery","floor":22},{"not_picked":["Go for the Eyes","Streamline+1"],"picked":"Electrodynamics","floor":24},{"not_picked":["Ball Lightning","Steam"],"picked":"FTL+1","floor":29},{"not_picked":["Force Field+1","Glacier"],"picked":"Tempest","floor":30}],"player_experience":15401,"relics_obtained":[{"floor":4,"key":"Whetstone"},{"floor":9,"key":"Ginger"},{"floor":26,"key":"Potion Belt"}],"event_choices":[{"damage_healed":0,"gold_gain":0,"player_choice":"Entered Light","damage_taken":16,"max_hp_gain":0,"max_hp_loss":0,"event_name":"Shining Light","floor":8,"gold_loss":0,"cards_upgraded":["Defend_B","Dualcast"]},{"damage_healed":0,"gold_gain":0,"player_choice":"Paid Gold","damage_taken":0,"relics_obtained":["Juzu Bracelet"],"max_hp_gain":0,"max_hp_loss":0,"event_name":"WeMeetAgain","floor":12,"gold_loss":53},{"damage_healed":0,"gold_gain":100,"player_choice":"Pray","damage_taken":0,"max_hp_gain":0,"max_hp_loss":0,"event_name":"Golden Shrine","floor":14,"gold_loss":0},{"damage_healed":0,"gold_gain":0,"player_choice":"Simplicity","damage_taken":0,"max_hp_gain":0,"max_hp_loss":0,"event_name":"Back to Basics","floor":19,"gold_loss":0,"cards_upgraded":["Strike_B","Strike_B","Defend_B","Defend_B","Defend_B"]},{"damage_healed":0,"gold_gain":0,"player_choice":"Ignored","damage_taken":0,"max_hp_gain":0,"max_hp_loss":0,"event_name":"Purifier","floor":20,"gold_loss":0},{"damage_healed":0,"gold_gain":0,"player_choice":"CARD CARD CARD ","damage_taken":32,"max_hp_gain":0,"max_hp_loss":0,"event_name":"Knowing Skull","floor":21,"potions_obtained":[],"gold_loss":0,"cards_obtained":["Purity","Flash of Steel","Panacea"]},{"damage_healed":0,"gold_gain":0,"player_choice":"Became a Ghost","damage_taken":0,"max_hp_gain":0,"max_hp_loss":41,"event_name":"Ghosts","floor":28,"gold_loss":0,"cards_obtained":["Ghostly","Ghostly","Ghostly","Ghostly","Ghostly"]},{"damage_healed":0,"gold_gain":0,"player_choice":"Joined the Cult","damage_taken":6,"max_hp_gain":0,"max_hp_loss":0,"event_name":"Nest","floor":31,"gold_loss":0,"cards_obtained":["RitualDagger"]}],"is_beta":true,"boss_relics":[{"not_picked":["Ectoplasm","Tiny House"],"picked":"Runic Pyramid"}],"items_purged_floors":[],"is_endless":false,"potions_floor_spawned":[2,5,11,13,24,30],"killed_by":"Automaton","ascension_level":0}