{"gold_per_floor":[109,109,120,9,9,35,48,48,48,48,59,59,59,26,26,101,101,115,145,145],"floor_reached":20,"playtime":1145,"items_purged":[],"score":351,"play_id":"a6be6f0d-727e-4939-94b0-b2ab83b6eadb","local_time":"20190414092740","is_ascension_mode":true,"campfire_choices":[{"data":"Inflame","floor":10,"key":"SMITH"},{"data":"Metallicize","floor":13,"key":"SMITH"},{"data":"Headbutt","floor":15,"key":"SMITH"}],"neow_cost":"NONE","seed_source_timestamp":314536540388801,"circlet_count":0,"master_deck":["AscendersBane","Strike_R","Strike_R","Strike_R","Strike_R","Defend_R","Defend_R","Defend_R","Defend_R","Bash+1","Metallicize+1","Headbutt+1","Shrug It Off","Shrug It Off","Inflame+1","Dropkick","Demon Form","Shrug It Off","Twin Strike"],"relics":["Burning Blood","NeowsBlessing","Matryoshka","Bottled Flame","The Courier","Velvet Choker","Red Mask"],"potions_floor_usage":[18,19],"damage_taken":[{"damage":0,"enemies":"Small Slimes","floor":1,"turns":2},{"damage":0,"enemies":"Cultist","floor":3,"turns":1},{"damage":0,"enemies":"3 Sentries","floor":6,"turns":2},{"damage":0,"enemies":"Jaw Worm","floor":7,"turns":4},{"damage":6,"enemies":"Exordium Thugs","floor":11,"turns":5},{"damage":19,"enemies":"The Guardian","floor":16,"turns":13},{"damage":18,"enemies":"2 Thieves","floor":18,"turns":4},{"damage":59,"enemies":"Masked Bandits","floor":19,"turns":7},{"damage":0,"enemies":"Colosseum Slavers","floor":20,"turns":1}],"seed_played":"4971017558252097042","potions_obtained":[{"floor":1,"key":"GamblersBrew"},{"floor":3,"key":"SpeedPotion"},{"floor":18,"key":"SkillPotion"},{"floor":19,"key":"Ancient Potion"}],"is_trial":false,"path_per_floor":["M","?","M","$","?","E","M","$","T","R","M","$","R","$","R","B",null,"M","?","?"],"character_chosen":"IRONCLAD","items_purchased":["Headbutt","Shrug It Off","Dropkick"],"campfire_rested":0,"item_purchase_floors":[4,4,14],"current_hp_per_floor":[74,74,75,75,75,75,75,75,75,75,75,75,75,75,75,62,72,60,7,7],"gold":145,"neow_bonus":"THREE_ENEMY_KILL","is_prod":false,"is_daily":false,"chose_seed":false,"campfire_upgraded":3,"win_rate":0,"timestamp":1555248460,"path_taken":["M","?","M","?","?","E","M","$","T","R","?","$","R","?","R","BOSS","M","?","?"],"build_version":"2019-01-23","purchased_purges":0,"victory":false,"max_hp_per_floor":[75,75,75,75,75,75,75,75,75,75,75,75,75,75,75,75,75,75,75,75],"card_choices":[{"not_picked":["Havoc","Battle Trance"],"picked":"Metallicize","floor":1},{"not_picked":["Dual Wield","Intimidate","Entrench"],"picked":"SKIP","floor":3},{"not_picked":["Reckless Charge","Flex"],"picked":"Shrug It Off","floor":6},{"not_picked":["Entrench","Body Slam"],"picked":"Inflame","floor":7},{"not_picked":["Clash","Perfected Strike","Warcry"],"picked":"SKIP","floor":11},{"not_picked":["Juggernaut","Feed"],"picked":"Demon Form","floor":16},{"not_picked":["Rupture","Havoc"],"picked":"Shrug It Off","floor":18},{"not_picked":["Armaments","Iron Wave"],"picked":"Twin Strike","floor":19}],"player_experience":283910,"relics_obtained":[{"floor":6,"key":"Matryoshka"},{"floor":9,"key":"Bottled Flame"},{"floor":9,"key":"The Courier"},{"floor":19,"key":"Red Mask"}],"event_choices":[{"cards_removed":["Strike_R"],"damage_healed":0,"gold_gain":0,"player_choice":"Purged","damage_taken":0,"max_hp_gain":0,"max_hp_loss":0,"event_name":"Purifier","floor":2,"gold_loss":0},{"damage_healed":0,"gold_gain":0,"player_choice":"Grow","damage_taken":0,"max_hp_gain":0,"max_hp_loss":0,"event_name":"Living Wall","floor":5,"gold_loss":0,"cards_upgraded":["Bash"]},{"damage_healed":0,"gold_gain":0,"player_choice":"Fought Bandits","damage_taken":0,"max_hp_gain":0,"max_hp_loss":0,"event_name":"Masked Bandits","floor":19,"gold_loss":0},{"damage_healed":0,"gold_gain":0,"player_choice":"Fight","damage_taken":0,"max_hp_gain":0,"max_hp_loss":0,"event_name":"Colosseum","floor":20,"gold_loss":0}],"is_beta":false,"boss_relics":[{"not_picked":["Orrery","Black Blood"],"picked":"Velvet Choker"}],"items_purged_floors":[],"is_endless":false,"potions_floor_spawned":[1,3,18,19],"killed_by":"Colosseum Slavers","ascension_level":16}