{"gold_per_floor":[118,135,155,37,57,82,82,95,95,122,122,122,152,38,38,116,116,132,312,324,336,336],"floor_reached":22,"playtime":3433,"items_purged":[],"score":402,"play_id":"0ad53279-80ae-4578-8664-a373a3f00786","local_time":"20190823215352","is_ascension_mode":true,"campfire_choices":[{"data":"Bash","floor":7.0,"key":"SMITH"},{"data":"Spot Weakness","floor":11.0,"key":"SMITH"},{"data":"Body Slam","floor":15.0,"key":"SMITH"}],"neow_cost":"NONE","seed_source_timestamp":0,"circlet_count":0,"master_deck":["AscendersBane","Strike_R","Strike_R","Strike_R","Strike_R","Defend_R+1","Defend_R","Defend_R","Defend_R","Bash+1","Twin Strike","Headbutt","Heavy Blade","Spot Weakness+1","Power Through","Corruption+1","Reaper","Clothesline","Reaper","Body Slam+1","Armaments","Feed","Cleave","Exhume","Feel No Pain"],"special_seed":0,"relics":["Burning Blood","Art of War","Kunai","WingedGreaves","Paper Frog","Lizard Tail"],"potions_floor_usage":[22],"damage_taken":[{"damage":6.0,"enemies":"Cultist","floor":1.0,"turns":3.0},{"damage":20.0,"enemies":"Small Slimes","floor":2.0,"turns":5.0},{"damage":9.0,"enemies":"Jaw Worm","floor":3.0,"turns":3.0},{"damage":6.0,"enemies":"3 Louse","floor":5.0,"turns":3.0},{"damage":30.0,"enemies":"Lagavulin","floor":6.0,"turns":7.0},{"damage":21.0,"enemies":"Lots of Slimes","floor":8.0,"turns":5.0},{"damage":6.0,"enemies":"Gremlin Nob","floor":10.0,"turns":3.0},{"damage":27.0,"enemies":"3 Sentries","floor":13.0,"turns":5.0},{"damage":38.0,"enemies":"Slime Boss","floor":16.0,"turns":10.0},{"damage":50.0,"enemies":"Shell Parasite","floor":18.0,"turns":5.0},{"damage":31.0,"enemies":"2 Thieves","floor":20.0,"turns":4.0},{"damage":68.0,"enemies":"Shelled Parasite and Fungi","floor":21.0,"turns":6.0},{"damage":52,"enemies":"Centurion and Healer","floor":22,"turns":5}],"seed_played":"6980594017477640204","potions_obtained":[{"floor":3.0,"key":"Energy Potion"},{"floor":5.0,"key":"Regen Potion"},{"floor":8.0,"key":"FearPotion"},{"floor":13.0,"key":"EssenceOfSteel"},{"floor":21,"key":"Fruit Juice"}],"is_trial":false,"path_per_floor":["M","M","M","$","M","E","R","M","T","E","R","?","E","$","R","B",null,"M","?","M","M","M"],"character_chosen":"IRONCLAD","items_purchased":["Power Through","Corruption","Armaments","SteroidPotion"],"campfire_rested":0,"item_purchase_floors":[4,4,14,14],"current_hp_per_floor":[68,54,51,51,51,52,52,52,52,52,52,29,60,60,60,67,73,53,32,23,15,0],"gold":336,"neow_bonus":"TRANSFORM_CARD","is_prod":false,"is_daily":false,"chose_seed":false,"campfire_upgraded":3,"win_rate":0,"timestamp":1566622432,"path_taken":["M","M","M","?","M","E","R","M","T","E","R","?","E","?","R","BOSS","M","?","M","?","M"],"build_version":"2019-07-17","purchased_purges":0,"victory":false,"max_hp_per_floor":[75,75,75,75,75,75,75,75,75,75,75,75,75,75,75,75,75,75,75,75,78,83],"card_choices":[{"not_picked":["Havoc","Burning Pact"],"picked":"Headbutt","floor":1.0},{"not_picked":["Flex","True Grit"],"picked":"Heavy Blade","floor":2.0},{"not_picked":["Cleave","True Grit"],"picked":"Spot Weakness","floor":3.0},{"not_picked":["Thunderclap","Carnage"],"picked":"Reaper","floor":5.0},{"not_picked":["Flex","Thunderclap","Havoc"],"picked":"SKIP","floor":6.0},{"not_picked":["Sword Boomerang","Headbutt"],"picked":"Clothesline","floor":8.0},{"not_picked":["Iron Wave","Perfected Strike"],"picked":"Reaper","floor":10.0},{"not_picked":["Bloodletting","Hemokinesis"],"picked":"Body Slam","floor":13.0},{"not_picked":["Berserk","Exhume"],"picked":"Feed","floor":16.0},{"not_picked":["Wild Strike","Armaments"],"picked":"Cleave","floor":18.0},{"not_picked":["Cleave+1","Power Through"],"picked":"Exhume","floor":20.0},{"not_picked":["Cleave+1","Carnage"],"picked":"Feel No Pain","floor":21}],"player_experience":651571,"relics_obtained":[{"floor":6.0,"key":"Art of War"},{"floor":9.0,"key":"Kunai"},{"floor":10.0,"key":"WingedGreaves"},{"floor":13.0,"key":"Paper Frog"}],"event_choices":[{"damage_healed":0.0,"max_hp_gain":0.0,"max_hp_loss":0.0,"gold_gain":0.0,"event_name":"Shining Light","player_choice":"Entered Light","floor":12.0,"gold_loss":0.0,"damage_taken":23.0,"cards_upgraded":["Defend_R","Corruption"]},{"damage_healed":0.0,"max_hp_gain":0.0,"max_hp_loss":0.0,"gold_gain":180.0,"event_name":"Knowing Skull","player_choice":"GOLD GOLD ","floor":19.0,"potions_obtained":[],"gold_loss":0.0,"damage_taken":21.0,"cards_obtained":[]}],"is_beta":false,"boss_relics":[{"not_picked":["Calling Bell","Runic Cube"],"picked":"Lizard Tail"}],"items_purged_floors":[],"is_endless":false,"potions_floor_spawned":[3,5,8,13,21],"killed_by":"Centurion and Healer","ascension_level":19}