{"gold_per_floor":[110,110,130,143,162,189,189,220,247,279,20,20,38,65,65,139,139,154,154,174,40,0,0,27,43,43,43,43,59,12,12,12,87,87,87,87,1086,1086,1098,1098,1112,1112,1112,1112,1123,651,665,665,665,665],"floor_reached":51,"playtime":3768,"items_purged":["Strike_R","Normality"],"score":1378,"play_id":"213660fa-5b8f-4583-9f3a-9d3b77b6a970","local_time":"20190506144721","is_ascension_mode":true,"campfire_choices":[{"data":"Bash","floor":7.0,"key":"SMITH"},{"floor":12.0,"key":"REST"},{"floor":15.0,"key":"REST"},{"data":"Feel No Pain","floor":23.0,"key":"SMITH"},{"floor":27.0,"key":"REST"},{"data":"Barricade","floor":32.0,"key":"SMITH"},{"data":"Body Slam","floor":40.0,"key":"SMITH"},{"floor":42.0,"key":"REST"},{"floor":49,"key":"REST"}],"neow_cost":"TEN_PERCENT_HP_LOSS","seed_source_timestamp":0,"circlet_count":0,"master_deck":["AscendersBane","Strike_R+1","Strike_R+1","Strike_R+1","Strike_R+1","Defend_R+1","Defend_R+1","Defend_R+1","Defend_R+1","Bash+1","Double Tap","Carnage+1","Feel No Pain","Metallicize","Battle Trance","Exhume","Twin Strike","Armaments","True Grit+1","Impervious+1","Havoc+1","Shrug It Off+1","Apotheosis+1","Feel No Pain+1","Barricade+1","Corruption+1","Disarm+1","Dual Wield+1","Body Slam+1","Impervious+1","Normality","Sentinel+1","Warcry+1","Dramatic Entrance","PanicButton+1"],"special_seed":0,"relics":["Burning Blood","StoneCalendar","Strawberry","War Paint","Anchor","Membership Card","Toxic Egg 2","Velvet Choker","Dodecahedron","Paper Frog","Lizard Tail","Blood Vial","FossilizedHelix","Pen Nib","Sling"],"potions_floor_usage":[50],"damage_taken":[{"damage":14.0,"enemies":"Jaw Worm","floor":1.0,"turns":5.0},{"damage":0.0,"enemies":"Cultist","floor":3.0,"turns":2.0},{"damage":1.0,"enemies":"2 Louse","floor":4.0,"turns":3.0},{"damage":11.0,"enemies":"2 Fungi Beasts","floor":5.0,"turns":5.0},{"damage":31.0,"enemies":"3 Sentries","floor":6.0,"turns":7.0},{"damage":24.0,"enemies":"Gremlin Nob","floor":8.0,"turns":4.0},{"damage":18.0,"enemies":"Lagavulin","floor":10.0,"turns":5.0},{"damage":0.0,"enemies":"Looter","floor":13.0,"turns":3.0},{"damage":26.0,"enemies":"Gremlin Nob","floor":14.0,"turns":4.0},{"damage":28.0,"enemies":"Slime Boss","floor":16.0,"turns":10.0},{"damage":0.0,"enemies":"3 Byrds","floor":18.0,"turns":3.0},{"damage":0.0,"enemies":"Shell Parasite","floor":20.0,"turns":7.0},{"damage":34.0,"enemies":"Slavers","floor":24.0,"turns":7.0},{"damage":8.0,"enemies":"Chosen and Byrds","floor":25.0,"turns":9.0},{"damage":0.0,"enemies":"Centurion and Healer","floor":29.0,"turns":8.0},{"damage":0.0,"enemies":"Collector","floor":33.0,"turns":7.0},{"damage":0.0,"enemies":"3 Darklings","floor":35.0,"turns":1.0},{"damage":0.0,"enemies":"3 Shapes","floor":39.0,"turns":7.0},{"damage":35.0,"enemies":"Writhing Mass","floor":41.0,"turns":7.0},{"damage":31.0,"enemies":"3 Darklings","floor":45.0,"turns":7.0},{"damage":58.0,"enemies":"Transient","floor":47.0,"turns":6.0},{"damage":28,"enemies":"Donu and Deca","floor":50,"turns":12}],"seed_played":"3469269890762478519","potions_obtained":[{"floor":1.0,"key":"LiquidBronze"},{"floor":5.0,"key":"AttackPotion"},{"floor":8.0,"key":"PowerPotion"},{"floor":13.0,"key":"Swift Potion"},{"floor":14.0,"key":"Ancient Potion"},{"floor":18.0,"key":"PowerPotion"},{"floor":24.0,"key":"SmokeBomb"},{"floor":39.0,"key":"Strength Potion"},{"floor":47,"key":"Fire Potion"}],"is_trial":false,"path_per_floor":["M","?","M","M","M","E","R","E","T","E","$","R","M","E","R","B",null,"M","?","M","$","?","R","E","M","T","R","?","M","$","?","R","B",null,"M","?","?","?","M","R","M","R","T","?","M","$","M","?","R","B",null],"character_chosen":"IRONCLAD","items_purchased":["Membership Card","Apotheosis+1","Feel No Pain","Dual Wield+1","Body Slam","FossilizedHelix","Pen Nib","PowerPotion","Sling","Warcry+1"],"campfire_rested":5,"item_purchase_floors":[11,21,21,30,30,46,46,46,46,46],"current_hp_per_floor":[60,60,66,68,63,38,38,27,27,15,15,37,43,23,45,23,62,68,68,74,74,74,74,46,44,44,66,66,72,72,72,72,75,75,75,75,75,71,71,71,42,63,63,63,40,40,41,36,57,37],"gold":665,"neow_bonus":"THREE_RARE_CARDS","is_prod":false,"is_daily":false,"chose_seed":false,"campfire_upgraded":4,"win_rate":0,"timestamp":1557168441,"path_taken":["M","?","M","M","M","E","R","E","T","E","?","R","?","E","R","BOSS","M","?","M","$","?","R","E","M","T","R","?","M","$","?","R","BOSS","M","?","?","?","M","R","M","R","T","?","M","$","M","?","R","BOSS"],"build_version":"2019-01-23","purchased_purges":2,"victory":true,"max_hp_per_floor":[68,68,68,68,68,68,68,75,75,75,75,75,75,75,75,75,75,75,75,75,75,75,75,75,75,75,75,75,75,75,75,75,75,75,75,75,75,71,71,71,71,71,71,71,71,71,71,71,71,71],"card_choices":[{"not_picked":["Limit Break","Exhume"],"picked":"Double Tap","floor":0.0},{"not_picked":["Feel No Pain","True Grit"],"picked":"Carnage","floor":1.0},{"not_picked":["True Grit","Twin Strike"],"picked":"Feel No Pain","floor":3.0},{"not_picked":["Clothesline","Searing Blow"],"picked":"Metallicize","floor":4.0},{"not_picked":["Cleave","Rupture","Sever Soul"],"picked":"SKIP","floor":5.0},{"not_picked":["Second Wind","Flame Barrier"],"picked":"Battle Trance","floor":6.0},{"not_picked":["Dark Embrace","Rupture"],"picked":"Exhume","floor":8.0},{"not_picked":["Clash","Double Tap"],"picked":"Twin Strike","floor":10.0},{"not_picked":["Intimidate","Headbutt"],"picked":"Armaments","floor":13.0},{"not_picked":["Combust","Blood for Blood"],"picked":"True Grit","floor":14.0},{"not_picked":["Fiend Fire","Exhume+1"],"picked":"Impervious+1","floor":16.0},{"not_picked":["Pommel Strike","Power Through+1"],"picked":"Havoc+1","floor":18.0},{"not_picked":["Pommel Strike","Twin Strike+1"],"picked":"Shrug It Off+1","floor":20.0},{"not_picked":["Spot Weakness+1","Clothesline"],"picked":"Barricade","floor":24.0},{"not_picked":["Pommel Strike","Metallicize"],"picked":"Corruption+1","floor":25.0},{"not_picked":["Cleave","Blood for Blood","Wild Strike"],"picked":"SKIP","floor":29.0},{"not_picked":["Brutality","Dark Embrace"],"picked":"Impervious+1","floor":33.0},{"not_picked":["Combust","Pommel Strike","Heavy Blade+1"],"picked":"SKIP","floor":39.0},{"not_picked":["Sword Boomerang","Hemokinesis","Twin Strike"],"picked":"SKIP","floor":41.0},{"not_picked":["Havoc+1","Second Wind+1"],"picked":"Sentinel+1","floor":45.0},{"not_picked":["Heavy Blade","Flex+1","Sever Soul+1"],"picked":"SKIP","floor":47},{"not_picked":["Swift Strike","Forethought+1"],"picked":"Dramatic Entrance","floor":48},{"not_picked":["HandOfGreed","Deep Breath+1"],"picked":"PanicButton+1","floor":48}],"player_experience":327164,"relics_obtained":[{"floor":6.0,"key":"StoneCalendar"},{"floor":8.0,"key":"Strawberry"},{"floor":9.0,"key":"War Paint"},{"floor":10.0,"key":"Anchor"},{"floor":14.0,"key":"Toxic Egg 2"},{"floor":24.0,"key":"Dodecahedron"},{"floor":26.0,"key":"Paper Frog"},{"floor":43.0,"key":"Blood Vial"}],"event_choices":[{"damage_healed":0.0,"max_hp_gain":0.0,"max_hp_loss":0.0,"gold_gain":0.0,"event_name":"Upgrade Shrine","player_choice":"Upgraded","floor":2.0,"gold_loss":0.0,"damage_taken":0.0,"cards_upgraded":["Carnage"]},{"damage_healed":0.0,"max_hp_gain":0.0,"max_hp_loss":0.0,"gold_gain":0.0,"event_name":"Back to Basics","player_choice":"Simplicity","floor":19.0,"gold_loss":0.0,"damage_taken":0.0,"cards_upgraded":["Strike_R","Strike_R","Strike_R","Strike_R","Defend_R","Defend_R"]},{"damage_healed":0.0,"max_hp_gain":0.0,"max_hp_loss":0.0,"gold_gain":0.0,"event_name":"Masked Bandits","player_choice":"Paid Fearfully","floor":22.0,"gold_loss":40.0,"damage_taken":0.0},{"damage_healed":0.0,"max_hp_gain":0.0,"max_hp_loss":0.0,"gold_gain":0.0,"event_name":"The Library","player_choice":"Read","floor":28.0,"gold_loss":0.0,"damage_taken":0.0,"cards_obtained":["Disarm"]},{"damage_healed":0.0,"max_hp_gain":0.0,"max_hp_loss":0.0,"gold_gain":0.0,"event_name":"Beggar","player_choice":"Ignored","floor":31.0,"gold_loss":0.0,"damage_taken":0.0},{"damage_healed":0.0,"max_hp_gain":0.0,"max_hp_loss":0.0,"gold_gain":0.0,"event_name":"Mysterious Sphere","player_choice":"Ignored","floor":36.0,"gold_loss":0.0,"damage_taken":0.0},{"damage_healed":0.0,"max_hp_gain":0.0,"max_hp_loss":0.0,"gold_gain":999.0,"event_name":"MindBloom","player_choice":"Gold","floor":37.0,"gold_loss":0.0,"damage_taken":0.0,"cards_obtained":["Normality","Normality"]},{"damage_healed":0.0,"max_hp_gain":0.0,"max_hp_loss":4.0,"gold_gain":0.0,"event_name":"Winding Halls","player_choice":"Max HP","floor":38.0,"gold_loss":0.0,"damage_taken":0.0},{"damage_healed":0.0,"max_hp_gain":0.0,"max_hp_loss":0.0,"gold_gain":0.0,"event_name":"Tomb of Lord Red Mask","player_choice":"Ignored","floor":44.0,"gold_loss":0.0,"damage_taken":0.0},{"damage_healed":0,"gold_gain":0,"player_choice":"Memory 2","damage_taken":5,"max_hp_gain":0,"max_hp_loss":0,"event_name":"SensoryStone","floor":48,"gold_loss":0}],"is_beta":false,"boss_relics":[{"not_picked":["Fusion Hammer","Pandora\u0027s Box"],"picked":"Velvet Choker"},{"not_picked":["Black Blood","White Beast Statue"],"picked":"Lizard Tail"}],"items_purged_floors":[11,46],"is_endless":false,"potions_floor_spawned":[1,5,8,13,14,16,18,24,29,39,45,47],"ascension_level":17}