{"gold_per_floor":[114,19,39,39,39,39,55,55,55,116,116,141,152,67,67,166,166,177,30,30,47,64,64,78,78,78,78,58,58,75,88,88,185,185,201,201,201,219,235,235,235],"floor_reached":41,"playtime":979,"items_purged":[],"score":634,"play_id":"ccbed462-d753-46df-ba61-5952de282525","local_time":"20190305131423","is_ascension_mode":true,"campfire_choices":[{"data":"Bash","floor":6,"key":"SMITH"},{"data":"Rupture","floor":15,"key":"SMITH"},{"data":"True Grit","floor":23,"key":"SMITH"},{"data":"Disarm","floor":25,"key":"SMITH"},{"floor":32,"key":"REST"},{"data":"Warcry","floor":40,"key":"SMITH"}],"neow_cost":"NONE","seed_source_timestamp":1241789249238970,"circlet_count":0,"master_deck":["AscendersBane","Strike_R","Strike_R","Strike_R","Strike_R","Strike_R","Defend_R","Defend_R","Defend_R","Defend_R","Bash+1","Inflame+1","Trip","Anger","Uppercut","Infernal Blade","Pain","Rupture+1","Combust","Pummel","Sword Boomerang","Reaper","True Grit+1","Disarm+1","Rupture+1","Offering","Twin Strike","Immolate","Warcry+1","Enlightenment+1","Rage","Parasite","Heavy Blade"],"relics":["Burning Blood","NeowsBlessing","Gremlin Horn","Meat on the Bone","Ornamental Fan","WarpedTongs","Pear","Runic Cube","Strawberry","Ice Cream","Philosopher\u0027s Stone"],"potions_floor_usage":[10,21,21,29,31,33],"damage_taken":[{"damage":0,"enemies":"Small Slimes","floor":1,"turns":1},{"damage":0,"enemies":"Jaw Worm","floor":3,"turns":1},{"damage":0,"enemies":"2 Louse","floor":7,"turns":1},{"damage":35,"enemies":"3 Sentries","floor":10,"turns":7},{"damage":27,"enemies":"Lagavulin","floor":12,"turns":6},{"damage":6,"enemies":"Exordium Thugs","floor":13,"turns":3},{"damage":36,"enemies":"Hexaghost","floor":16,"turns":6},{"damage":10,"enemies":"Chosen","floor":18,"turns":3},{"damage":9,"enemies":"2 Thieves","floor":21,"turns":3},{"damage":20,"enemies":"Chosen and Byrds","floor":22,"turns":5},{"damage":33,"enemies":"3 Cultists","floor":24,"turns":5},{"damage":0,"enemies":"Snake Plant","floor":29,"turns":1},{"damage":33,"enemies":"Snecko","floor":30,"turns":5},{"damage":27,"enemies":"3 Cultists","floor":31,"turns":4},{"damage":71,"enemies":"Champ","floor":33,"turns":6},{"damage":32,"enemies":"Orb Walker","floor":35,"turns":4},{"damage":27,"enemies":"3 Shapes","floor":38,"turns":3},{"damage":24,"enemies":"Writhing Mass","floor":39,"turns":3},{"damage":69,"enemies":"Nemesis","floor":41,"turns":4}],"seed_played":"-5755617424895916570","potions_obtained":[{"floor":1,"key":"PowerPotion"},{"floor":7,"key":"Energy Potion"},{"floor":12,"key":"FearPotion"},{"floor":16,"key":"AttackPotion"},{"floor":24,"key":"Explosive Potion"},{"floor":28,"key":"SmokeBomb"},{"floor":31,"key":"SteroidPotion"},{"floor":39,"key":"Fire Potion"}],"is_trial":false,"path_per_floor":["M","$","M","?","?","R","M","T","T","?","?","E","M","$","R","B",null,"M","$","?","M","M","R","M","R","T","?","?","M","M","M","R","B",null,"M","?","?","M","M","R","E"],"character_chosen":"IRONCLAD","items_purchased":["Trip","Pummel","Sword Boomerang","Strawberry"],"campfire_rested":1,"item_purchase_floors":[2,14,14,19],"current_hp_per_floor":[78,78,80,85,85,85,85,85,85,56,56,57,57,57,57,39,81,77,84,84,81,71,71,58,58,58,37,37,55,55,58,90,37,90,77,77,77,68,62,62,0],"gold":235,"neow_bonus":"THREE_ENEMY_KILL","is_prod":false,"is_daily":false,"chose_seed":false,"campfire_upgraded":5,"win_rate":0,"timestamp":1551809663,"path_taken":["M","$","M","?","?","R","?","?","T","?","?","E","M","$","R","BOSS","M","$","?","M","M","R","M","R","T","?","?","?","M","M","R","BOSS","M","?","?","?","M","R","E"],"build_version":"2019-01-23","purchased_purges":0,"victory":false,"max_hp_per_floor":[80,80,80,85,85,85,85,85,85,85,85,95,95,95,95,95,95,95,102,102,102,102,102,102,102,102,107,107,107,107,107,107,107,107,107,107,107,107,107,107,107],"card_choices":[{"not_picked":["Body Slam","Heavy Blade"],"picked":"Inflame","floor":1},{"not_picked":["Rupture","Second Wind"],"picked":"Anger","floor":3},{"not_picked":["Cleave","Sword Boomerang"],"picked":"Uppercut","floor":7},{"not_picked":["Searing Blow","Wild Strike"],"picked":"Infernal Blade","floor":10},{"not_picked":["Power Through","Fiend Fire"],"picked":"Rupture","floor":12},{"not_picked":["Headbutt","Clothesline"],"picked":"Combust","floor":13},{"not_picked":["Juggernaut","Brutality"],"picked":"Reaper","floor":16},{"not_picked":["Flex","Uppercut"],"picked":"True Grit","floor":18},{"not_picked":["Wild Strike+1","Anger"],"picked":"Disarm","floor":21},{"not_picked":["Pommel Strike","Flex","Anger"],"picked":"SKIP","floor":22},{"not_picked":["Corruption","Thunderclap+1"],"picked":"Rupture+1","floor":24},{"not_picked":["Wild Strike","Sword Boomerang"],"picked":"Offering","floor":30},{"not_picked":["Wild Strike+1","Sentinel"],"picked":"Twin Strike","floor":31},{"not_picked":["Dark Embrace","Barricade"],"picked":"Immolate","floor":33},{"not_picked":["Clash+1","True Grit"],"picked":"Warcry","floor":35},{"not_picked":["Secret Technique","Dramatic Entrance"],"picked":"Enlightenment","floor":36},{"not_picked":["Searing Blow+1","Clothesline"],"picked":"Rage","floor":38},{"not_picked":["Anger+1","True Grit+1"],"picked":"Heavy Blade","floor":39}],"player_experience":174523,"relics_obtained":[{"floor":8,"key":"Gremlin Horn"},{"floor":9,"key":"Meat on the Bone"},{"floor":10,"key":"Ornamental Fan"},{"floor":12,"key":"Pear"},{"floor":26,"key":"Ice Cream"}],"event_choices":[{"damage_healed":0,"gold_gain":0,"player_choice":"Donut","damage_taken":0,"max_hp_gain":5,"max_hp_loss":0,"event_name":"Big Fish","floor":4,"gold_loss":0},{"damage_healed":0,"gold_gain":0,"player_choice":"Grow","damage_taken":0,"max_hp_gain":0,"max_hp_loss":0,"event_name":"Living Wall","floor":5,"gold_loss":0,"cards_upgraded":["Inflame"]},{"damage_healed":0,"gold_gain":30,"player_choice":"Searched \u00272\u0027 times","damage_taken":0,"max_hp_gain":0,"max_hp_loss":0,"event_name":"Dead Adventurer","floor":10,"gold_loss":0},{"damage_healed":0,"gold_gain":0,"player_choice":"Rummage","damage_taken":0,"relics_obtained":["WarpedTongs"],"max_hp_gain":0,"max_hp_loss":0,"event_name":"Accursed Blacksmith","floor":11,"gold_loss":0,"cards_obtained":["Pain"]},{"damage_healed":0,"gold_gain":0,"player_choice":"Ignored","damage_taken":0,"max_hp_gain":0,"max_hp_loss":0,"event_name":"Beggar","floor":20,"gold_loss":0},{"damage_healed":0,"gold_gain":0,"player_choice":"Shed Blood","damage_taken":26,"max_hp_gain":5,"max_hp_loss":0,"event_name":"Forgotten Altar","floor":27,"gold_loss":0},{"damage_healed":0,"gold_gain":0,"player_choice":"Bought 1 Potion","damage_taken":0,"max_hp_gain":0,"max_hp_loss":0,"event_name":"The Woman in Blue","floor":28,"gold_loss":0},{"damage_healed":0,"gold_gain":0,"player_choice":"Memory 1","damage_taken":0,"max_hp_gain":0,"max_hp_loss":0,"event_name":"SensoryStone","floor":36,"gold_loss":0},{"damage_healed":0,"gold_gain":0,"player_choice":"Upgraded","damage_taken":0,"max_hp_gain":0,"max_hp_loss":0,"event_name":"Upgrade Shrine","floor":37,"gold_loss":0,"cards_upgraded":["Enlightenment"]}],"is_beta":false,"boss_relics":[{"not_picked":["Sozu","Snecko Eye"],"picked":"Runic Cube"},{"not_picked":["Pandora\u0027s Box","Lizard Tail"],"picked":"Philosopher\u0027s Stone"}],"items_purged_floors":[],"is_endless":false,"potions_floor_spawned":[1,7,12,13,16,18,24,31,39],"killed_by":"Nemesis","ascension_level":11}