{"gold_per_floor":[112,124,124,138,138,138,181,196,196,196,217,235,73,148,148,279,279,302,302,322,97,107,107,120,137,137,212,212],"floor_reached":28,"playtime":1144,"items_purged":["Strike_B"],"score":255,"play_id":"a7c62e06-a0f5-48df-a899-b86e68922fa1","local_time":"20190818032943","is_ascension_mode":true,"campfire_choices":[{"data":"Go for the Eyes","floor":6,"key":"SMITH"},{"floor":10,"key":"REST"},{"floor":15,"key":"REST"},{"floor":23,"key":"REST"}],"neow_cost":"NONE","seed_source_timestamp":60390441231623,"circlet_count":0,"master_deck":["Strike_B","Strike_B","Defend_B","Defend_B","Defend_B","Defend_B","Zap","Dualcast","Go for the Eyes+1","FTL","Beam Cell","Go for the Eyes","Conserve Battery","Steam Power","All For One","Turbo","Chill","Double Energy+1","Redo","Streamline"],"relics":["Cracked Core","NeowsBlessing","Bloody Idol","Orichalcum","Vajra","Inserter","Anchor","Letter Opener"],"potions_floor_usage":[16,25,28],"damage_taken":[{"damage":0,"enemies":"Small Slimes","floor":1,"turns":1},{"damage":0,"enemies":"Jaw Worm","floor":2,"turns":1},{"damage":0,"enemies":"Cultist","floor":4,"turns":1},{"damage":32,"enemies":"3 Sentries","floor":7,"turns":8},{"damage":0,"enemies":"Exordium Wildlife","floor":8,"turns":3},{"damage":1,"enemies":"2 Fungi Beasts","floor":11,"turns":2},{"damage":16,"enemies":"3 Louse","floor":12,"turns":3},{"damage":13,"enemies":"Hexaghost","floor":16,"turns":9},{"damage":13,"enemies":"3 Byrds","floor":18,"turns":6},{"damage":22,"enemies":"Shell Parasite","floor":20,"turns":6},{"damage":26,"enemies":"Sentry and Sphere","floor":22,"turns":6},{"damage":4,"enemies":"Cultist and Chosen","floor":24,"turns":6},{"damage":26,"enemies":"Chosen and Byrds","floor":25,"turns":9},{"damage":27,"enemies":"Shelled Parasite and Fungi","floor":28,"turns":3}],"seed_played":"-5877064410430262084","potions_obtained":[{"floor":1,"key":"Ancient Potion"},{"floor":7,"key":"SteroidPotion"},{"floor":18,"key":"Energy Potion"},{"floor":20,"key":"Energy Potion"},{"floor":22,"key":"Block Potion"}],"is_trial":false,"path_per_floor":["M","M","?","M","?","R","E","M","T","R","M","M","$","?","R","B",null,"M","?","M","$","M","R","M","M","T","?","M"],"character_chosen":"DEFECT","items_purchased":["All For One","Anchor"],"campfire_rested":3,"item_purchase_floors":[13,21],"current_hp_per_floor":[75,75,57,57,50,50,18,18,18,40,39,23,23,12,34,21,75,62,62,45,45,24,46,47,26,26,24,0],"gold":212,"neow_bonus":"THREE_ENEMY_KILL","is_prod":false,"is_daily":false,"chose_seed":false,"campfire_upgraded":1,"win_rate":0,"timestamp":1566066583,"path_taken":["M","M","?","M","?","R","E","?","T","R","M","?","$","?","R","BOSS","M","?","M","$","M","R","M","M","T","?","?"],"build_version":"2019-07-17","purchased_purges":1,"victory":false,"max_hp_per_floor":[75,75,75,75,75,75,75,75,75,75,75,75,75,75,75,75,75,75,75,75,75,75,75,75,75,75,75,75],"card_choices":[{"not_picked":["Undo","Scrape"],"picked":"Go for the Eyes","floor":1},{"not_picked":["Sunder","Steam"],"picked":"FTL","floor":2},{"not_picked":["Force Field","Lockon"],"picked":"Beam Cell","floor":4},{"not_picked":["Redo","Skim"],"picked":"Go for the Eyes","floor":7},{"not_picked":["Compile Driver","Ball Lightning","Barrage"],"picked":"SKIP","floor":8},{"not_picked":["Steam","Capacitor"],"picked":"Conserve Battery","floor":11},{"not_picked":["Sweeping Beam","Ball Lightning"],"picked":"Steam Power","floor":12},{"not_picked":["Leap","Compile Driver+1"],"picked":"Turbo","floor":18},{"not_picked":["Aggregate","Tempest"],"picked":"Chill","floor":20},{"not_picked":["Go for the Eyes","Compile Driver+1"],"picked":"Double Energy+1","floor":22},{"not_picked":["Compile Driver","Ball Lightning"],"picked":"Redo","floor":24},{"not_picked":["BootSequence","Meteor Strike"],"picked":"Streamline","floor":25}],"player_experience":168303,"relics_obtained":[{"floor":7,"key":"Orichalcum"},{"floor":9,"key":"Vajra"},{"floor":26,"key":"Letter Opener"}],"event_choices":[{"damage_healed":0,"gold_gain":0,"player_choice":"Take Damage","damage_taken":18,"relics_obtained":["Golden Idol"],"max_hp_gain":0,"max_hp_loss":0,"event_name":"Golden Idol","floor":3,"gold_loss":0},{"cards_removed":["Strike_B"],"damage_healed":0,"gold_gain":0,"player_choice":"Card Removal","damage_taken":7,"max_hp_gain":0,"max_hp_loss":0,"event_name":"Golden Wing","floor":5,"gold_loss":0},{"damage_healed":0,"gold_gain":75,"player_choice":"Gather Gold","damage_taken":11,"max_hp_gain":0,"max_hp_loss":0,"event_name":"World of Goop","floor":14,"gold_loss":0},{"damage_healed":0,"gold_gain":0,"player_choice":"Gave Idol","damage_taken":0,"relics_obtained":["Bloody Idol"],"max_hp_gain":0,"max_hp_loss":0,"event_name":"Forgotten Altar","floor":19,"relics_lost":["Golden Idol"],"gold_loss":0},{"damage_healed":0,"gold_gain":75,"player_choice":"Touch","damage_taken":7,"max_hp_gain":0,"max_hp_loss":0,"event_name":"FaceTrader","floor":27,"gold_loss":0}],"is_beta":false,"boss_relics":[{"not_picked":["Busted Crown","Fusion Hammer"],"picked":"Inserter"}],"items_purged_floors":[21],"is_endless":false,"potions_floor_spawned":[1,7,18,20,22],"killed_by":"Shelled Parasite and Fungi","ascension_level":3}