{"gold_per_floor":[369,369,381,21,37,37,72,72,98,28,28,40,40,54,54,157,157,174,193,9,9,25,25,25,25,50,65,80,179,179,199,199,300,300,313,325,341,52,65,65,65,76,76,76,76,104,104,124,124,124],"floor_reached":51,"playtime":3971,"items_purged":["Strike_G","Strike_G"],"score":687,"play_id":"8253f6a4-78cd-4a72-9750-0f245c9c78b8","local_time":"20190813220202","is_ascension_mode":true,"campfire_choices":[{"data":"Neutralize","floor":6,"key":"SMITH"},{"floor":8,"key":"REST"},{"data":"Bullet Time","floor":11,"key":"SMITH"},{"data":"Noxious Fumes","floor":13,"key":"SMITH"},{"data":"Dash","floor":15,"key":"SMITH"},{"data":"Night Terror","floor":23,"key":"SMITH"},{"data":"Dagger Spray","floor":25,"key":"SMITH"},{"floor":30,"key":"REST"},{"floor":32,"key":"REST"},{"data":"Catalyst","floor":40,"key":"SMITH"},{"floor":45,"key":"REST"},{"floor":49,"key":"REST"}],"neow_cost":"PERCENT_DAMAGE","seed_source_timestamp":20549389774630,"circlet_count":0,"master_deck":["Strike_G+1","Defend_G+1","Defend_G+1","Defend_G+1","Defend_G+1","Survivor","Neutralize+1","Dash+1","Acrobatics","Distraction","Bullet Time+1","Noxious Fumes+1","PiercingWail","Bane","Night Terror+1","Dagger Spray+1","Caltrops","Finesse","Dagger Throw+1","Dodge and Roll","Dodge and Roll","Footwork+1","Tools of the Trade","Outmaneuver","Catalyst+1","Footwork+1","The Bomb","Prepared+1"],"relics":["Ring of the Snake","Tough Bandages","Strawberry","Vajra","Lizard Tail","Potion Belt","Busted Crown","Paper Crane","Letter Opener","Pen Nib"],"potions_floor_usage":[16,19,19,37,42,46,48,50,50],"damage_taken":[{"damage":0,"enemies":"2 Louse","floor":1,"turns":4},{"damage":0,"enemies":"Cultist","floor":3,"turns":4},{"damage":0,"enemies":"Small Slimes","floor":5,"turns":5},{"damage":41,"enemies":"Gremlin Nob","floor":7,"turns":8},{"damage":0,"enemies":"Red Slaver","floor":12,"turns":3},{"damage":2,"enemies":"Large Slime","floor":14,"turns":6},{"damage":18,"enemies":"Slime Boss","floor":16,"turns":12},{"damage":13,"enemies":"Spheric Guardian","floor":18,"turns":5},{"damage":1,"enemies":"Chosen","floor":19,"turns":6},{"damage":13,"enemies":"Centurion and Healer","floor":22,"turns":8},{"damage":15,"enemies":"Cultist and Chosen","floor":27,"turns":7},{"damage":17,"enemies":"3 Cultists","floor":28,"turns":6},{"damage":0,"enemies":"Shelled Parasite and Fungi","floor":31,"turns":9},{"damage":17,"enemies":"Champ","floor":33,"turns":19},{"damage":9,"enemies":"3 Darklings","floor":35,"turns":5},{"damage":0,"enemies":"3 Shapes","floor":36,"turns":7},{"damage":0,"enemies":"3 Darklings","floor":37,"turns":5},{"damage":25,"enemies":"Transient","floor":39,"turns":5},{"damage":26,"enemies":"Sphere and 2 Shapes","floor":42,"turns":7},{"damage":5,"enemies":"Giant Head","floor":46,"turns":7},{"damage":6,"enemies":"Spire Growth","floor":48,"turns":5},{"damage":31,"enemies":"Time Eater","floor":50,"turns":14}],"seed_played":"-5454836983476895144","potions_obtained":[{"floor":7,"key":"Weak Potion"},{"floor":12,"key":"SpeedPotion"},{"floor":18,"key":"SkillPotion"},{"floor":27,"key":"Ancient Potion"},{"floor":31,"key":"Fire Potion"},{"floor":35,"key":"LiquidBronze"},{"floor":36,"key":"Swift Potion"},{"floor":42,"key":"Energy Potion"},{"floor":46,"key":"Regen Potion"}],"is_trial":false,"path_per_floor":["M","?","M","$","M","R","E","R","T","$","R","M","R","M","R","B",null,"M","M","$","?","M","R","?","R","T","M","M","?","R","M","R","B",null,"M","M","M","$","M","R","?","M","T","?","R","E","?","M","R","B",null],"character_chosen":"THE_SILENT","items_purchased":["Tough Bandages","Noxious Fumes","Finesse","Footwork","Paper Crane"],"campfire_rested":5,"item_purchase_floors":[4,10,20,38,38],"current_hp_per_floor":[49,49,49,49,49,49,15,38,38,38,38,38,38,36,36,18,77,64,63,63,63,50,50,50,50,50,35,18,18,41,41,64,47,77,68,68,68,68,43,43,43,17,17,17,40,35,35,43,66,35],"gold":124,"neow_bonus":"TWO_FIFTY_GOLD","is_prod":false,"is_daily":false,"chose_seed":false,"campfire_upgraded":7,"win_rate":0,"timestamp":1565701322,"path_taken":["M","?","M","$","M","R","E","R","T","$","R","?","R","M","R","BOSS","M","M","$","?","M","R","?","R","T","?","M","?","R","M","R","BOSS","M","M","M","$","M","R","?","M","T","?","R","E","?","M","R","BOSS"],"build_version":"2019-07-17","purchased_purges":2,"victory":true,"max_hp_per_floor":[70,70,70,70,70,70,77,77,77,77,77,77,77,77,77,77,77,77,77,77,77,77,77,77,77,77,77,77,77,77,77,77,77,77,77,77,77,77,77,77,77,77,77,77,77,77,77,77,77,77],"card_choices":[{"not_picked":["Prepared","Dodge and Roll"],"picked":"Dash","floor":1},{"not_picked":["Terror","Slice"],"picked":"Acrobatics","floor":3},{"not_picked":["Deflect","Slice"],"picked":"Distraction","floor":5},{"not_picked":["Outmaneuver","Slice"],"picked":"Bullet Time","floor":7},{"not_picked":["Acrobatics","Prepared"],"picked":"PiercingWail","floor":12},{"not_picked":["Riddle With Holes","Skewer"],"picked":"Bane","floor":14},{"not_picked":["Doppelganger","Corpse Explosion"],"picked":"Night Terror","floor":16},{"not_picked":["Masterful Stab","Flechettes"],"picked":"Dagger Spray","floor":18},{"not_picked":["Backflip+1","Blade Dance"],"picked":"Caltrops","floor":19},{"not_picked":["Riddle With Holes","Caltrops+1"],"picked":"Dagger Throw+1","floor":22},{"not_picked":["Noxious Fumes","Backflip"],"picked":"Dodge and Roll","floor":27},{"not_picked":["All Out Attack","Blade Dance"],"picked":"Dodge and Roll","floor":28},{"not_picked":["Slice","Masterful Stab+1"],"picked":"Footwork+1","floor":31},{"not_picked":["After Image","A Thousand Cuts"],"picked":"Tools of the Trade","floor":33},{"not_picked":[],"picked":"Outmaneuver","floor":35},{"not_picked":[],"picked":"Catalyst","floor":36},{"not_picked":["Sucker Punch"],"picked":"SKIP","floor":37},{"not_picked":["Flying Knee"],"picked":"SKIP","floor":39},{"not_picked":["Dodge and Roll"],"picked":"SKIP","floor":42},{"not_picked":[],"picked":"The Bomb","floor":44},{"not_picked":[],"picked":"Prepared+1","floor":46},{"not_picked":["Distraction+1"],"picked":"SKIP","floor":48}],"player_experience":94665,"relics_obtained":[{"floor":7,"key":"Strawberry"},{"floor":9,"key":"Vajra"},{"floor":26,"key":"Potion Belt"},{"floor":43,"key":"Letter Opener"},{"floor":46,"key":"Pen Nib"}],"event_choices":[{"cards_removed":["Strike_G"],"damage_healed":0,"gold_gain":0,"player_choice":"Offered Basic","damage_taken":0,"max_hp_gain":0,"max_hp_loss":0,"event_name":"Bonfire Elementals","floor":2,"gold_loss":0},{"damage_healed":0,"gold_gain":0,"player_choice":"Simplicity","damage_taken":0,"max_hp_gain":0,"max_hp_loss":0,"event_name":"Back to Basics","floor":21,"gold_loss":0,"cards_upgraded":["Strike_G","Strike_G","Defend_G","Defend_G","Defend_G","Defend_G","Defend_G"]},{"cards_removed":["Strike_G"],"damage_healed":0,"gold_gain":0,"player_choice":"Card Removal","damage_taken":0,"max_hp_gain":0,"max_hp_loss":0,"event_name":"Wheel of Change","floor":24,"gold_loss":0},{"damage_healed":0,"gold_gain":99,"player_choice":"Stole From Cult","damage_taken":0,"max_hp_gain":0,"max_hp_loss":0,"event_name":"Nest","floor":29,"gold_loss":0},{"cards_removed":["Defend_G"],"damage_healed":0,"gold_gain":0,"player_choice":"Removed Skill","damage_taken":0,"max_hp_gain":0,"max_hp_loss":0,"event_name":"Falling","floor":41,"gold_loss":0},{"damage_healed":0,"gold_gain":0,"player_choice":"Memory 1","damage_taken":0,"max_hp_gain":0,"max_hp_loss":0,"event_name":"SensoryStone","floor":44,"gold_loss":0},{"damage_healed":0,"gold_gain":0,"player_choice":"Upgraded","damage_taken":0,"max_hp_gain":0,"max_hp_loss":0,"event_name":"Upgrade Shrine","floor":47,"gold_loss":0,"cards_upgraded":["Footwork"]}],"is_beta":false,"boss_relics":[{"not_picked":["Cursed Key","Philosopher\u0027s Stone"],"picked":"Lizard Tail"},{"not_picked":["Runic Dome","Coffee Dripper"],"picked":"Busted Crown"}],"items_purged_floors":[4,20],"is_endless":false,"potions_floor_spawned":[7,12,18,27,31,35,36,42,46],"ascension_level":1}