{"gold_per_floor":[118,218,28,38,53,85,160,175,199,216,216,249,277,27,27,125,125,142,6,25,38,38],"floor_reached":22,"playtime":586,"items_purged":[],"score":245,"play_id":"4e182396-17bb-4a7b-a83c-ba828420a4a6","local_time":"20190213122530","is_ascension_mode":true,"campfire_choices":[{"data":"Body Slam","floor":11,"key":"SMITH"},{"floor":15,"key":"REST"}],"neow_cost":"NONE","seed_source_timestamp":595125796181728,"circlet_count":0,"master_deck":["Strike_R","Strike_R","Strike_R","Strike_R","Strike_R","Defend_R","Defend_R","Defend_R","Defend_R","Bash","Pommel Strike","Feel No Pain","Body Slam+1","Juggernaut","Shrug It Off","Demon Form","Juggernaut","Pummel+1","Bandage Up","Iron Wave+1","Twin Strike+1"],"relics":["Burning Blood","NeowsBlessing","Oddly Smooth Stone","Strawberry","Blood Vial","Lantern","Odd Mushroom","Molten Egg 2","Mark of Pain"],"potions_floor_usage":[6,12,16,21,22],"damage_taken":[{"damage":0,"enemies":"Small Slimes","floor":1,"turns":1},{"damage":0,"enemies":"Cultist","floor":4,"turns":1},{"damage":0,"enemies":"2 Louse","floor":5,"turns":1},{"damage":32,"enemies":"Gremlin Nob","floor":6,"turns":4},{"damage":10,"enemies":"Looter","floor":8,"turns":3},{"damage":16,"enemies":"Blue Slaver","floor":10,"turns":4},{"damage":10,"enemies":"3 Sentries","floor":12,"turns":6},{"damage":31,"enemies":"The Mushroom Lair","floor":13,"turns":5},{"damage":34,"enemies":"Slime Boss","floor":16,"turns":10},{"damage":32,"enemies":"3 Byrds","floor":18,"turns":7},{"damage":28,"enemies":"Shell Parasite","floor":20,"turns":4},{"damage":31,"enemies":"Centurion and Healer","floor":21,"turns":7},{"damage":23,"enemies":"Snake Plant","floor":22,"turns":3}],"seed_played":"-4157032687041296710","potions_obtained":[{"floor":5,"key":"Poison Potion"},{"floor":10,"key":"EssenceOfSteel"},{"floor":12,"key":"EssenceOfSteel"},{"floor":16,"key":"Ancient Potion"},{"floor":20,"key":"BloodPotion"}],"is_trial":false,"path_per_floor":["M","?","$","M","M","E","?","M","T","M","R","E","?","$","R","B",null,"M","$","M","M","M"],"character_chosen":"IRONCLAD","items_purchased":["Oddly Smooth Stone","Feel No Pain","Molten Egg 2","Bandage Up","Dexterity Potion"],"campfire_rested":1,"item_purchase_floors":[3,3,14,19,19],"current_hp_per_floor":[80,80,80,80,80,61,50,46,46,38,38,36,13,13,39,13,69,45,45,29,18,0],"gold":38,"neow_bonus":"THREE_ENEMY_KILL","is_prod":false,"is_daily":false,"chose_seed":false,"campfire_upgraded":1,"win_rate":0,"timestamp":1550078730,"path_taken":["M","?","$","?","M","E","?","M","T","M","R","E","?","$","R","BOSS","M","$","M","M","M"],"build_version":"2019-01-23","purchased_purges":0,"victory":false,"max_hp_per_floor":[80,80,80,80,80,87,87,87,87,87,87,87,87,87,87,87,87,87,87,87,87,87],"card_choices":[{"not_picked":["Searing Blow","Heavy Blade"],"picked":"Pommel Strike","floor":1},{"not_picked":["Armaments","Second Wind"],"picked":"Body Slam","floor":4},{"not_picked":["Headbutt","Iron Wave","Heavy Blade"],"picked":"SKIP","floor":5},{"not_picked":["Intimidate","Second Wind"],"picked":"Juggernaut","floor":6},{"not_picked":["Perfected Strike","Burning Pact","Cleave"],"picked":"SKIP","floor":8},{"not_picked":["Wild Strike","Headbutt"],"picked":"Shrug It Off","floor":10},{"not_picked":["Heavy Blade","Pommel Strike","Thunderclap"],"picked":"SKIP","floor":12},{"not_picked":["Flex","Havoc"],"picked":"Demon Form","floor":13},{"not_picked":["Dark Embrace","Bludgeon+1"],"picked":"Juggernaut","floor":16},{"not_picked":["Perfected Strike+1","Cleave+1"],"picked":"Pummel+1","floor":18},{"not_picked":["Twin Strike+1","Headbutt+1"],"picked":"Iron Wave+1","floor":20},{"not_picked":["Warcry","Clash+1"],"picked":"Twin Strike+1","floor":21}],"player_experience":60019,"relics_obtained":[{"floor":6,"key":"Strawberry"},{"floor":9,"key":"Blood Vial"},{"floor":12,"key":"Lantern"},{"floor":13,"key":"Odd Mushroom"}],"event_choices":[{"damage_healed":0,"gold_gain":100,"player_choice":"Pray","damage_taken":0,"max_hp_gain":0,"max_hp_loss":0,"event_name":"Golden Shrine","floor":2,"gold_loss":0},{"damage_healed":0,"gold_gain":75,"player_choice":"Gather Gold","damage_taken":11,"max_hp_gain":0,"max_hp_loss":0,"event_name":"World of Goop","floor":7,"gold_loss":0},{"damage_healed":0,"gold_gain":0,"player_choice":"Fought Mushrooms","damage_taken":0,"max_hp_gain":0,"max_hp_loss":0,"event_name":"Mushrooms","floor":13,"gold_loss":0}],"is_beta":false,"boss_relics":[{"not_picked":["Calling Bell","Coffee Dripper"],"picked":"Mark of Pain"}],"items_purged_floors":[],"is_endless":false,"potions_floor_spawned":[5,10,12,16,20],"killed_by":"Snake Plant","ascension_level":5}