{"gold_per_floor":[114,130,130,21,21,21,34,60,84,84,96,96,112,112],"floor_reached":14,"playtime":528,"items_purged":[],"score":180,"play_id":"6ddc3848-afd5-4790-8df7-78c38e67d956","local_time":"20190315025503","is_ascension_mode":true,"campfire_choices":[{"data":"Defragment","floor":6,"key":"SMITH"},{"floor":10,"key":"REST"},{"floor":12,"key":"REST"}],"neow_cost":"NONE","seed_source_timestamp":126596792326887,"circlet_count":0,"master_deck":["AscendersBane","Strike_B","Strike_B","Strike_B","Strike_B","Defend_B","Defend_B+1","Defend_B+1","Defend_B+1","Zap","Dualcast","Defragment+1","Genetic Algorithm+1","Ball Lightning","Coolheaded","Hologram","Defragment","Self Repair","Glacier"],"relics":["Cracked Core","Pen Nib","War Paint"],"potions_floor_usage":[8,13],"damage_taken":[{"damage":1,"enemies":"Cultist","floor":1,"turns":3},{"damage":12,"enemies":"Small Slimes","floor":2,"turns":4},{"damage":6,"enemies":"Jaw Worm","floor":7,"turns":3},{"damage":12,"enemies":"Lagavulin","floor":8,"turns":5},{"damage":32,"enemies":"Gremlin Gang","floor":11,"turns":5},{"damage":8,"enemies":"Exordium Thugs","floor":13,"turns":5},{"damage":22,"enemies":"Gremlin Nob","floor":14,"turns":3}],"seed_played":"-3957450012518127985","potions_obtained":[{"floor":1,"key":"Energy Potion"},{"floor":11,"key":"SkillPotion"}],"is_trial":false,"path_per_floor":["M","M","?","$","$","R","M","E","T","R","M","R","M","E"],"character_chosen":"DEFECT","items_purchased":["Ball Lightning","Coolheaded"],"campfire_rested":2,"item_purchase_floors":[4,4],"current_hp_per_floor":[63,51,30,30,30,30,24,12,12,33,1,22,21,0],"gold":112,"neow_bonus":"RANDOM_COMMON_RELIC","is_prod":false,"is_daily":false,"chose_seed":false,"campfire_upgraded":1,"win_rate":0,"timestamp":1552643703,"path_taken":["M","?","?","?","$","R","M","E","T","R","M","R","M","E"],"build_version":"2019-02-06","purchased_purges":0,"victory":false,"max_hp_per_floor":[71,71,71,71,71,71,71,71,71,71,71,71,71,71],"card_choices":[{"not_picked":["Blizzard","Steam"],"picked":"Defragment","floor":1},{"not_picked":["Sweeping Beam","Turbo"],"picked":"Genetic Algorithm","floor":2},{"not_picked":["Rebound","Compile Driver"],"picked":"Hologram","floor":7},{"not_picked":["Beam Cell","Scrape"],"picked":"Defragment","floor":8},{"not_picked":["Hologram","Redo"],"picked":"Self Repair","floor":11},{"not_picked":["Cold Snap","Coolheaded"],"picked":"Glacier","floor":13}],"player_experience":2785352,"relics_obtained":[{"floor":8,"key":"War Paint"}],"event_choices":[{"damage_healed":0,"gold_gain":0,"player_choice":"Entered Light","damage_taken":21,"max_hp_gain":0,"max_hp_loss":0,"event_name":"Shining Light","floor":3,"gold_loss":0,"cards_upgraded":["Defend_B","Genetic Algorithm"]}],"is_beta":true,"boss_relics":[],"items_purged_floors":[],"is_endless":false,"potions_floor_spawned":[1,11],"killed_by":"Gremlin Nob","ascension_level":20}