{"gold_per_floor":[118,118,193,193,47,76,76,91,91,91,111,124,157,157,157,157],"floor_reached":16,"playtime":527,"items_purged":[],"score":216,"play_id":"9fedf1e4-73e9-4da5-8d49-b8a5be122354","local_time":"20190821223607","is_ascension_mode":true,"campfire_choices":[{"floor":7,"key":"REST"},{"floor":10,"key":"REST"},{"data":"Discovery","floor":15,"key":"SMITH"}],"neow_cost":"NONE","seed_source_timestamp":546696182513908,"circlet_count":0,"master_deck":["AscendersBane","Strike_B","Strike_B","Strike_B","Defend_B","Defend_B","Defend_B","Defend_B","Zap","Dualcast","Cold Snap","Discovery+1","Blizzard","Conserve Battery","Seek","Lockon","Gash","Self Repair+1"],"relics":["Cracked Core","Omamori","Centennial Puzzle","Letter Opener","Frozen Egg 2","Gremlin Horn","Golden Idol"],"potions_floor_usage":[6],"damage_taken":[{"damage":2,"enemies":"2 Louse","floor":1,"turns":3},{"damage":32,"enemies":"Gremlin Nob","floor":6,"turns":4},{"damage":0,"enemies":"Jaw Worm","floor":8,"turns":3},{"damage":3,"enemies":"Small Slimes","floor":11,"turns":2},{"damage":9,"enemies":"2 Fungi Beasts","floor":12,"turns":4},{"damage":21,"enemies":"Lagavulin","floor":13,"turns":6},{"damage":12,"enemies":"Hexaghost","floor":16,"turns":9}],"seed_played":"-487506977974047406","potions_obtained":[{"floor":1,"key":"Poison Potion"}],"is_trial":false,"path_per_floor":["M","?","?","?","$","E","R","M","T","R","M","M","E","?","R","B"],"character_chosen":"DEFECT","items_purchased":["Discovery","Blizzard"],"campfire_rested":2,"item_purchase_floors":[5,5],"current_hp_per_floor":[62,51,40,33,33,1,22,22,22,43,40,31,10,10,10,0],"gold":157,"neow_bonus":"RANDOM_COMMON_RELIC","is_prod":false,"is_daily":false,"chose_seed":false,"campfire_upgraded":1,"win_rate":0,"timestamp":1566452167,"path_taken":["M","?","?","?","?","E","R","M","T","R","M","M","E","?","R","BOSS"],"build_version":"2019-08-15","purchased_purges":0,"victory":false,"max_hp_per_floor":[71,71,71,71,71,71,71,71,71,71,71,71,71,64,64,64],"card_choices":[{"not_picked":["Barrage","Conserve Battery"],"picked":"Cold Snap","floor":1},{"not_picked":["Tempest","Rebound"],"picked":"Conserve Battery","floor":6},{"not_picked":["Redo","Doom and Gloom"],"picked":"Seek","floor":8},{"not_picked":["Sweeping Beam","Consume"],"picked":"Lockon","floor":11},{"not_picked":["Barrage","Steam Power"],"picked":"Gash","floor":12},{"not_picked":["Leap","Heatsinks+1"],"picked":"Self Repair+1","floor":13}],"player_experience":3032182,"relics_obtained":[{"floor":6,"key":"Letter Opener"},{"floor":9,"key":"Frozen Egg 2"},{"floor":13,"key":"Gremlin Horn"}],"event_choices":[{"damage_healed":0,"gold_gain":0,"player_choice":"Success","damage_taken":11,"relics_obtained":["Centennial Puzzle"],"max_hp_gain":0,"max_hp_loss":0,"event_name":"Scrap Ooze","floor":2,"gold_loss":0},{"damage_healed":0,"gold_gain":75,"player_choice":"Gather Gold","damage_taken":11,"max_hp_gain":0,"max_hp_loss":0,"event_name":"World of Goop","floor":3,"gold_loss":0},{"cards_removed":["Strike_B"],"damage_healed":0,"gold_gain":0,"player_choice":"Card Removal","damage_taken":7,"max_hp_gain":0,"max_hp_loss":0,"event_name":"Golden Wing","floor":4,"gold_loss":0},{"damage_healed":0,"gold_gain":0,"player_choice":"Lose Max HP","damage_taken":0,"relics_obtained":["Golden Idol"],"max_hp_gain":0,"max_hp_loss":7,"event_name":"Golden Idol","floor":14,"gold_loss":0}],"is_beta":true,"boss_relics":[],"items_purged_floors":[],"is_endless":false,"potions_floor_spawned":[1],"killed_by":"Hexaghost","ascension_level":20}