{"gold_per_floor":[109,124,136,136,150,150,160,160,187,262,262,277,304,229,229,229],"floor_reached":16,"playtime":533,"items_purged":["Strike_B"],"score":204,"play_id":"ec3b262a-9971-47a7-9e9b-374a5f0a3059","local_time":"20190808221159","is_ascension_mode":true,"campfire_choices":[{"data":"Loop","floor":6,"key":"SMITH"},{"floor":8,"key":"REST"},{"data":"Zap","floor":11,"key":"SMITH"},{"data":"Hologram","floor":15,"key":"SMITH"}],"neow_cost":"NONE","seed_source_timestamp":585617879678353,"circlet_count":0,"master_deck":["AscendersBane","Strike_B","Strike_B","Strike_B","Defend_B","Defend_B","Defend_B","Defend_B","Zap+1","Dualcast","Ball Lightning+1","Coolheaded+1","Glacier","Loop+1","Hologram+1","Core Surge","Gash","Rebound"],"relics":["Cracked Core","Dream Catcher","Oddly Smooth Stone","Regal Pillow"],"potions_floor_usage":[5,13,16],"damage_taken":[{"damage":3,"enemies":"Small Slimes","floor":1,"turns":4},{"damage":0,"enemies":"2 Louse","floor":2,"turns":1},{"damage":0,"enemies":"Cultist","floor":3,"turns":3},{"damage":5,"enemies":"Lots of Slimes","floor":5,"turns":5},{"damage":15,"enemies":"Large Slime","floor":7,"turns":5},{"damage":2,"enemies":"Exordium Thugs","floor":12,"turns":4},{"damage":2,"enemies":"Lagavulin","floor":13,"turns":7},{"damage":41,"enemies":"Hexaghost","floor":16,"turns":11}],"seed_played":"4072933159109203141","potions_obtained":[{"floor":2,"key":"SkillPotion"},{"floor":3,"key":"Strength Potion"},{"floor":7,"key":"Explosive Potion"},{"floor":13,"key":"Regen Potion"}],"is_trial":false,"path_per_floor":["M","M","M","?","M","R","M","R","T","?","R","M","E","$","R","B"],"character_chosen":"DEFECT","items_purchased":[],"campfire_rested":1,"item_purchase_floors":[],"current_hp_per_floor":[61,61,61,40,35,35,20,41,41,30,30,28,26,26,26,0],"gold":229,"neow_bonus":"RANDOM_COMMON_RELIC","is_prod":false,"is_daily":false,"chose_seed":false,"campfire_upgraded":3,"win_rate":0,"timestamp":1565327519,"path_taken":["M","M","M","?","M","R","M","R","T","?","R","M","E","$","R","BOSS"],"build_version":"2019-07-18","purchased_purges":1,"victory":false,"max_hp_per_floor":[71,71,71,71,71,71,71,71,71,71,71,71,71,71,71,71],"card_choices":[{"not_picked":["Compile Driver","Sunder"],"picked":"Ball Lightning","floor":1},{"not_picked":["Turbo","Tempest"],"picked":"Coolheaded","floor":2},{"not_picked":["Stack","Auto Shields"],"picked":"Glacier","floor":3},{"not_picked":["Heatsinks","Aggregate"],"picked":"Loop","floor":5},{"not_picked":["Compile Driver","Rebound"],"picked":"Hologram","floor":7},{"not_picked":["BootSequence","Hologram"],"picked":"Core Surge","floor":8},{"not_picked":["Stack","Aggregate"],"picked":"Gash","floor":12},{"not_picked":["Beam Cell","Static Discharge"],"picked":"Rebound","floor":13}],"player_experience":2904285,"relics_obtained":[{"floor":9,"key":"Oddly Smooth Stone"},{"floor":13,"key":"Regal Pillow"}],"event_choices":[{"damage_healed":0,"gold_gain":0,"player_choice":"Entered Light","damage_taken":21,"max_hp_gain":0,"max_hp_loss":0,"event_name":"Shining Light","floor":4,"gold_loss":0,"cards_upgraded":["Ball Lightning","Coolheaded"]},{"damage_healed":0,"gold_gain":75,"player_choice":"Gather Gold","damage_taken":11,"max_hp_gain":0,"max_hp_loss":0,"event_name":"World of Goop","floor":10,"gold_loss":0}],"is_beta":true,"boss_relics":[],"items_purged_floors":[14],"is_endless":false,"potions_floor_spawned":[2,3,7,13],"killed_by":"Hexaghost","ascension_level":20}