{"gold_per_floor":[118,47,122,122,122,148,161,196,196,196,228,228,245,265,265,339,339,350,370,399,449,467,467,483,502,502,502,4,39,39,39,39,116,116,135,154,154,166,166,193,193,193,218,230,20,20,30,40,40,40],"floor_reached":51,"playtime":2287,"items_purged":["Writhe"],"score":1239,"play_id":"aa352609-87c1-4b65-8e4b-c1b6287aef6a","local_time":"20190411134735","is_ascension_mode":true,"campfire_choices":[{"floor":10.0,"key":"REST"},{"data":"Immolate","floor":12.0,"key":"SMITH"},{"data":"Metallicize","floor":15.0,"key":"SMITH"},{"floor":23,"key":"REST"},{"floor":30,"key":"REST"},{"data":"Barricade","floor":32,"key":"SMITH"},{"floor":42,"key":"REST"},{"data":"Juggernaut","floor":46,"key":"SMITH"},{"data":"Armaments","floor":49,"key":"SMITH"}],"neow_cost":"NONE","seed_source_timestamp":0,"circlet_count":0,"master_deck":["AscendersBane","Strike_R","Strike_R","Strike_R","Strike_R","Defend_R","Defend_R","Defend_R","Bash+1","Battle Trance","Whirlwind+1","Immolate+1","Ghostly Armor","Impervious","Metallicize+1","Barricade+1","Metallicize","Iron Wave","Juggernaut+1","Metallicize+1","Dark Shackles","Limit Break","Armaments+1","Iron Wave+1","True Grit+1"],"special_seed":0,"relics":["Burning Blood","Shuriken","The Courier","Singing Bowl","Incense Burner","Black Star","Red Mask","Happy Flower","Ornamental Fan","DollysMirror","Pear","Boot","Du-Vu Doll","Darkstone Periapt","Velvet Choker","Bottled Tornado","Red Skull","Vajra","Self Forming Clay"],"potions_floor_usage":[18,19,24,29,29,36,36,40,47],"damage_taken":[{"damage":9.0,"enemies":"Jaw Worm","floor":1.0,"turns":4.0},{"damage":25.0,"enemies":"3 Sentries","floor":6.0,"turns":5.0},{"damage":0.0,"enemies":"2 Louse","floor":7.0,"turns":1.0},{"damage":25.0,"enemies":"Lagavulin","floor":8.0,"turns":6.0},{"damage":10.0,"enemies":"3 Sentries","floor":11.0,"turns":3.0},{"damage":0.0,"enemies":"Small Slimes","floor":13.0,"turns":2.0},{"damage":0.0,"enemies":"Exordium Wildlife","floor":14.0,"turns":2.0},{"damage":17.0,"enemies":"The Guardian","floor":16.0,"turns":11.0},{"damage":0,"enemies":"3 Byrds","floor":18,"turns":4},{"damage":6,"enemies":"Shell Parasite","floor":19,"turns":11},{"damage":39,"enemies":"Masked Bandits","floor":20,"turns":3},{"damage":18,"enemies":"Sentry and Sphere","floor":22,"turns":10},{"damage":37,"enemies":"Shelled Parasite and Fungi","floor":24,"turns":11},{"damage":15,"enemies":"Cultist and Chosen","floor":25,"turns":6},{"damage":18,"enemies":"Gremlin Leader","floor":29,"turns":8},{"damage":7,"enemies":"Automaton","floor":33,"turns":14},{"damage":28,"enemies":"3 Darklings","floor":35,"turns":4},{"damage":0,"enemies":"3 Shapes","floor":36,"turns":3},{"damage":2,"enemies":"Jaw Worm Horde","floor":38,"turns":3},{"damage":24,"enemies":"Nemesis","floor":40,"turns":9},{"damage":0,"enemies":"Sphere and 2 Shapes","floor":44,"turns":6},{"damage":0,"enemies":"Transient","floor":47,"turns":5},{"damage":18,"enemies":"4 Shapes","floor":48,"turns":5},{"damage":2,"enemies":"Time Eater","floor":50,"turns":16}],"seed_played":"-5122535254772109148","potions_obtained":[{"floor":1.0,"key":"Swift Potion"},{"floor":13.0,"key":"PowerPotion"},{"floor":16.0,"key":"Weak Potion"},{"floor":20,"key":"Energy Potion"},{"floor":22,"key":"Fire Potion"},{"floor":25,"key":"AttackPotion"},{"floor":33,"key":"Explosive Potion"},{"floor":35,"key":"SkillPotion"},{"floor":38,"key":"Block Potion"},{"floor":40,"key":"AttackPotion"}],"is_trial":false,"path_per_floor":["M","$","?","?","?","E","M","E","T","R","E","R","M","M","R","B",null,"M","M","?","?","M","R","M","M","T","?","$","E","R","T","R","B",null,"M","M","?","M","?","E","?","R","T","M","$","R","M","M","R","B",null],"character_chosen":"IRONCLAD","items_purchased":["Whirlwind","DollysMirror","Pear","Dark Shackles","Self Forming Clay"],"campfire_rested":4,"item_purchase_floors":[2,28,28,28,45],"current_hp_per_floor":[65,65,54,47,47,28,34,15,15,37,33,33,39,47,47,36,67,73,75,42,42,32,56,25,18,18,18,28,18,46,46,46,45,83,63,71,71,77,77,59,59,89,89,95,95,95,103,93,93,97],"gold":40,"neow_bonus":"UPGRADE_CARD","is_prod":false,"is_daily":false,"chose_seed":false,"campfire_upgraded":5,"win_rate":0,"timestamp":1555004855,"path_taken":["M","$","?","?","?","E","M","E","T","R","E","R","M","?","R","BOSS","M","M","?","?","M","R","?","M","T","?","$","E","R","?","R","BOSS","M","M","?","?","?","E","?","R","T","M","$","R","M","M","R","BOSS"],"build_version":"2019-01-23","purchased_purges":1,"victory":true,"max_hp_per_floor":[75,75,75,75,75,75,75,75,75,75,75,75,75,77,77,77,77,77,79,79,79,81,81,81,83,83,83,93,95,95,95,95,95,95,97,99,99,101,101,101,101,101,101,101,101,101,103,105,105,105],"card_choices":[{"not_picked":["Headbutt","Anger"],"picked":"Battle Trance","floor":1.0},{"not_picked":["Dropkick","Corruption"],"picked":"Immolate","floor":6.0},{"not_picked":["Clothesline","Havoc"],"picked":"Ghostly Armor","floor":7.0},{"not_picked":["Clothesline","Rampage","Headbutt"],"picked":"SKIP","floor":8.0},{"not_picked":["Clothesline","Rampage","Headbutt"],"picked":"SKIP","floor":8.0},{"not_picked":["Clothesline","Second Wind"],"picked":"Impervious","floor":11.0},{"not_picked":["Ghostly Armor","Warcry"],"picked":"Metallicize","floor":13.0},{"not_picked":["Thunderclap","Uppercut","Clothesline"],"picked":"Singing Bowl","floor":14.0},{"not_picked":["Berserk","Exhume"],"picked":"Barricade","floor":16.0},{"not_picked":["Burning Pact","Twin Strike"],"picked":"Metallicize","floor":18},{"not_picked":["Sword Boomerang","Bloodletting","Hemokinesis"],"picked":"Singing Bowl","floor":19},{"not_picked":["Uppercut","Bloodletting"],"picked":"Iron Wave","floor":20},{"not_picked":["Anger","Havoc","Reckless Charge"],"picked":"Singing Bowl","floor":22},{"not_picked":["Thunderclap+1","Anger"],"picked":"Juggernaut","floor":24},{"not_picked":["Heavy Blade","Anger","Sword Boomerang"],"picked":"Singing Bowl","floor":25},{"not_picked":["Anger","Thunderclap","Iron Wave"],"picked":"Singing Bowl","floor":29},{"not_picked":["Exhume","Offering"],"picked":"Limit Break","floor":33},{"not_picked":["Headbutt+1","Carnage","Cleave"],"picked":"Singing Bowl","floor":35},{"not_picked":["Havoc","Pommel Strike+1","Headbutt+1"],"picked":"Singing Bowl","floor":36},{"not_picked":["Perfected Strike","Warcry","Uppercut"],"picked":"Singing Bowl","floor":38},{"not_picked":["Shockwave","Immolate"],"picked":"Iron Wave+1","floor":40},{"not_picked":["Iron Wave","Seeing Red"],"picked":"True Grit+1","floor":44},{"not_picked":["Pommel Strike","Wild Strike","Twin Strike"],"picked":"Singing Bowl","floor":47},{"not_picked":["Perfected Strike+1","Uppercut","Armaments"],"picked":"Singing Bowl","floor":48}],"player_experience":256724,"relics_obtained":[{"floor":6.0,"key":"Shuriken"},{"floor":8.0,"key":"The Courier"},{"floor":9.0,"key":"Singing Bowl"},{"floor":11.0,"key":"Incense Burner"},{"floor":20,"key":"Red Mask"},{"floor":26,"key":"Happy Flower"},{"floor":29,"key":"Boot"},{"floor":29,"key":"Du-Vu Doll"},{"floor":31,"key":"Darkstone Periapt"},{"floor":40,"key":"Bottled Tornado"},{"floor":40,"key":"Red Skull"},{"floor":43,"key":"Vajra"}],"event_choices":[{"damage_healed":0.0,"max_hp_gain":0.0,"max_hp_loss":0.0,"gold_gain":75.0,"event_name":"World of Goop","player_choice":"Gather Gold","floor":3.0,"gold_loss":0.0,"damage_taken":11.0},{"cards_removed":["Strike_R"],"damage_healed":0.0,"max_hp_gain":0.0,"max_hp_loss":0.0,"gold_gain":0.0,"event_name":"Golden Wing","player_choice":"Card Removal","floor":4.0,"gold_loss":0.0,"damage_taken":7.0},{"damage_healed":0.0,"max_hp_gain":0.0,"max_hp_loss":0.0,"gold_gain":0.0,"event_name":"Living Wall","player_choice":"Grow","floor":5.0,"gold_loss":0.0,"damage_taken":0.0,"cards_upgraded":["Whirlwind"]},{"damage_healed":0,"gold_gain":0,"player_choice":"Fought Bandits","damage_taken":0,"max_hp_gain":0,"max_hp_loss":0,"event_name":"Masked Bandits","floor":20,"gold_loss":0},{"damage_healed":0,"gold_gain":50,"player_choice":"Pray","damage_taken":0,"max_hp_gain":0,"max_hp_loss":0,"event_name":"Golden Shrine","floor":21,"gold_loss":0},{"damage_healed":0,"gold_gain":0,"player_choice":"Opened","damage_taken":0,"relics_obtained":["Ornamental Fan"],"max_hp_gain":0,"max_hp_loss":0,"event_name":"The Mausoleum","floor":27,"gold_loss":0,"cards_obtained":["Writhe"]},{"damage_healed":0,"gold_gain":0,"player_choice":"1 cards matched","damage_taken":0,"max_hp_gain":0,"max_hp_loss":0,"event_name":"Match and Keep!","floor":37,"gold_loss":0,"cards_obtained":["Armaments"]},{"damage_healed":0,"gold_gain":0,"player_choice":"Ignored","damage_taken":0,"max_hp_gain":0,"max_hp_loss":0,"event_name":"Mysterious Sphere","floor":39,"gold_loss":0},{"cards_removed":["Defend_R"],"damage_healed":0,"gold_gain":0,"player_choice":"Removed Skill","damage_taken":0,"max_hp_gain":0,"max_hp_loss":0,"event_name":"Falling","floor":41,"gold_loss":0}],"is_beta":false,"boss_relics":[{"not_picked":["Empty Cage","Eternal Feather"],"picked":"Black Star"},{"not_picked":["Philosopher\u0027s Stone","Coffee Dripper"],"picked":"Velvet Choker"}],"items_purged_floors":[28],"is_endless":false,"potions_floor_spawned":[1,13,16,20,22,25,33,35,38,40],"ascension_level":15}