{"gold_per_floor":[114,114,124,137,137,137,150,150,195,195,207,207,233,251,251,324,324,334,334,249,267,112,112,125,125,150,166,166,51,63,82,82,156,156,169,169,186,186,186],"floor_reached":39,"playtime":1617,"items_purged":["Strike_B"],"score":866,"play_id":"a35ced1c-461f-47d5-aaa0-0ee28a2e60f8","local_time":"20190821222551","is_ascension_mode":true,"campfire_choices":[{"floor":6,"key":"REST"},{"data":"Buffer","floor":8,"key":"SMITH"},{"data":"Defragment","floor":12,"key":"SMITH"},{"floor":15,"key":"REST"},{"data":"Defragment","floor":23,"key":"SMITH"},{"data":"Loop","floor":25,"key":"SMITH"},{"data":"Zap","floor":28,"key":"SMITH"},{"data":"Biased Cognition","floor":32,"key":"SMITH"}],"neow_cost":"NONE","seed_source_timestamp":544951044914437,"circlet_count":0,"master_deck":["AscendersBane","Strike_B","Strike_B","Strike_B","Defend_B","Defend_B","Defend_B","Defend_B","Zap+1","Dualcast","Dramatic Entrance","Defragment+1","Go for the Eyes","Loop+1","Buffer+1","Ball Lightning","Go for the Eyes","Coolheaded","Biased Cognition+1","Glacier","Cold Snap+1","Defragment+1","Compile Driver+1","Beam Cell+1","Coolheaded","Bandage Up","Ball Lightning","Leap","Buffer","Go for the Eyes+1"],"relics":["Cracked Core","Shuriken","Mercury Hourglass","Juzu Bracelet","Dodecahedron","Inserter","Bag of Marbles","Fusion Hammer"],"potions_floor_usage":[11,16,27,37,39],"damage_taken":[{"damage":0,"enemies":"Cultist","floor":1,"turns":3},{"damage":0,"enemies":"2 Louse","floor":3,"turns":2},{"damage":9,"enemies":"Jaw Worm","floor":4,"turns":3},{"damage":0,"enemies":"2 Fungi Beasts","floor":7,"turns":3},{"damage":12,"enemies":"Exordium Wildlife","floor":11,"turns":2},{"damage":23,"enemies":"Gremlin Nob","floor":13,"turns":5},{"damage":0,"enemies":"Blue Slaver","floor":14,"turns":3},{"damage":0,"enemies":"Slime Boss","floor":16,"turns":7},{"damage":16,"enemies":"Spheric Guardian","floor":18,"turns":5},{"damage":7,"enemies":"2 Thieves","floor":21,"turns":4},{"damage":0,"enemies":"Centurion and Healer","floor":24,"turns":7},{"damage":11,"enemies":"3 Cultists","floor":27,"turns":5},{"damage":3,"enemies":"Snecko","floor":30,"turns":6},{"damage":0,"enemies":"Chosen and Byrds","floor":31,"turns":6},{"damage":25,"enemies":"Champ","floor":33,"turns":11},{"damage":56,"enemies":"3 Darklings","floor":35,"turns":4},{"damage":3,"enemies":"Orb Walker","floor":37,"turns":3},{"damage":8,"enemies":"Spire Growth","floor":39,"turns":2}],"seed_played":"-2361371531819027874","potions_obtained":[{"floor":7,"key":"AttackPotion"},{"floor":13,"key":"PowerPotion"},{"floor":16,"key":"LiquidBronze"},{"floor":21,"key":"SkillPotion"},{"floor":27,"key":"EssenceOfSteel"},{"floor":30,"key":"SpeedPotion"}],"is_trial":false,"path_per_floor":["M","T","M","M","?","R","M","R","T","?","M","R","E","M","R","B",null,"M","?","?","M","$","R","M","R","T","M","R","$","M","M","R","B",null,"M","?","M","?","M"],"character_chosen":"DEFECT","items_purchased":["Defragment","Coolheaded","Bandage Up"],"campfire_rested":2,"item_purchase_floors":[22,29,29],"current_hp_per_floor":[64,64,64,55,10,31,31,31,31,54,42,42,19,19,40,40,63,47,61,61,54,54,54,54,54,54,43,43,43,40,44,44,23,59,7,7,8,8,0],"gold":186,"neow_bonus":"RANDOM_COLORLESS","is_prod":false,"is_daily":false,"chose_seed":false,"campfire_upgraded":6,"win_rate":0,"timestamp":1566451551,"path_taken":["M","?","M","?","?","R","M","R","T","?","M","R","E","M","R","BOSS","M","?","?","M","$","R","M","R","T","M","R","?","M","M","R","BOSS","M","?","M","?","M"],"build_version":"2019-08-15","purchased_purges":1,"victory":false,"max_hp_per_floor":[71,71,71,71,71,71,71,71,71,71,71,71,71,71,71,71,71,71,71,71,71,71,71,71,71,71,71,71,71,71,71,71,71,71,71,71,71,71,71],"card_choices":[{"not_picked":["Stack","Leap"],"picked":"Defragment","floor":1},{"not_picked":["Barrage","Beam Cell"],"picked":"Go for the Eyes","floor":3},{"not_picked":["Rip and Tear","Chill"],"picked":"Loop","floor":4},{"not_picked":["Redo","Hologram"],"picked":"Buffer","floor":7},{"not_picked":["Go for the Eyes","Redo"],"picked":"Ball Lightning","floor":11},{"not_picked":["Chaos","Scrape"],"picked":"Go for the Eyes","floor":13},{"not_picked":["Undo","Hello World"],"picked":"Coolheaded","floor":14},{"not_picked":["Amplify","Creative AI"],"picked":"Biased Cognition","floor":16},{"not_picked":["Genetic Algorithm","Streamline"],"picked":"Glacier","floor":18},{"not_picked":["Leap","Rebound"],"picked":"Cold Snap+1","floor":21},{"not_picked":["Auto Shields","Go for the Eyes"],"picked":"Compile Driver+1","floor":24},{"not_picked":["Go for the Eyes","BootSequence"],"picked":"Beam Cell+1","floor":27},{"not_picked":["Steam","Sweeping Beam"],"picked":"Ball Lightning","floor":30},{"not_picked":["Double Energy","Tempest"],"picked":"Leap","floor":31},{"not_picked":["Hyperbeam","Creative AI"],"picked":"Buffer","floor":33},{"not_picked":["Turbo","Sunder","Rebound"],"picked":"SKIP","floor":35},{"not_picked":["Conserve Battery","Coolheaded"],"picked":"Go for the Eyes+1","floor":37}],"player_experience":3030565,"relics_obtained":[{"floor":2,"key":"Shuriken"},{"floor":9,"key":"Juzu Bracelet"},{"floor":13,"key":"Dodecahedron"}],"event_choices":[{"damage_healed":0,"gold_gain":0,"player_choice":"Success","damage_taken":45,"relics_obtained":["Mercury Hourglass"],"max_hp_gain":0,"max_hp_loss":0,"event_name":"Scrap Ooze","floor":5,"gold_loss":0},{"damage_healed":23,"gold_gain":0,"player_choice":"Banana","damage_taken":0,"max_hp_gain":0,"max_hp_loss":0,"event_name":"Big Fish","floor":10,"gold_loss":0},{"damage_healed":14,"gold_gain":0,"player_choice":"Heal","damage_taken":0,"max_hp_gain":0,"max_hp_loss":0,"event_name":"The Library","floor":19,"gold_loss":0},{"damage_healed":0,"gold_gain":0,"player_choice":"Obtained Relic","damage_taken":0,"relics_obtained":["Bag of Marbles"],"max_hp_gain":0,"max_hp_loss":0,"event_name":"Addict","floor":20,"gold_loss":85},{"damage_healed":0,"gold_gain":0,"player_choice":"Ignored","damage_taken":0,"max_hp_gain":0,"max_hp_loss":0,"event_name":"SecretPortal","floor":36,"gold_loss":0},{"damage_healed":0,"gold_gain":0,"player_choice":"Ignored","damage_taken":0,"max_hp_gain":0,"max_hp_loss":0,"event_name":"Tomb of Lord Red Mask","floor":38,"gold_loss":0}],"is_beta":true,"boss_relics":[{"not_picked":["Ectoplasm","Sozu"],"picked":"Inserter"},{"not_picked":["Calling Bell","Velvet Choker"],"picked":"Fusion Hammer"}],"items_purged_floors":[22],"is_endless":false,"potions_floor_spawned":[7,13,16,21,27,30,31,35],"killed_by":"Spire Growth","ascension_level":20}