{"gold_per_floor":[114,126,47,47,47,107,119,119,142,170,190,222,237,251,251,251],"floor_reached":16,"playtime":409,"items_purged":[],"score":250,"play_id":"59db507e-3a79-4b9e-9d5f-683a1fdc66a3","local_time":"20190405232453","is_ascension_mode":true,"campfire_choices":[{"floor":15,"key":"REST"}],"neow_cost":"NONE","seed_source_timestamp":2007356843268969,"circlet_count":0,"master_deck":["AscendersBane","Strike_B","Strike_B","Strike_B","Strike_B","Defend_B","Defend_B","Defend_B","Defend_B","Zap","Dualcast","Ball Lightning","Defragment","White Noise","Ball Lightning","Chill","Core Surge","Chill","Chill","Heatsinks"],"relics":["Cracked Core","NeowsBlessing","Tiny Chest","Question Card","Dream Catcher","Boot","Anchor"],"potions_floor_usage":[12,12,14],"damage_taken":[{"damage":0,"enemies":"Cultist","floor":1,"turns":1},{"damage":0,"enemies":"2 Louse","floor":2,"turns":1},{"damage":0,"enemies":"Gremlin Nob","floor":6,"turns":1},{"damage":4,"enemies":"Jaw Worm","floor":7,"turns":3},{"damage":30,"enemies":"Lagavulin","floor":10,"turns":6},{"damage":7,"enemies":"Red Slaver","floor":11,"turns":3},{"damage":5,"enemies":"3 Sentries","floor":12,"turns":4},{"damage":0,"enemies":"3 Louse","floor":13,"turns":3},{"damage":10,"enemies":"Gremlin Gang","floor":14,"turns":3},{"damage":31,"enemies":"The Guardian","floor":16,"turns":9}],"seed_played":"3394604819319384734","potions_obtained":[{"floor":1,"key":"LiquidBronze"},{"floor":2,"key":"Explosive Potion"},{"floor":7,"key":"Explosive Potion"},{"floor":13,"key":"PowerPotion"}],"is_trial":false,"path_per_floor":["M","M","$","?","$","E","M","T","T","E","M","E","M","M","R","B"],"character_chosen":"DEFECT","items_purchased":["Defragment"],"campfire_rested":1,"item_purchase_floors":[3],"current_hp_per_floor":[64,64,64,64,64,64,60,60,60,30,23,18,18,8,29,0],"gold":251,"neow_bonus":"THREE_ENEMY_KILL","is_prod":false,"is_daily":false,"chose_seed":false,"campfire_upgraded":0,"win_rate":0,"timestamp":1554521093,"path_taken":["M","?","$","?","$","E","M","?","T","E","M","E","M","?","R","BOSS"],"build_version":"2019-01-23","purchased_purges":0,"victory":false,"max_hp_per_floor":[71,71,71,71,71,71,71,71,71,71,71,71,71,71,71,71],"card_choices":[{"not_picked":["Darkness","Beam Cell"],"picked":"Ball Lightning","floor":1},{"not_picked":["Melter","Compile Driver","Blizzard"],"picked":"SKIP","floor":2},{"not_picked":["Leap","Static Discharge"],"picked":"White Noise","floor":6},{"not_picked":["Cold Snap","Stack"],"picked":"Ball Lightning","floor":7},{"not_picked":["Chaos","Steam Power","FTL"],"picked":"Chill","floor":10},{"not_picked":["Genetic Algorithm","Go for the Eyes","Tempest"],"picked":"Core Surge","floor":11},{"not_picked":["Compile Driver","BootSequence","Barrage"],"picked":"Chill","floor":12},{"not_picked":["Redo","Go for the Eyes","Stack","Barrage"],"picked":"SKIP","floor":13},{"not_picked":["Conserve Battery","Force Field","Reinforced Body"],"picked":"Chill","floor":14},{"not_picked":["Auto Shields","Hologram","Go for the Eyes"],"picked":"Heatsinks","floor":15}],"player_experience":240233,"relics_obtained":[{"floor":6,"key":"Tiny Chest"},{"floor":8,"key":"Question Card"},{"floor":9,"key":"Dream Catcher"},{"floor":10,"key":"Boot"},{"floor":12,"key":"Anchor"}],"event_choices":[{"damage_healed":0,"gold_gain":0,"player_choice":"Leave","damage_taken":0,"max_hp_gain":0,"max_hp_loss":0,"event_name":"The Cleric","floor":4,"gold_loss":0}],"is_beta":false,"boss_relics":[],"items_purged_floors":[],"is_endless":false,"potions_floor_spawned":[1,2,7,11,13],"killed_by":"The Guardian","ascension_level":14}