{"gold_per_floor":[114,133,133,153,153,153,85,85,112,125,152,164,187,212,224,338,350,372,384,411,146,158,158,187,187,187,206,206,206,216,216,216,316,316,331,38,58,58,70,70,119,139,163,179,31,31,60,78,78,78],"floor_reached":51,"playtime":5960,"items_purged":["Shame","Writhe"],"score":699,"play_id":"e6d13ce9-7f06-4c84-92b0-e0e893df298b","local_time":"20181010030901","is_ascension_mode":false,"campfire_choices":[{"data":"Zap","floor":6,"key":"SMITH"},{"data":"Hologram","floor":8,"key":"SMITH"},{"data":"Dualcast","floor":12,"key":"SMITH"},{"data":"Conserve Battery","floor":15,"key":"SMITH"},{"floor":23,"key":"DIG"},{"floor":25,"key":"DIG"},{"floor":28,"key":"DIG"},{"floor":32,"key":"DIG"},{"floor":40,"key":"DIG"},{"floor":46,"key":"DIG"},{"data":"Apotheosis","floor":49,"key":"SMITH"}],"neow_cost":"","seed_source_timestamp":2287068627795432,"circlet_count":0,"master_deck":["Strike_B","Strike_B","Strike_B","Defend_B","Defend_B","Defend_B","Defend_B","Zap+1","Dualcast+1","Auto Shields","Leap","Cold Snap","Force Field","Hologram+1","Gash","Cold Snap","Conserve Battery+1","Ball Lightning","Rainbow","Decay","Shame","Echo Form","Self Repair+1","Apotheosis+1","Turbo","Seek","Double Energy+1","Ball Lightning","Loop","Electrodynamics","Stack+1","Defragment","Force Field+1","Fission","Stack+1","BootSequence","Go for the Eyes","Loop+1","Loop+1"],"relics":["Cracked Core","Centennial Puzzle","MawBank","Calling Bell","Lantern","Question Card","Shovel","Dodecahedron","Vajra","Blue Candle","Meat on the Bone","Bird Faced Urn","Symbiotic Virus","Boot","Cursed Key","Shuriken","Gremlin Horn","Turnip","Bronze Scales","Singing Bowl","Ancient Tea Set"],"potions_floor_usage":[13,24,24,30,39,50,50],"damage_taken":[{"damage":0,"enemies":"Small Slimes","floor":1,"turns":2},{"damage":0,"enemies":"Cultist","floor":2,"turns":3},{"damage":0,"enemies":"Jaw Worm","floor":4,"turns":4},{"damage":8,"enemies":"Red Slaver","floor":10,"turns":4},{"damage":9,"enemies":"3 Sentries","floor":11,"turns":8},{"damage":0,"enemies":"Gremlin Gang","floor":13,"turns":4},{"damage":0,"enemies":"Looter","floor":14,"turns":3},{"damage":18,"enemies":"Slime Boss","floor":16,"turns":12},{"damage":7,"enemies":"Shell Parasite","floor":18,"turns":6},{"damage":6,"enemies":"Chosen","floor":20,"turns":6},{"damage":11,"enemies":"Centurion and Healer","floor":22,"turns":12},{"damage":53,"enemies":"Gremlin Leader","floor":24,"turns":8},{"damage":9,"enemies":"Shelled Parasite and Fungi","floor":27,"turns":7},{"damage":2,"enemies":"Colosseum Slavers","floor":29,"turns":4},{"damage":14,"enemies":"Snake Plant","floor":30,"turns":5},{"damage":71,"enemies":"Collector","floor":33,"turns":10},{"damage":0,"enemies":"3 Shapes","floor":35,"turns":3},{"damage":0,"enemies":"Orb Walker","floor":37,"turns":4},{"damage":1,"enemies":"Jaw Worm Horde","floor":39,"turns":5},{"damage":20,"enemies":"Mysterious Sphere","floor":41,"turns":5},{"damage":7,"enemies":"4 Shapes","floor":42,"turns":5},{"damage":0,"enemies":"Maw","floor":44,"turns":7},{"damage":14,"enemies":"Giant Head","floor":47,"turns":12},{"damage":0,"enemies":"Reptomancer","floor":48,"turns":4},{"damage":28,"enemies":"Awakened One","floor":50,"turns":13}],"seed_played":"8084642216241312134","potions_obtained":[{"floor":1,"key":"Regen Potion"},{"floor":4,"key":"AttackPotion"},{"floor":14,"key":"Weak Potion"},{"floor":20,"key":"GamblersBrew"},{"floor":35,"key":"Poison Potion"},{"floor":41,"key":"Swift Potion"},{"floor":47,"key":"FairyPotion"},{"floor":48,"key":"SteroidPotion"}],"is_trial":false,"path_per_floor":["M","M","?","M","?","R","$","R","T","M","E","R","M","M","R","B",null,"M","T","M","$","M","R","E","R","T","M","R","?","M","?","R","B",null,"M","$","M","?","M","R","?","M","T","M","$","R","E","M","R","B"],"character_chosen":"DEFECT","items_purchased":["Hologram","Gash","Apotheosis","Defragment","Shuriken","Dexterity Potion"],"campfire_rested":0,"item_purchase_floors":[7,7,21,36,36,45],"current_hp_per_floor":[75,75,68,68,68,68,68,68,68,60,51,51,51,51,51,33,75,68,68,62,62,61,61,43,43,43,48,48,72,75,75,75,27,75,75,75,75,75,75,75,68,75,75,75,75,75,71,75,75,71],"gold":78,"neow_bonus":"","is_prod":false,"is_daily":false,"chose_seed":false,"campfire_upgraded":5,"win_rate":0,"timestamp":1539166141,"path_taken":["M","M","?","M","?","R","?","R","T","?","E","R","M","?","R","BOSS","M","?","M","$","M","R","E","R","T","M","R","?","M","?","R","BOSS","M","$","M","?","?","R","?","M","T","M","$","R","E","M","R","BOSS"],"build_version":"2018-10-08","purchased_purges":2,"victory":true,"max_hp_per_floor":[75,75,75,75,75,75,75,75,75,75,75,75,75,75,75,75,75,75,75,75,75,75,75,75,75,75,75,75,75,75,75,75,75,75,75,75,75,75,75,75,75,75,75,75,75,75,75,75,75,75],"card_choices":[{"not_picked":["Chaos","Lockon"],"picked":"Auto Shields","floor":1},{"not_picked":["Sweeping Beam","Recycle"],"picked":"Leap","floor":2},{"not_picked":["Darkness","Compile Driver"],"picked":"Cold Snap","floor":4},{"not_picked":["Sweeping Beam","Conserve Battery"],"picked":"Gash","floor":10},{"not_picked":["Meteor Strike","Double Energy"],"picked":"Cold Snap","floor":11},{"not_picked":["Rebound","Turbo"],"picked":"Conserve Battery","floor":13},{"not_picked":["Go for the Eyes","Heatsinks"],"picked":"Ball Lightning","floor":14},{"not_picked":["Multi-Cast","Amplify"],"picked":"Rainbow","floor":16},{"not_picked":["Steam+1","Coolheaded+1","Barrage"],"picked":"Echo Form","floor":18},{"not_picked":["Cold Snap","Steam+1","Melter"],"picked":"Self Repair+1","floor":20},{"not_picked":["Coolheaded","Static Discharge","Redo"],"picked":"Turbo","floor":22},{"not_picked":["Coolheaded","Hologram","Beam Cell+1"],"picked":"Seek","floor":24},{"not_picked":["Glacier","Hologram","Rebound+1"],"picked":"Double Energy+1","floor":27},{"not_picked":["Consume+1","Sweeping Beam","Coolheaded"],"picked":"Ball Lightning","floor":30},{"not_picked":["Core Surge","Buffer","Fission"],"picked":"Electrodynamics","floor":33},{"not_picked":["Steam+1","Beam Cell+1","Melter"],"picked":"Stack+1","floor":35},{"not_picked":["Cold Snap","Redo","Coolheaded"],"picked":"Force Field+1","floor":37},{"not_picked":["Tempest","Beam Cell","Hologram"],"picked":"Fission","floor":39},{"not_picked":["Coolheaded","Streamline+1","Undo+1"],"picked":"Stack+1","floor":41},{"not_picked":["Turbo","Sweeping Beam","Redo"],"picked":"BootSequence","floor":42},{"not_picked":["Streamline+1","Turbo","Steam Power"],"picked":"Go for the Eyes","floor":44},{"not_picked":["Creative AI","Hologram","Streamline+1"],"picked":"Loop+1","floor":47},{"not_picked":["Go for the Eyes+1","Hologram","Redo+1"],"picked":"Loop+1","floor":48}],"player_experience":2504620,"relics_obtained":[{"floor":9,"key":"Centennial Puzzle"},{"floor":11,"key":"MawBank"},{"floor":17,"key":"Lantern"},{"floor":17,"key":"Question Card"},{"floor":17,"key":"Shovel"},{"floor":19,"key":"Dodecahedron"},{"floor":23,"key":"Vajra"},{"floor":24,"key":"Blue Candle"},{"floor":25,"key":"Meat on the Bone"},{"floor":26,"key":"Bird Faced Urn"},{"floor":28,"key":"Symbiotic Virus"},{"floor":32,"key":"Boot"},{"floor":40,"key":"Gremlin Horn"},{"floor":41,"key":"Turnip"},{"floor":43,"key":"Bronze Scales"},{"floor":46,"key":"Singing Bowl"},{"floor":47,"key":"Ancient Tea Set"}],"event_choices":[{"event_name":"Wheel of Change","player_choice":"Damage","floor":3,"damage_taken":0},{"event_name":"Transmorgrifier","player_choice":"Transform","floor":5,"damage_taken":0},{"event_name":"Colosseum","player_choice":"Fight","floor":29,"damage_taken":0},{"event_name":"Colosseum","player_choice":"Fled From Nobs","floor":29,"damage_taken":0},{"event_name":"The Library","player_choice":"Read","floor":31,"damage_taken":0},{"event_name":"Falling","player_choice":"Removed Attack","floor":38,"damage_taken":0},{"event_name":"Mysterious Sphere","player_choice":"Fight","floor":41,"damage_taken":0}],"is_beta":true,"boss_relics":[{"not_picked":["Black Star","Velvet Choker"],"picked":"Calling Bell"},{"not_picked":["Sozu","Runic Dome"],"picked":"Cursed Key"}],"items_purged_floors":[21,45],"is_endless":false,"potions_floor_spawned":[1,4,14,20,29,35,41,47,48],"ascension_level":0}